2718 4556
542 342 602 402 313

54 497 242 582 adsciscitur3
271 499 445 566 nonenim
468 499 640 566 defloratio
666 501 799 584 virginis
819 499 901 566 facit
921 501 1114 585 conjugium,

53 602 99 667 sed
116 602 216 685 pactio
246 599 434 683 conjugalis.
478 600 586 678 Quum
604 599 755 683 jungitur
774 599 899 682 puella,
929 601 1115 684 conjugium

53 707 99 780 est,
115 722 174 766 non
192 721 292 784 quum
312 699 398 763 virili
419 698 620 764 admixtione
640 700 854 783 cognoscitur.
894 700 1116 766 Tertullianus

53 821 115 884 ergo
135 822 203 866 eam
223 821 291 864 non
314 820 384 865 esse
406 805 543 881 nuptam
572 799 607 863 in
627 799 724 882 pleno
747 821 845 864 sensu
873 799 993 864 asserit
1011 799 1116 864 nulla-

52 905 133 964 tenus
158 920 294 982 negans,
324 897 355 963 b.
377 897 545 979 Virginem
574 903 608 963 et
636 919 660 962 s.
687 897 866 980 Josephum
892 919 986 963 veros
1014 897 1115 962 fuisse

52 998 185 1081 conjuges
218 1019 257 1062 ex
285 996 494 1061 matrimonio
525 1001 614 1074 rate,
647 996 705 1061 sed
733 997 883 1079 rejiciens
914 996 1115 1062 solummodo

50 1098 274 1162 matrimonium
303 1103 571 1162 consummatum.
620 1095 931 1178 „Quodammodo
958 1097 1115 1179 nuptam“

50 1197 176 1262 nominat
203 1197 235 1260 b.
258 1195 437 1278 Virginem,
469 1195 546 1278 quia
574 1195 763 1278 opinione
790 1195 958 1260 hominum
986 1196 1117 1279 cognita

51 1303 109 1361 erat
128 1318 147 1360 a
166 1297 245 1374 viro,
268 1316 334 1358 nou
354 1314 390 1358 re
412 1293 492 1376 ipsa.
675 1369 687 1384 Α

99 1395 134 1460 D.
150 1395 300 1460 Hilarii
320 1400 431 1459 textus
451 1393 567 1458 saltem
585 1392 803 1474 perobscurus
822 1399 888 1473 est3
908 1393 1004 1478 juxta
1022 1392 1116 1456 illum

49 1494 273 1559 matrimonium
305 1497 509 1556 contractum
541 1490 606 1556 fuit
634 1498 711 1575 post
739 1492 862 1558 Christi
893 1493 1114 1558 nativitatem:

49 1591 171 1671 ,Maria,
203 1591 281 1674 quia
313 1589 509 1672 desponsata
541 1596 628 1668 erat,
661 1590 695 1654 in
727 1591 896 1674 conjugem
926 1591 1115 1674 recipitur.“

48 1689 99 1754 Per
126 1692 295 1775 conjugem
327 1710 403 1754 vero
434 1689 591 1772 intelligit
626 1711 650 1754 s.
684 1690 809 1755 Doctor
841 1691 936 1773 juxta
966 1691 1115 1773 Vasquez

48 1787 63 1850 l.
89 1811 111 1853 o.
137 1810 325 1873 personam,
358 1809 424 1852 uon
453 1789 558 1853 solum
586 1789 793 1854 matrimonio
823 1789 1025 1872 copulatam,
1058 1789 1116 1853 sed

49 1888 133 1953 etiam
153 1911 172 1954 a
194 1889 263 1953 viro
293 1887 472 1969 cognitam;
506 1888 668 1970 cognitam
688 1909 764 1953 vero
795 1909 866 1954 eam
895 1910 930 1952 re
951 1909 1029 1952 vera
1049 1909 1116 1952 non

47 1984 133 2052 fusse
161 1986 347 2064 contendit,
377 1985 434 2050 sed
456 1984 561 2050 solum
582 1986 616 2050 in
645 1987 796 2068 opinione
824 1987 920 2069 vulgi.
963 1987 1116 2051 Fortasse

48 2083 72 2146 d.
94 2086 236 2152 Hilarius
264 2085 305 2150 iis
333 2085 440 2151 verbis
468 2085 610 2151 intendit
636 2085 788 2165 innuere,
821 2110 845 2152 s.
874 2086 1054 2170 Josephum
1081 2087 1116 2149 in

48 2187 201 2270 conjugem
233 2185 406 2251 retinuisse
440 2185 663 2250 beatissimam
694 2185 876 2269 Virginem,
913 2187 975 2251 etsi
1006 2185 1116 2268 proles

47 2283 80 2348 ab
99 2286 153 2350 illa
173 2286 264 2351 edita
284 2307 350 2350 non
372 2305 412 2349 ex
433 2306 476 2363 se,
496 2284 554 2348 sed
572 2305 613 2349 ex
634 2286 825 2367 operatione
844 2286 985 2368 Spiritus
1009 2284 1115 2350 sancti

47 2383 134 2452 luerit
145 2392 311 2469 concepta,
327 2385 375 2450 ita
391 2392 429 2451 ut
443 2405 559 2449 munus
576 2385 721 2468 conjugis
736 2385 772 2450 in
788 2384 914 2463 alenda,
929 2384 1113 2462 nutrienda,

47 2485 232 2567 protegenda
252 2483 344 2567 prole
366 2483 555 2565 susceperit.

98 2585 145 2665 ,S.
177 2583 321 2667 Gyrilli
349 2582 463 2661 rerba,
496 2582 605 2666 inquit
632 2583 877 2666 Patritiua2)
909 2582 1031 2648 fusiore
1061 2602 1115 2645 ex·

47 2680 222 2760 planatioue
256 2703 321 2746 nou
353 2681 516 2764 indigent,
554 2689 592 2747 ut
624 2691 713 2748 certo
750 2683 995 2760 concludamuS,
1032 2680 1115 2745 illud

47 2777 191 2846 llatthaei
212 2782 347 2846 verbum
369 2787 570 2864 ,copelata
599 2782 746 2865 accepit“
770 2780 890 2864 Cyrillo
917 2781 1021 2845 visum
1043 2801 1114 2844 esse

47 2898 148 2946 sonare
176 2880 210 2946 id
232 2881 321 2964 quod
341 2880 444 2946 nobis.
489 2881 523 2947 Si
551 2881 651 2960 enim,
682 2903 782 2964 quum
811 2901 1026 2964 ,exurgens
1054 2878 1074 2942 J
1081 2899 1114 2942 o-

46 2979 129 3061 seph
154 3001 174 3046 a
200 3001 332 3045 somno
356 3029 362 3043 .
387 3029 393 3043 .
417 3029 424 3044 .
449 3029 456 3043 .
479 2980 639 3062 accepit
660 2981 866 3064 conjugem
895 2999 1010 3057 suam,
1033 2977 1114 3042 haec

48 3077 105 3158 ejus
131 3101 212 3144 uxor
243 3079 309 3143 dici
341 3099 381 3144 ea
411 3079 539 3144 ratione
568 3085 715 3162 poterat,
747 3100 813 3161 qua
841 3078 963 3143 Rachel
989 3077 1113 3155 Jacobi,

46 3177 222 3262 priusquam
249 3179 353 3244 Jacob
375 3178 550 3244 Rachelem
578 3178 758 3261 acciperet,
787 3179 821 3243 id
850 3184 901 3243 est
928 3182 1005 3242 ante
1033 3197 1115 3258 nup-

47 3274 146 3342 tialem
180 3277 416 3357 conditionem,
455 3279 605 3362 sequitur
636 3279 715 3344 tunc
746 3279 885 3343 Mariam
922 3299 942 3342 a
972 3276 1114 3359 Josepho

46 3376 175 3441 nondum
196 3383 366 3460 acceptam
387 3377 488 3442 fuisse
506 3378 645 3443 necdum
665 3378 783 3442 horum
803 3376 935 3458 nuptias
952 3374 1114 3440 habitas.“

46 3472 187 3542 Attamen
216 3483 309 3554 sunt,
339 3477 396 3560 qui
424 3477 576 3555 credaut,
606 3477 782 3541 terminum
810 3474 1059 3558 ,desponsatio“
1081 3473 1115 3537 in

46 3577 128 3640 textu
146 3575 260 3660 Gyrilli
277 3575 402 3657 ,Maria
422 3581 558 3658 propter
578 3576 861 3658 desponsationem
880 3596 964 3639 uxor
980 3572 1115 3656 Josephi

47 3669 123 3738 dicta
149 3674 233 3740 fuid
261 3696 320 3757 pro
353 3674 560 3740 matrimonio
590 3675 682 3739 sumi.
734 3675 787 3739 Sic
819 3696 867 3757 vg.
897 3673 1114 3738 Trombellius

46 3767 62 3832 l.
88 3793 111 3836 o.
139 3773 382 3852 animadvertit,
411 3773 571 3838 Jacobum
599 3794 673 3838 cum
701 3773 843 3838 Rachele
871 3772 1115 3838 matrimonium

104 3988 121 4054 ¹)
137 3987 190 4042 cn.
208 3987 394 4043 Trombcllius
411 3987 429 4043 l.
447 4002 471 4042 c.
488 4005 515 4057 p.
533 3987 569 4056 ll,
587 3988 635 4056 xl,
652 3988 719 4044 diss.
735 3987 783 4044 xl.
815 3989 838 4055 ²)
856 3987 888 4042 L.
906 4004 929 4044 e.
945 4006 973 4044 n.
989 3989 1030 4043 34.
