2726 4560
484 369 604 440 ἰι

51 561 104 622 quo
116 539 203 604 Deus
224 539 385 622 gloriosae
404 538 530 623 Virgini
550 562 704 624 praesens
725 541 900 608 adfuturus
921 553 1015 610 esset
1058 547 1124 612 An·

6 651 8 690 ι
51 639 128 720 gelus
156 639 246 704 enim
267 659 334 702 non
356 639 456 704 dixit:
490 645 673 706 esttecum
701 647 760 706 aut
788 642 851 707 erit
879 650 938 709 aut
957 644 1035 724 fuit,
1065 648 1124 713 sed

6 757 7 800 ι
52 737 444 818 „Dominustecum.“
485 739 570 822 Ergo
592 739 679 803 idem
701 747 758 818 est
781 742 1007 825 acs1j.uxtas
1029 746 1123 812 Doc-

52 843 169 901 torem
199 836 515 920 Seraphioum1)
550 838 702 904 dixisset.
738 839 786 921 „0
815 764 935 920 Malia,
965 842 1123 910 Dominus

52 943 147 1000 tecum
166 935 251 1013 fuit,
285 941 396 999 tecum
417 942 482 1014 est,
517 942 626 1000 tecum
648 937 727 1014 erit,
760 943 934 1020 tecumt
896 963 918 1004 u
920 942 1010 1025 tique
1038 944 1124 1010 sieut

52 1034 186 1100 solcum
209 1034 361 1099 ιιιιοιιιιι
404 1034 448 1099 At
476 1034 557 1100 haec
585 1035 685 1100 verba
712 1057 778 1100 non
805 1038 1065 1126 verificarentur,
1095 1044 1123 1107 si

52 1132 186 1199 diabolus
216 1133 270 1200 vel
300 1154 367 1197 uno
397 1140 561 1199 momento
593 1133 721 1198 illam
712 1157 746 1198 ιιι
778 1158 837 1202 sua
867 1138 1036 1206 habuisset
1065 1163 1124 1225 po·

51 1239 174 1313 testate3
197 1239 279 1298 tunc
297 1231 455 1297 Dominus
475 1253 541 1297 non
563 1254 691 1316 semper
705 1233 822 1300 fuisset
839 1258 913 1302 oum
934 1239 1001 1304 illa.
1033 1241 1123 1305 Deus

51 1352 114 1414 ergo
134 1355 154 1397 a
173 1332 284 1416 prima
304 1331 400 1409 hora,
431 1353 495 1416 qua
515 1331 607 1397 illam
627 1331 766 1412 creavit,
797 1335 828 1399 ei
849 1357 977 1421 semper
1004 1340 1121 1419 astitit,

6 1435 7 1525 ι
51 1429 165 1496 diuinae
195 1451 277 1496 suae
305 1431 432 1513 gratiam
460 1430 687 1514 splendoribus
720 1453 793 1497 eam
820 1433 1033 1502 illuminando
1062 1457 1122 1504 nec

51 1551 192 1614 umquam
214 1528 307 1594 illam
327 1528 516 1594 deserendo.

102 1629 359 1711 „Benedicta
387 1635 432 1694 tu
460 1629 502 1693 in
530 1629 809 1695 mulieribus.“

6 1783 7 1798 ,
102 1728 304 1810 „Benedicta
329 1732 367 1792 tu
394 1729 430 1792 in
456 1727 668 1794 mulieribus“
689 1729 710 1792 i.
733 1750 760 1794 e.
782 1730 856 1812 plus
885 1752 985 1814 quam
1011 1753 1123 1798 omnes

6 1835 7 1912 J
51 1826 199 1892 mulieres.
245 1827 314 1891 Soli
341 1829 405 1911 ipsi
432 1850 572 1912 namque
600 1829 792 1894 admirabile
819 1829 909 1895 istud
936 1852 1123 1897 concessum

6 1921 7 2006 ff
52 1931 94 1989 est
110 1927 325 2009 privilegium.
369 1928 475 2006 Quare
497 1928 673 1993 laetissime
695 1937 768 1994 ea'm
789 1929 913 1994 salutat
934 1929 964 1993 d.
986 1928 1122 1994 Ansel-

52 2045 133 2090 mus¹
176 2025 377 2108 „Benedicta
397 2033 435 2092 tu
456 2027 490 2091 in
511 2026 718 2105 mulieribus,
752 2027 910 2110 inquit,²)
942 2034 979 2093 tu
1001 2049 1036 2092 es
1057 2029 1122 2094 imo

6 2113 7 2180 Ϊ
53 2123 114 2204 plus
133 2124 316 2204 benedicta,
340 2147 438 2210 quam
459 2147 570 2191 omnes
591 2125 752 2205 mulieres,
775 2128 853 2210 quia
874 2125 1034 2210 quidquid
1055 2147 1122 2191 ma·

6 2245 7 2262 ι
52 2222 223 2290 ledictionis
241 2247 301 2309 per
316 2221 417 2289 Evam
434 2224 578 2290 infusum
595 2232 652 2303 est,
671 2230 779 2290 totum
794 2224 980 2291 benedictio
997 2226 1122 2292 Mariae

6 2323 7 2330 ’
53 2322 191 2404 abstulit,
234 2326 368 2409 insuper
408 2325 547 2408 gratiam
582 2324 734 2390 infudit.“
791 2324 956 2390 Mirabilia
993 2347 1121 2409 quoque

53 2421 131 2488 dicta
161 2447 186 2490 s,
218 2423 490 2489 Bernardini:
530 2425 639 2506 „Deus
671 2425 741 2507 ipse
762 2431 931 2503 aeternus,
964 2424 1122 2508 inquit,³)

53 2521 92 2586 sic
122 2523 209 2588 illam
241 2522 451 2589 benedictam
481 2523 621 2588 Matrem
653 2543 746 2587 suam
779 2521 879 2588 talem
910 2522 1057 2588 condidit
1089 2530 1123 2588 et

53 2621 256 2687 sanctificavit
284 2622 501 2705 intempore,
535 2622 665 2705 qualem
694 2642 766 2686 eam
794 2628 941 2687 sanctam
969 2622 1069 2705 elegit
1088 2623 1123 2686 in

54 2740 105 2784 sua
127 2723 335 2799 aeternitate,
366 2726 399 2787 et
427 2722 527 2787 talem
555 2729 624 2787 tam
646 2720 820 2786 nobilitate
840 2727 994 2799 naturae,
1025 2742 1123 2805 quam

53 2819 241 2898 perfectione
262 2822 388 2904 gratiae
409 2821 556 2887 condidit
570 2821 720 2899 Matrem,
741 2820 870 2904 qualem
892 2841 964 2885 eam
985 2820 1123 2886 decebat

54 2915 160 2984 habere
181 2941 275 2985 suam
295 2921 517 3002 majestatem:
550 2921 628 3003 quia
654 2920 690 2984 in
718 2940 758 2984 ea
787 2925 821 2984 et
849 2918 889 2984 de
919 2940 959 2984 ea
978 2917 1124 2983 habebat

54 3036 183 3097 sumere,
208 3019 297 3102 quod
317 3019 351 3084 in
372 3026 542 3085 aeternum
563 3018 626 3084 sibi
647 3024 733 3084 esset
754 3018 881 3082 unitam
902 3018 1030 3082 unitate
1049 3039 1122 3101 per-

55 3119 170 3180 sonae.“
212 3119 316 3196 Quam
338 3118 546 3184 considerans
567 3119 598 3182 b.
619 3117 786 3200 Virginem
811 3116 1047 3207 admirabunda
1069 3137 1123 3182 ex·

55 3212 162 3281 clamat
176 3217 205 3282 d.
218 3218 481 3300 Anselmus:⁴)
504 3218 551 3300 „0
566 3216 740 3282 benedicta
757 3217 845 3282 inter
858 3215 1021 3294 mulieres,
1038 3236 1122 3300 quae

55 3311 181 3395 Angelos
198 3317 299 3382 vincis
318 3317 501 3401 puritate!“
523 3313 613 3382 Haec
627 3316 744 3399 Angeli
762 3315 917 3380 salutatio
936 3314 1005 3379 sine
1023 3314 1123 3380 dubio

55 3409 131 3477 falsa
154 3413 285 3495 fuisset,
317 3417 346 3481 si
373 3415 404 3480 b.
434 3415 533 3499 Virgo
561 3437 627 3480 non
654 3414 824 3480 habuisset
850 3413 1120 3493 benedictionem,
1217 3437 1220 3444 ’

56 3509 107 3574 sed
127 3533 322 3580 communem
343 3536 418 3580 oum
437 3514 573 3598 reliquis
594 3515 785 3580 incurrisset
805 3513 1077 3579 maledictionem.

112 3615 136 3674 3.
165 3613 233 3693 „Et
261 3616 323 3679 ait
345 3614 529 3697 Angelus
558 3615 611 3679 ei:
644 3613 699 3679 Ne
728 3615 877 3679 timeas
899 3612 1039 3690 Maria,
1066 3612 1122 3676 in-

8 3729 9 3734 *
57 3709 201 3775 uenisti
228 3713 335 3778 enim
366 3713 547 3796 gratiam
575 3712 684 3797 apud
713 3713 897 3796 Deuade)
920 3751 959 3758 —
983 3713 1122 3796 gratiam

119 3941 136 4008 ¹)
155 3943 186 3998 ln
206 3944 284 4014 Spec.
302 3945 353 4000 vir.
371 3961 413 4015 cp.
430 3949 455 4001 9.
497 3948 519 4014 ι)
543 3947 585 4001 Da
609 3946 748 4001 excellent
763 3945 795 4001 B.
813 3945 851 4000 M.
869 3945 903 4002 V.
944 3947 966 4013 ³)
989 3945 1066 4000 Tem.
1084 3943 1123 4012 ΙΙ,

9 4049 10 4072 ι
59 4019 136 4078 Seru.
150 4027 178 4080 51
194 4045 216 4084 a
234 4029 257 4094 1,
276 4043 319 4098 cp.
337 4029 359 4084 1.
392 4029 414 4095 ⁴)
430 4028 472 4083 De
489 4029 622 4099 concept.
639 4045 682 4097 cp.
702 4031 740 4085 12.
772 4029 794 4096 ὅ)
811 4028 879 4084 Luc.
897 4029 919 4097 1,
936 4032 977 4085 30.
