2728 4560
561 371 621 431 257

64 531 233 614 conjugale,
276 530 361 595 siout
398 551 463 596 non
501 537 664 614 repugnat
702 531 853 598 voluntas
893 539 1046 605 tradendi
1085 539 1161 607 vel

63 631 230 714 aecipiendi
262 629 440 694 dominium
473 636 507 695 et
538 652 604 694 non
637 631 783 694 utendi.“
834 633 1062 706 Consensus
1094 643 1136 706 in

62 736 292 812 potestatem
313 735 422 793 stare
451 735 590 812 potest
609 717 695 793 ¹cum
716 729 932 799 voluntate
953 758 1031 802 non
1052 761 1135 822 per·

62 829 233 894 veniendi
262 828 310 892 ad
332 827 535 892 effectum.
580 827 633 893 Sic
654 828 760 893 valide
782 839 909 913 vovent,
933 836 990 918 qui
1010 837 1135 904 habent

62 930 249 994 voluntatem
270 933 346 1003 voto
369 949 537 1010 nunquam
558 926 791 992 satisfaciendi.

112 1028 157 1094 Ne
179 1029 285 1092 dicas:
316 1026 351 1091 si
371 1048 509 1108 sponsus
539 1032 574 1090 et
601 1047 720 1108 sponsa
749 1034 861 1093 mutue
890 1040 1007 1098 vovent
1036 1038 1136 1102 easti-

62 1133 152 1192 tatem
189 1133 371 1210 posteaque
410 1125 654 1190 matrimonium
696 1127 910 1208 contrahunt,
952 1136 1031 1198 tu'no
1071 1136 1135 1200 sibi

61 1226 184 1291 invicem
205 1225 350 1308 corporis
378 1225 429 1290 sui
451 1224 631 1290 dominium
659 1225 702 1290 ad
723 1226 874 1309 copulam
899 1251 965 1295 non
986 1234 1132 1316 tradunt,

60 1326 108 1390 sed
141 1324 319 1390 excludunt
354 1325 464 1407 potius
503 1324 737 1408 obligationem
773 1326 933 1392 reddendi
969 1330 1132 1416 debitum3

60 1443 148 1507 quare
169 1424 278 1489 nullus
300 1445 434 1507 prorsus
455 1424 550 1490 adest
572 1445 747 1490 consensus
768 1425 803 1488 in
824 1428 984 1509 copulam.

111 1525 217 1589 Etiam
245 1525 280 1587 in
308 1523 369 1588 tali
398 1545 476 1588 casu
497 1522 675 1606 implicitus
705 1523 857 1588 daturin
884 1529 1036 1610 copulam
1057 1551 1133 1595 oon-

58 1643 167 1688 sensus.
210 1625 371 1706 Sponsum
392 1622 478 1686 enim
499 1621 531 1685 vi
551 1621 647 1705 hujus
669 1628 857 1688 contractus
887 1627 1057 1709 acquirere
1077 1629 1131 1712 jus

58 1725 227 1804 proximum
243 1724 278 1787 in
295 1743 412 1805 corpus
434 1742 580 1803 sponsae,
604 1743 644 1784 ex
667 1741 705 1785 eo
728 1728 866 1801 constat,
886 1724 975 1806 quod
995 1747 1132 1809 sponsus

58 1823 117 1886 sine
147 1844 227 1888 novo
264 1822 299 1885 in
339 1819 489 1904 copulam
518 1841 677 1885 consensu
711 1820 811 1885 etiam
838 1821 954 1888 licite
984 1824 1132 1892 debitum

59 1931 159 2004 petere
180 1922 300 2007 possit,
330 1921 359 1985 si
379 1942 399 1984 a
420 1919 577 1985 Pontifice
606 1941 705 2002 super
732 1926 807 1984 voto
836 1919 1045 2004 dispensante
1072 1925 1131 1989 im-

59 2023 269 2103 pedimentum
305 2041 345 2084 ex
376 2026 471 2102 parte
487 2093 489 2099 Ι
503 2019 614 2101 sponsi
649 2017 807 2082 aufertur.
861 2019 1013 2086 Pontifex
1044 2024 1130 2087 enim

60 2120 236 2205 dispensans
258 2142 323 2184 non
346 2118 496 2184 concedit
514 2119 568 2200 jus
590 2118 740 2200 exigendi
762 2117 918 2198 debitum,
941 2121 999 2184 sed
1020 2121 1130 2188 aufert

59 2220 247 2286 solummodo
287 2217 371 2302 juris
414 2216 666 2300 praeexistentis
697 2209 853 2300 ¹ligamen
896 2240 956 2284 nec
991 2221 1130 2304 imponit

60 2339 181 2400 sponsae
211 2318 459 2402 obligationem,
490 2337 588 2400 qnam
615 2337 681 2380 non
702 2315 847 2382 habebat
867 2318 900 2382 ri
921 2319 1128 2386 matrimonii.

60 2417 170 2500 Sponsa
192 2440 268 2502 ergo
290 2439 355 2482 non
384 2416 483 2481 debet
504 2415 611 2479 denuo
633 2417 817 2480 consentire
838 2417 873 2480 in
896 2418 1061 2500 copulam,
1092 2426 1129 2486 ut
1156 2468 1159 2473 -

58 2539 180 2599 sponsus
214 2519 305 2583 licite
337 2522 452 2581 utatur
485 2535 619 2598 sponsa,
660 2535 762 2597 quare
797 2515 856 2590 illa
895 2515 1128 2599 obligationem

58 2617 201 2682 reddendi
223 2617 371 2681 debitum
391 2615 423 2679 vi
443 2613 562 2697 prioris
586 2633 761 2677 consensus
783 2614 1031 2680 matrimonialis
1053 2639 1128 2682 con-

59 2718 156 2782 traxit.

110 2816 300 2882 Beatissima
320 2813 409 2896 virgo
432 2833 507 2895 ergo
526 2811 713 2876 nullatenus
735 2813 899 2877 consensit
919 2813 953 2877 in
975 2815 1128 2879 commix-

57 2914 167 2980 tionem
193 2913 366 2980 oarnalem.
410 2910 483 2976 Non
512 2910 702 2990 defuerunt,
735 2911 792 2994 qui
819 2909 881 2974 hoo
909 2932 1028 2994 negare
1056 2915 1129 2979 ausi

57 3012 121 3093 sint,
138 3015 224 3080 inter
242 3034 323 3096 quos
341 3010 600 3092 Petrns'Martyr
620 3017 653 3074 et
670 3009 916 3075 Centuriatores
932 3019 1124 3092 asserentes,

58 3110 181 3180 Mariam
205 3115 301 3197 juxta
330 3131 453 3175 morem
481 3110 619 3174 aliarum
651 3109 756 3192 gentis
793 3108 939 3192 ejusdem
966 3110 1126 3194 virginum

57 3213 189 3294 nupsisse
212 3219 246 3276 et
265 3210 300 3274 in
322 3230 529 3293 congressum
548 3209 609 3273 viri
631 3208 839 3274 consensisse.
878 3209 1126 3292 ,Evangelistae

58 3317 133 3375 certo
154 3311 332 3390 affirmant,
361 3309 515 3392 inquiunt
537 3308 796 3387 Centuriatores,
825 3307 964 3372 Mariam
984 3309 1125 3392 Josepho

57 3405 86 3469 in
113 3411 278 3494 conjugem
305 3408 406 3474 fuisse
436 3409 680 3490 desponsatam
713 3406 799 3471 unde
831 3406 955 3491 liquido
986 3415 1123 3487 constat,

58 3505 98 3570 ita
132 3517 304 3592 utrumque
333 3508 457 3590 loseph
496 3514 529 3572 et
561 3507 700 3571 Mariam
738 3505 838 3572 fuisse
877 3503 1046 3586 affectum,
1087 3513 1125 3572 ut
1206 3563 1209 3570 ,

56 3613 169 3675 statuto
190 3616 337 3692 tempore
359 3628 448 3672 more
470 3606 609 3672 aliorum
630 3605 803 3689 conjugum
823 3603 1125 3670 voluerint‘liberos

58 3704 145 3772 dante
163 3709 230 3773 Deo
252 3728 433 3791 procreare.
474 3705 628 3787 Alioquin
651 3710 684 3768 et
707 3703 924 3787 evangelistae
946 3704 1125 3769 certissime

57 3824 154 3870 rernm
174 3807 291 3872 talium
312 3812 414 3871 testes
444 3805 541 3870 aliter
560 3803 701 3868 fuissent
721 3801 854 3867 locuti.“
896 3802 941 3868 Et
962 3801 1123 3885 quomodo

57 3899 200 3971 haeretici
232 3907 329 3989 hujus
364 3905 479 3988 placiti
513 3901 736 3968 nefandissimi
770 3921 830 3964 nec
865 3920 931 3963 non
964 3899 1125 3964 Salvatori

57 4009 155 4070 nostro
177 4013 210 4071 et
230 4005 453 4071 sanctissimae
475 4002 574 4067 matri
596 4022 674 4066 suae
692 3999 931 4084 injuriosissimi
951 3999 1124 4065 veritatem

329 4118 331 4124 ’
923 4099 955 4152 17
