2718 4556
743 356 804 419 290

232 519 380 586 referunt
411 541 451 584 ex
479 518 596 583 Evodii
633 517 786 601 epistola,
827 537 911 600 quae
946 524 1063 583 vocata
1099 526 1149 585 est
1178 520 1291 596 Lumen,

232 619 484 703 Nicephorus‚1)
516 639 540 682 s.
570 618 747 701 Gregorius
775 617 955 700 Nyssenus,
989 639 1013 681 s.
1042 617 1292 702 Hieronymus,²)

234 743 258 784 s.
281 719 519 796 Beneventum,
530 718 556 799 ³)
586 717 750 798 Suaren.⁴)
793 716 855 780 Pro
876 715 938 780 hac
966 737 1127 782 annorum
1148 724 1293 801 compute·

233 819 323 884 tione
345 818 466 882 citatur
487 815 587 880 etiam
607 815 843 898 Eusebium)
865 815 1040 880 disserens:
1064 816 1141 898 ,Pie
1162 817 1294 894 creditur,

113 943 118 953 ·
233 919 390 1002 virginem
417 936 520 981 annos
555 914 672 978 vixisse
709 913 878 996 sexaginta
914 919 992 978 tres.
1044 914 1151 992 Quare
1185 935 1295 992 corona,

235 1019 348 1101 (quam
369 1015 517 1097 vocant),
548 1013 582 1077 in
604 1013 673 1096 ejus
694 1011 825 1077 laudem
844 1019 898 1077 ter
919 1020 954 1078 et
975 1014 1121 1096 sexagies
1149 1015 1241 1080 dueta
1258 1021 1296 1078 at

235 1137 297 1204 que
332 1114 488 1192 recitata,
524 1111 680 1195 Angelica
719 1110 916 1177 salutatione
946 1111 1120 1178 clauditur.
1164 1114 1296 1179 Creditur

189 1279 191 1286 ,
236 1214 329 1294 enim,
350 1213 479 1280 Christo
498 1212 592 1277 annis
610 1210 797 1294 quindecim
813 1217 952 1276 matrem
969 1211 1071 1278 fuisse
1092 1214 1295 1298 superstitem:

236 1313 353 1396 quibus
385 1333 460 1377 cum
491 1310 614 1376 Christi
645 1316 754 1375 aetate
786 1311 1028 1376 connumeratis
1059 1318 1180 1391 restat,
1214 1312 1297 1376 fnisse

234 1411 379 1494 puellam
410 1431 569 1475 annorum
601 1408 864 1493 quatuordeeim,
901 1409 953 1474 vel
982 1410 1081 1493 paulo
1113 1412 1246 1496 amplius
1271 1411 1297 1474 in

236 1508 455 1593 Conceptione
477 1508 630 1574 christis

296 1609 341 1674 At
368 1607 484 1673 Evodii
512 1606 650 1691 epistola
678 1627 785 1671 nonne
814 1607 926 1690 spuria
953 1607 1140 1692 fabulisque
1167 1608 1297 1694 repleta?

236 1707 403 1786 Quomodo
434 1728 509 1790 ergo
539 1707 626 1772 tanti
655 1727 727 1770 eam
754 1705 864 1771 facere
893 1706 1014 1790 illaque
1042 1707 1127 1773 hanc
1155 1711 1216 1774 niti
1241 1730 1297 1773 sen·

235 1807 394 1873 tentiam?
417 1807 568 1885 Quamvis
589 1827 641 1870 res
660 1806 816 1889 quasdem
836 1805 1002 1871 contineat
1019 1809 1226 1891 apocryphas,
1240 1807 1296 1873 nul·

233 1907 362 1971 latemus
383 1905 460 1969 inde
483 1905 641 1987 sequitur,
664 1903 751 1987 quod
772 1904 902 1970 omnino
924 1905 968 1969 sit
982 1905 1159 1988 rejicienda
1180 1913 1297 1988 totaque

234 2003 315 2070 fides
336 1997 386 2068 illi
414 2003 611 2086 deneganda.
654 2003 797 2067 Evodius
827 2003 1015 2068 immediate
1046 2006 1203 2070 successit
1227 2005 1297 2088 Apo·

235 2103 328 2170 stolis
349 2103 487 2186 ideoque
508 2124 568 2185 per
588 2101 800 2167 traditionem
829 2103 951 2185 optime
973 2102 1056 2167 seire
1078 2103 1202 2184 potuit,
1230 2122 1297 2186 qnae

235 2203 278 2267 ad
298 2202 329 2267 b.
351 2202 494 2284 Virginis
515 2201 813 2285 praesentationem
840 2207 874 2265 et
896 2201 1178 2284 desponsationem
1198 2202 1298 2266 attine-

234 2301 325 2366 bant.
368 2301 440 2365 Huo
461 2301 603 2380 accedit,
637 2300 724 2383 quod
754 2301 823 2382 ejus
853 2300 993 2384 epistola
1021 2301 1061 2365 ab
1089 2299 1298 2367 eruditissimis

236 2405 270 2464 et
290 2399 540 2481 sapientissimis
562 2399 684 2464 citetur
703 2398 862 2482 patribus.

298 2498 428 2563 Dicitur
465 2519 561 2581 porro
605 2505 719 2563 contra
759 2497 843 2562 hano
884 2497 1096 2577 sententiam,
1136 2498 1298 2563 Rebeccam

234 2596 347 2661 Isaaeo
360 2599 386 2679 6)
422 2597 600 2662 nubentem
638 2603 672 2660 et
702 2596 824 2679 Abisag
857 2595 1093 2662 sunamitidem
1131 2597 1174 2661 ad
1207 2614 1298 2678 regem

236 2695 341 2761 David
369 2695 543 2774 adductam
552 2696 577 2777 7)
605 2695 719 2778 viginti
740 2696 871 2760 circiter
898 2695 999 2760 fuisse
1023 2716 1190 2760 annorum.
1230 2694 1298 2758 item

235 2794 325 2859 Ruth
345 2794 499 2860 Moabitis
526 2816 546 2860 a
566 2795 652 2860 Boon
675 2795 825 2877 ,puella“
846 2802 963 2861 uocata
990 2800 1062 2860 erat
1089 2816 1243 2860 annorum
1265 2790 1299 2856 ad

235 2893 404 2958 minimum
424 2893 540 2976 uiginti
561 2895 714 2977 quinque.
749 2895 834 2978 Ergo
855 2895 903 2959 nil
923 2899 1014 2960 vetat
1034 2913 1191 2973 asserere,
1214 2915 1236 2958 s.
1249 2891 1299 2954 vir·

235 2993 357 3076 ginem,
388 2993 466 3057 dum
486 3014 511 3058 s.
533 2992 673 3075 Josepho
695 2993 850 3073 nuberet,
873 3015 975 3058 annos
996 2993 1116 3057 aetatis
1139 3013 1214 3058 suae
1234 3010 1299 3074 qua·

235 3089 418 3156 tuordecim
439 3091 622 3156 excessisse.

297 3189 348 3254 Ad
375 3189 459 3254 hano
488 3189 711 3254 difficultatem
740 3189 804 3255 sibi
831 3189 1033 3272 propositam
1065 3185 1297 3272 Sedlmayr⁸)

236 3289 285 3354 ita
306 3288 497 3372 respondet:
530 3289 613 3372 ,Per
646 3310 680 3354 se
701 3289 863 3372 loquendo
895 3289 977 3354 nihil
1005 3289 1112 3369 obest,
1146 3288 1299 3375 quominus

235 3385 347 3471 puella
380 3387 501 3454 nubilis
533 3409 599 3453 non
630 3387 742 3452 statim
774 3409 858 3453 anno
873 3429 874 3432 =
891 3387 1016 3455 decimo
1049 3395 1168 3473 quarto
1198 3383 1300 3471 nuptui

235 3487 397 3566 tradatur,
420 3487 497 3570 quia
518 3488 608 3552 uaria
630 3486 799 3553 obstacula
821 3509 891 3552 esse
909 3494 1054 3571 possunt,
1077 3509 1162 3571 quae
1182 3483 1298 3570 impedi·

234 3591 311 3664 unt,
345 3587 515 3669 quominus
544 3607 649 3652 annus
682 3587 825 3652 decimus
857 3594 993 3671 quartus
1022 3587 1224 3665 observetur,
1253 3580 1298 3649 sed

303 3837 322 3900 ¹)
339 3832 441 3888 Hister.
455 3833 503 3888 lib.
516 3833 553 3898 Π,
568 3849 611 3902 cp.
624 3837 648 3890 3.
680 3834 702 3903 ²)
720 3835 752 3888 In
769 3833 833 3890 hist.
850 3834 885 3888 de
903 3839 966 3889 ortu
983 3834 1098 3891 Mariae.
1132 3835 1153 3903 8)
1170 3835 1201 3888 In
1217 3830 1297 3888 Medit

235 3928 278 3981 op.
292 3917 316 3970 3.
349 3915 372 3982 ⁴)
390 3916 467 3970 Tem.
486 3915 521 3983 11,
539 3915 569 3970 in
587 3916 636 3984 111,
651 3934 677 3985 p.
695 3935 720 3986 q.
736 3917 836 3983 XXIX,
854 3933 878 3972 a.
894 3918 915 3972 l.
949 3918 972 3985 ⁶)
988 3916 1022 3970 In
1039 3915 1177 3972 Chronico
1194 3921 1254 3972 tom.
1268 3909 1296 3965 ΙΙ.

234 3996 256 4063 ⁶)
274 3997 342 4052 Gen.
360 3997 462 4054 XXIV.
497 3999 516 4065 ⁷)
534 3999 558 4064 8,
577 3999 645 4068 Reg.
663 3999 684 4054 1.
718 4001 740 4066 ⁸)
761 3999 792 4054 L.
811 4014 834 4054 c.
852 4018 878 4054 n.
897 4000 922 4054 8.
