2772 4550
574 330 633 390 557

18 555 19 558 Ἴ
59 485 147 551 dicat
167 507 271 552 canon
294 490 332 551 52
360 487 535 553 concilii
561 487 760 568 Trullani,
789 491 878 574 quod
905 502 1005 576 vetat,
1036 521 1078 564 ne
1107 501 1141 564 in

23 599 25 658 ξ
58 606 95 651 00
130 585 230 653 missa
260 584 622 653 Praesanctificatorum
658 588 857 654 celebretur:
897 593 954 675 „In
990 599 1140 666 omnibus
1217 620 1220 630 ·

58 692 191 751 sauctae
212 685 485 768 Quadragesimae
510 686 627 769 jejunii
649 686 777 766 diebus,
805 697 1038 777 praeterquam
1060 698 1139 764 Sab-

16 839 18 844 ,
56 782 134 849 bato
174 791 208 850 et
240 783 410 849 Dominioa
445 790 479 849 et
517 791 630 851 sancto
662 784 931 856 Annuntiationis
971 792 1040 872 die,
1078 794 1139 862 fiat

19 939 20 944 ,
56 904 185 948 sacrum
201 881 564 949 Praesanotifioatorum
584 883 832 950 ministerium.“
870 889 985 970 „Hunc
1005 914 1137 975 morem,

19 1022 21 1026 -
56 989 92 1047 ut
123 989 201 1067 post
234 982 333 1048 verba
363 983 504 1049 recitata
535 983 669 1066 subjicit
700 984 820 1065 Bona,
833 987 857 1068 ¹)
893 986 999 1056 adhuc
1031 1001 1139 1060 servat

15 1157 17 1161 ,
55 1081 226 1147 orientalis
246 1081 408 1161 Ecclesia3
440 1083 651 1148 occidentalis
680 1090 791 1150 autem
820 1107 857 1151 eo
885 1110 1052 1174 nunquam
1073 1095 1139 1159 uti-

55 1187 109 1246 tur
130 1188 191 1246 aut
211 1203 272 1248 usa
294 1187 352 1261 est,
374 1182 438 1247 uisi
459 1180 543 1246 feria
563 1189 656 1248 sexta
676 1184 808 1267 majoris
829 1185 1073 1256 hebdomadis.“

17 1300 19 1360 j
113 1281 166 1345 Ex
193 1281 290 1347 dictis
312 1288 419 1364 patet,
449 1281 606 1365 quidnam
626 1282 813 1349 habendum
840 1286 883 1352 sit
905 1287 945 1353 de
974 1292 1139 1357 sententia

13 1458 14 1462 Ἰ
53 1378 305 1446 Thomassini
331 1380 479 1459 dicentis,
488 1381 514 1463 ²)
542 1381 671 1446 nullum
692 1382 732 1448 de
753 1383 815 1449 hoc
836 1383 922 1452 festo
943 1378 1138 1455 haberi'do-

54 1483 243 1544 cementum
282 1483 360 1544 ante
402 1479 585 1544 Concilium
622 1480 823 1547 Trullauum.
884 1485 1138 1572 „Praeterquam

54 1579 144 1662 quod
162 1577 320 1642 Trullana
338 1577 485 1660 Synodus
505 1600 571 1644 non
592 1579 632 1645 de
650 1580 853 1647 Festivitatis
873 1584 1137 1664 institutione

12 1739 14 1746 1
52 1678 213 1761 loquitur,
247 1678 417 1759 respondit
436 1677 486 1743 illi
506 1679 777 1745 ‘Benedictus
806 1682 954 1767 111113)
986 1686 1138 1752 sedeam

12 1799 16 1859 j·
52 1777 158 1842 multo
187 1782 286 1842 antea
312 1775 501 1842 institutam
528 1777 637 1861 vigere
672 1780 867 1861 praesumit,
906 1803 930 1847 s.
961 1784 1137 1868 Gregorius

52 1875 332 1958 Thaumaturgus,
368 1879 385 1940 3
415 1875 539 1940 saeculi
570 1875 725 1959 scriptor,
765 1878 801 1943 in
831 1879 965 1946 homilia
993 1882 1055 1948 hoc
1084 1885 1136 1949 die

12 1975 13 1978 ’
52 1977 168 2042 habita
189 1976 238 2041 ita
258 1975 323 2040 ait:
357 1975 483 2057 „Hodie
505 1975 654 2055 Gabriel,
684 1977 741 2059 qui
762 1977 832 2043 Deo
854 1979 995 2059 assistit,
1019 1981 1062 2046 ad
1083 2004 1137 2047 ca-

52 2075 230 2142 stissimam
250 2074 418 2158 Virginem
441 2075 582 2153 veniens,
605 2073 689 2139 illud
710 2075 807 2157 „Ave
836 2079 970 2160 gratia
997 2079 1136 2163 plena“

52 2175 116 2258 ipsi
138 2172 344 2239 annuntiat.“

113 2271 318 2355 Objicitur
349 2271 524 2338 traditioni
554 2272 630 2337 huic
661 2278 762 2355 caput
792 2273 935 2355 primum
963 2274 1137 2342 Concilii

51 2371 238 2438 Toletani
263 2371 303 2435 X.
331 2393 416 2437 anno
439 2372 686 2451 coucelebrat,
709 2393 774 2456 quo
797 2371 992 2452 decernitur,
1014 2373 1137 2440 festum

51 2469 320 2535 Annuntiationis
341 2469 409 2534 XV.
437 2469 509 2534 Kal.
535 2470 608 2535 Jan.
637 2469 780 2554 ideoque.
805 2476 880 2536 octo
908 2477 985 2536 ante
1014 2470 1138 2538 Christi

51 2568 270 2635 Nativitatem
292 2568 408 2633 diebus
429 2568 662 2634 celebrandum
683 2590 763 2634 esse.

113 2667 223 2750 Caput
253 2667 316 2732 hoc
351 2667 525 2733 traditioni
559 2668 749 2736 nullatenus
781 2675 957 2753 repugnat;
997 2678 1136 2753 apparet

51 2767 140 2832 enim
160 2787 200 2831 ex
221 2766 324 2850 ipsius
344 2767 482 2832 concilii
501 2767 618 2848 verbis,
637 2768 720 2834 illud
739 2769 908 2834 decretum
927 2767 1002 2833 ideo
1022 2768 1136 2834 datum

50 2887 137 2946 esse,
160 2866 248 2950 quod
270 2866 339 2932 dies
361 2870 411 2931 25.
432 2866 561 2946 Martii,
592 2889 693 2950 quum
713 2866 765 2932 vel
785 2867 820 2931 in
845 2865 1136 2950 quadragesimalis

47 2962 167 3050 jejunii
193 2971 323 3049 tempus
351 2964 403 3029 vel
430 2965 464 3030 in
491 2966 649 3049 majorem
677 2965 915 3031 hebdomadem
931 2965 994 3033 ‚vel
1021 2966 1057 3030 iu
1079 2987 1136 3049 pa·

51 3064 196 3130 schalom
215 3062 456 3131 solemnitatem
477 3065 670 3149 plerumque
697 3065 836 3143 incidat,
864 3086 930 3130 nou
951 3064 1064 3130 debita
1086 3087 1137 3132 so·

49 3163 221 3230 lemnitate
242 3164 296 3247 agi
316 3163 471 3247 potuerit.

110 3261 181 3328 Nec
208 3262 327 3327 mirum
354 3262 517 3346 profecto,
551 3262 639 3347 quod
662 3263 758 3346 juxta
794 3281 836 3326 ss.
864 3261 980 3327 Patres
1001 3262 1136 3327 Annun-

50 3361 199 3428 tiationis
227 3362 349 3428 testum
376 3383 416 3427 ex
445 3361 636 3446 Apostolica
670 3360 848 3427 traditione
883 3381 976 3426 suam
1004 3360 1136 3427 duxerit

50 3461 218 3544 originem.
261 3461 323 3525 Est
343 3461 429 3526 enim
457 3462 561 3527 totius
590 3461 751 3526 humanae
778 3459 1014 3542 redemptionis
1042 3480 1136 3524 exor-

49 3561 149 3639 dium,
165 3559 329 3626 festivitas
343 3561 466 3627 (lhristi
478 3561 717 3626 Incaruationis
731 3582 770 3625 ac
784 3557 976 3624 Natiuitatis
989 3557 1025 3621 in
1038 3563 1134 3623 utero

49 3659 259 3725 beatissimae
280 3659 432 3743 Virginis.
473 3660 549 3726 lam
574 3682 650 3725 vero
679 3660 708 3724 si
733 3660 922 3725 incarnatus
950 3678 1016 3722 nou
1038 3663 1134 3737 esset,

116 3889 344 3960 1)1)01·,1111111·ς.
365 3890 418 3950 lib„
431 3889 454 3954 1,
477 3892 572 3960 cp.15
592 3889 616 3958 ἓ.
634 3892 658 3944 5.
700 3890 721 3957 ²)
738 3889 779 3943 De
799 3890 905 3944 Festos.
930 3889 1063 3944 celebret
1084 3889 1135 3946 lib.

47 3976 125 4044 lep.
142 3977 219 4030 1211.
236 3976 261 4031 t.
294 3972 316 4039 3)
331 3972 373 4026 De
390 3971 469 4029 festis
486 3973 518 4029 B.
536 3973 641 4028 Mariae
658 3972 785 4041 Virginis
803 3988 847 4040 op.
864 3974 880 4026 3
896 3989 924 4027 n.
942 3973 981 4026 18.
