2728 4554
665 315 836 422 7444

265 524 329 590 414.
374 521 488 606 ,Quod
510 520 598 585 Deus
626 527 759 604 generet
780 521 893 599 Deum,
922 521 978 598 ait,
989 521 1013 602 ¹)
1041 519 1133 585 nulla
1157 519 1328 603 requireba-

265 629 322 688 tur
353 621 538 705 dispositi03
570 640 671 702 quum
703 620 733 685 ei
765 641 805 685 ex
835 626 954 684 natura
985 619 1190 696 conveniret,
1222 624 1259 682 ut
1282 637 1329 699 per

265 722 351 787 viam
378 727 514 785 naturae
542 718 729 784 intellectus
757 718 954 803 produceret
978 717 1124 783 Verbum
1150 739 1211 800 per
1238 717 1330 782 omnia

264 820 328 886 sibi
359 817 505 904 aequale.
559 818 623 883 Sed
655 818 742 902 quod
773 817 894 883 femina
926 817 1113 899 conciperet
1147 823 1181 882 et
1214 819 1330 898 pareret

190 971 193 978 .
266 918 387 997 Deum,
421 923 471 982 est
502 922 536 980 et
562 915 628 980 fuit
655 917 855 981 miraculum.
906 916 1060 999 Oportuit
1092 915 1196 992 enirn,
1234 919 1271 978 ut
1293 914 1330 976 sic

266 1017 387 1095 dicam,
424 1015 578 1080 feminam
610 1014 728 1079 elevari
759 1014 801 1079 ad
833 1014 996 1097 quandam
1027 1013 1265 1096 aequalitatem
1292 1010 1330 1074 di·

263 1116 387 1194 vinam‚
420 1136 479 1198 per
508 1113 675 1197 quandam·
699 1114 793 1197 quasi
820 1113 1017 1178 infinitatem
1044 1111 1281 1195 perfectionum
1304 1115 1330 1174 et

255 1215 453 1298 gratiarum,
471 1235 568 1297 quam
589 1213 822 1296 aequalitatem
850 1218 1001 1277 creatura
1020 1227 1190 1294 nunquam
1213 1217 1331 1294 experta

266 1319 325 1377 est.
365 1313 467 1390 Unde,
486 1318 524 1376 ut
544 1311 650 1389 cred0,
670 1311 713 1375 ad
732 1309 824 1375 illam
845 1311 997 1394 abyssum
1016 1311 1328 1395 imperscrutabilem,

264 1411 408 1475 omnium
439 1410 670 1475 charismatum
703 1409 842 1491 Spiritus
875 1410 995 1487 sancti,
1029 1430 1114 1492 quae
1146 1411 1183 1473 in
1214 1411 1245 1473 b.
1272 1407 1330 1472 Vir·

264 1508 372 1591 ginem
408 1508 643 1573 descenderunt
679 1508 714 1571 in
749 1507 829 1571 hora
860 1507 987 1572 divinae
1023 1509 1263 1591 conceptionis,
1294 1508 1329 1570 in-

263 1606 414 1671 tellectus
441 1607 601 1671 humanus
630 1604 680 1670 vel
708 1604 872 1688 angelicus
900 1627 1067 1689 nunquam
1093 1613 1255 1689 poterunt
1272 1626 1344 1689 per.

263 1705 420 1788 tingere.“

327 1803 503 1886 Dignitatis
531 1803 627 1884 hujus
656 1803 749 1885 quasi
776 1802 924 1868 infinitae
952 1803 1114 1868 rationem
1143 1805 1255 1870 reddit
1273 1823 1330 1868 ven.

265 1902 449 1967 Canisius
469 1902 518 1966 ita
538 1901 729 1984 scribenszr)
757 1903 813 1985 ,si
834 1903 928 1980 enim,
952 1924 1016 1986 quo
1038 1903 1139 1969 altior
1161 1913 1214 1970 est
1235 1905 1330 1978 Filius,

263 2021 302 2064 eo
324 2000 452 2083 dignior
471 2006 577 2065 mater
597 2000 756 2064 censenda
784 2008 849 2079 est,
877 2003 951 2084 quis
975 2002 1048 2084 jure
1072 2003 1235 2086 ambigat,
1265 2003 1329 2087 quin

262 2097 337 2162 Filii
357 2098 475 2164 infiniti
496 2098 677 2163 authoritas
706 2121 744 2164 44
766 2100 906 2183 dignitas
935 2101 978 2166 ad
999 2108 1140 2166 matrem
1167 2105 1272 2187 ipsam
1290 2123 1329 2165 re

264 2196 402 2276 dundet,
432 2219 470 2262 ac
490 2198 646 2262 honorem
672 2198 864 2262 immensum
891 2199 939 2263 illi
968 2201 1136 2279 conciliet,
1167 2223 1254 2286 quac
1274 2201 1331 2266 sola

263 2316 337 2360 cum
357 2295 454 2360 Patre
475 2295 557 2360 Filio
586 2304 718 2363 aeterno
748 2298 855 2362 dicere
876 2305 1002 2381 potest:
1036 2301 1160 2382 „Filius
1190 2322 1330 2368 meuses

263 2399 310 2473 tu,
340 2415 398 2477 ego
420 2395 517 2477 genui
545 2397 655 2479 te?“³)
687 2397 816 2487 Indieat
845 2405 879 2463 et
907 2399 1166 2483 Richelius‚4)
1196 2402 1330 2476 Mariam,

263 2513 302 2556 44
329 2493 416 2576 quod
436 2492 505 2558 veri
532 2495 827 2580 omnipotentisque
850 2497 912 2562 Dei
932 2498 1040 2564 Mater
1066 2521 1144 2565 vera
1172 2500 1263 2566 facta
1287 2502 1329 2575 sit

261 2595 390 2654 tantam
410 2591 537 2673 gratiae
558 2592 794 2676 plenitudinem
815 2597 998 2676 continere,
1028 2605 1188 2682 quantam
1209 2623 1251 2666 ne
1272 2601 1330 2682 ipsa

262 2688 394 2770 quidem
406 2689 513 2772 Virgo,
532 2691 595 2755 nisi
614 2692 674 2756 Dei
694 2694 934 2777 contempletur
952 2698 1138 2777 essentiam,
1157 2701 1329 2782 perspicere

261 2786 374 2867 possit.
427 2787 564 2852 Richelii
598 2787 768 2856 familiaris
803 2790 978 2858 cardinalis
1015 2794 1248 2881 Cusanus,4)
1285 2796 1328 2880 qui

262 2884 390 2949 saeculo
410 2907 467 2950 suo
486 2885 572 2950 inter
590 2885 794 2953 doctissimos
811 2887 932 2970 floruit,
951 2893 1118 2975 sapienter
1136 2899 1284 2977 4444415)
1303 2896 1328 2958 ir

262 3002 316 3060 eo,
350 2981 437 3064 quod
464 2982 604 3048 Matrem
632 2985 694 3050 Dei
725 2988 914 3068 asserimus,
948 3011 1076 3056 omnem
1101 2993 1179 3059 ‘fere
1212 2996 1327 3060 lauden

261 3080 420 3144 contineri
441 3087 540 3164 atque
569 3085 717 3166 superari
738 3107 776 3150 ac
796 3087 918 3152 idcirco
942 3090 1091 3172 vulgares
1119 3093 1196 3158 illos
1217 3093 1326 3161 titulos

260 3175 379 3258 quibus
409 3179 515 3244 Maria
547 3181 691 3265 ,Regina
723 3185 902 3264 coelorum,
939 3194 1045 3252 mater
1076 3190 1275 3272 Angelorum
1302 3197 1328 3252 41

260 3273 427 3340 hominum
457 3277 646 3363 jubilusque
666 3282 919 3365 prophetarum“
953 3287 1156 3369 appellatur,
1187 3291 1231 3355 ad
1251 3289 1326 3354 illan

258 3371 331 3454 jure
362 3374 486 3438 referri.
536 3377 622 3454 Quid
648 3379 783 3446 multis?
817 3383 907 3448 Inter
938 3386 1047 3451 omnia
1074 3389 1224 3469 nomina,
1257 3407 1326 3473 quae

260 3473 514 3554 purae-quidem
535 3483 703 3542 creaturae
724 3487 922 3563 competunt,
951 3484 1078 3548 nullum
1104 3507 1143 3550 eo
1164 3489 1268 3571 majus
1287 3493 1326 3551 41-

260 3587 325 3648 que
347 3570 566 3652 excellentius,
587 3582 818 3660 praeterquam
840 3579 901 3644 Dei
922 3580 1064 3646 Matrem
1085 3588 1275 3669 nuncupari.

261 3723 455 3738 *—

327 3809 347 3874 ¹)
364 3811 445 3866 Cone.
462 3815 492 3868 61
510 3831 534 3868 a.
550 3819 563 3868 l
582 3833 625 3886 cp.
644 3821 682 3874 12.
714 3823 736 3888 ²)
755 3821 795 3876 De
812 3823 920 3893 Virgin.
936 3826 985 3882 lib.
1004 3827 1055 3895 111,
1073 3846 1116 3899 cp.
1133 3833 1170 3886 13.
1205 3834 1227 3896 ³)
1243 3832 1283 3885 Pr.
1298 3827 1326 3887 ll.

260 3890 284 3942 7.
325 3890 346 3955 ⁴)
362 3891 403 3945 De
420 3897 567 3960 praeconio
589 3904 618 3954 et
635 3899 772 3968 dignitate
789 3904 915 3974 Virginis
937 3909 987 3963 lib.
1008 3909 1044 3975 ll,
1062 3927 1106 3980 cp.
1124 3913 1148 3967 8.
1186 3915 1209 3980 ο)
1228 3913 1259 3966 ln
1279 3912 1327 3966 dia·

260 3969 325 4036 logo
342 3971 376 4025 de
394 3975 515 4032 Acuunt.
532 3979 639 4048 Virgin.
