2808 4556
743 291 803 352 632

230 451 282 516 vel
313 451 377 539 ipsi
405 451 630 534 Imperatores
659 456 692 514 et
721 451 825 542 Reges
854 450 896 516 ab
928 449 990 516 hac
1018 453 1210 534 Apostolioa
1241 453 1321 518 sede

231 550 325 614 enixe
354 548 587 633 efflagitarunt,
617 555 656 614 ut
683 549 898 615 Immaculata
927 551 1151 617 sanctissimae
1173 552 1237 616 Dei
1258 553 1322 618 Ge·

229 649 358 713 nitricis
387 648 565 731 Conceptio
597 648 701 712 veluti
733 647 915 712 catholicae
946 647 1025 713 fidei
1056 649 1174 733 dogma
1206 649 1322 715 defini-

231 754 333 813 retur.
392 747 482 825 Quae
517 747 757 831 postulationes
793 746 854 812 hac
888 752 1004 838 nostra
1042 770 1173 832 quoque
1209 756 1322 814 aetate

232 847 373 912 iteratae
412 846 562 927 fuerunt,
609 869 647 912 ac
686 847 893 930 potissimum
933 846 1039 914 felicis
1081 846 1322 913 recordationis

233 943 391 1028 Gregorio
413 945 497 1011 XVI.
528 945 775 1011 Praedecessori
796 946 934 1024 Nostro,
965 968 1003 1010 ac
1024 946 1126 1012 Nobis
1155 948 1237 1030 ipsis
1267 947 1323 1012 ob-

226 1043 320 1109 latae
342 1051 419 1109 sunt
440 1050 512 1108 tum
533 1045 575 1109 ab
596 1045 782 1127 Episcopis,
805 1050 877 1109 tum
898 1066 918 1108 a
940 1044 1035 1109 Glero
1057 1045 1228 1123 saeculari,
1251 1052 1324 1110 tum

234 1163 253 1206 a
282 1142 443 1224 religiosis
474 1141 607 1208 familiis
640 1166 678 1208 ac
710 1145 843 1209 summis
871 1144 1074 1227 principibus
1108 1151 1142 1211 et
1168 1143 1324 1213 fidelibus

233 1241 372 1324 populis.

297 1339 363 1404 Nos
384 1340 497 1422 itaque
521 1338 678 1422 singulari
707 1340 807 1404 animi
828 1339 942 1405 Nostri
970 1340 1089 1423 gaudio
1110 1341 1192 1404 haec
1214 1340 1325 1404 omnia

235 1438 336 1520 probe
365 1446 537 1503 noscentes
569 1460 608 1503 ac
640 1439 724 1502 serio
758 1438 1016 1517 considerantes,
1050 1439 1103 1503 vix
1135 1438 1214 1502 dum
1247 1438 1326 1501 licet

235 1537 390 1601 immeriti
422 1558 541 1601 arcano
576 1537 704 1602 divinae
736 1537 963 1602 Providentiae
996 1537 1132 1603 consilio
1165 1537 1209 1602 ad
1240 1537 1325 1600 hanc

236 1637 408 1700 sublimem
429 1637 520 1701 Petri
541 1637 731 1702 cathedram
760 1639 864 1703 evecti
886 1638 989 1702 totius
1010 1636 1178 1702 Ecclesiae
1207 1636 1326 1718 guber-

236 1735 353 1799 nacula
381 1736 556 1800 tractanda
584 1735 801 1819 suscepimus,
835 1736 918 1800 nihil
946 1743 1036 1828 certe
1068 1735 1239 1819 antiquius
1267 1734 1326 1799 ha-

236 1834 382 1912 buimuS,
416 1856 514 1918 quam
545 1857 605 1916 pro
638 1857 764 1900 summa
792 1835 920 1909 Nostra,
944 1834 996 1899 vel
1025 1856 1046 1899 a
1077 1834 1200 1898 teneris
1232 1834 1327 1898 annis

126 1990 129 1996 .
238 1954 315 2015 erga
344 1933 583 1998 sanctissimam
605 1934 667 1998 Dei
696 1935 895 1999 Genitricem
916 1934 1083 2016 Virginem
1103 1933 1245 1998 Mariam
1274 1953 1327 1996 ve-

238 2032 417 2111 neratione,
449 2033 576 2115 pietate
610 2039 644 2098 et
676 2032 799 2097 affectu
831 2055 870 2098 ea
902 2033 1010 2098 omnia
1038 2053 1206 2116 peragere,
1241 2052 1326 2114 quae
1372 2024 1378 2029 ’

237 2130 344 2194 adhuc
373 2131 408 2194 in
434 2131 600 2196 Ecclesiae
629 2133 712 2198 votis
745 2155 815 2198 esse
844 2139 1014 2216 poterant,
1048 2140 1086 2198 ut
1113 2131 1325 2197 beatissimae

237 2230 381 2313 Virginis
410 2229 514 2296 honor
541 2239 719 2314 augeretur
747 2233 882 2315 ejusque
903 2231 1150 2314 praerogativae
1180 2229 1326 2294 uberiori

237 2329 310 2394 luce
339 2331 492 2396 niterent.
536 2331 672 2396 Omnem
701 2337 812 2395 autem
833 2331 1060 2395 maturitatem
1087 2328 1245 2394 adhihere
1273 2349 1326 2392 vo-

238 2429 344 2494 lentes
374 2431 602 2495 constituimus
630 2428 831 2514 peculiarem
856 2429 924 2495 VV.
953 2430 987 2493 F.
1010 2429 1045 2492 F.
1075 2427 1144 2492 NN.
1175 2427 1205 2494 S.
1228 2427 1265 2490 R.
1289 2427 1325 2490 Ε.

222 2526 466 2592 -Oardinalium
503 2529 675 2611 religione,
719 2528 869 2607 consilio,
913 2549 952 2592 ao
995 2528 1178 2592 divinarum
1216 2547 1326 2590 rerum

240 2625 377 2690 scientia
397 2626 575 2692 illustrium
598 2627 898 2710 Congregationem,
922 2632 956 2692 et
977 2627 1063 2690 viros
1085 2646 1125 2689 ex
1146 2625 1234 2688 clero
1256 2631 1327 2688 tum

240 2725 416 2804 saeculari,
450 2732 522 2790 tum
553 2727 712 2810 regulari,
746 2726 938 2808 theologicis
971 2723 1150 2808 disciplinis
1179 2723 1326 2805 apprime

241 2823 388 2889 excultos
411 2826 593 2908 selegimus,
617 2831 655 2890 ut
677 2847 722 2904 ea¹
737 2825 854 2902 omnia,
878 2845 962 2907 quae
983 2822 1233 2888 Immaculatam
1256 2823 1327 2886 Vir-

241 2924 323 3006 ginis
341 2924 595 3008 Conoeptionem
613 2925 803 3007 respiciunt,
823 2924 1068 2988 accuratissime
1086 2923 1328 3005 perpenderent

241 3023 472 3107 propriamque
494 3024 692 3088 sententiam
719 3023 762 3089 ad
783 3022 850 3087 Nos
878 3022 1053 3088 deferrent.
1096 3021 1252 3098 Quamvis
1272 3042 1327 3084 au·

242 3129 310 3186 tem
330 3121 434 3187 Nobis
456 3144 496 3187 ex
519 3124 661 3206 receptis
682 3123 961 3206 postulationibus
988 3121 1028 3186 de
1050 3119 1236 3186 definienda
1257 3127 1327 3184 tan·

243 3221 317 3285 dem
339 3221 516 3304 aliquando
538 3223 754 3287 Immaculata
770 3222 914 3305 Virginis
936 3219 1156 3303 Conceptione
1177 3239 1327 3302 perspec-

242 3329 296 3385 tus
319 3327 406 3386 esset
425 3321 640 3404 plurimorum
660 3322 834 3386 Sacrorum
854 3319 1050 3384 Antistitum
1071 3339 1194 3396 sensus,
1218 3324 1327 3382 tamen

242 3419 431 3504 Encyclicas
463 3421 577 3487 literas
610 3419 662 3484 die
699 3425 727 3483 2.
760 3418 932 3484 Februarii
963 3437 1050 3481 anno
1083 3421 1161 3482 1849
1195 3415 1327 3499 Cajetae

244 3520 338 3584 datas
361 3519 404 3584 ad
425 3542 537 3585 omnes
555 3519 769 3585 Venerabiles
787 3520 919 3584 Fratres
941 3517 1044 3582 totius
1066 3515 1221 3581 catholici
1242 3515 1329 3581 orbis

245 3621 418 3686 Sacrorum
439 3620 614 3684 Antistites
635 3619 791 3697 misimus,
820 3625 859 3683 ut
882 3616 1038 3682 adhibitis
1064 3616 1107 3680 ad
1129 3615 1236 3680 Deum
1256 3635 1328 3697 pre-

245 3719 336 3783 cibus
353 3718 455 3782 Nobis
476 3718 598 3800 scripto
618 3719 719 3783 etiam
737 3716 965 3800 significarent,
985 3736 1069 3799 quae
1091 3721 1179 3779 esset
1196 3734 1326 3779 suorum

243 3817 390 3882 fidelium
412 3838 489 3898 erga
505 3816 753 3882 Immaculatam
769 3815 931 3897 Deiparae
949 3813 1203 3896 Conceptionem
1224 3812 1326 3894 pietas

245 3938 284 3980 ac
317 3914 456 3994 devotio,
490 3922 524 3980 et
556 3914 636 3998 quid
667 3915 730 3998 ipsi
761 3914 956 3997 praesertim
987 3912 1162 3978 Antistites
1196 3911 1236 3976 de
1268 3911 1326 3974 hac
