2726 4560
565 367 601 426 17

51 527 179 609 cipiunt,
201 547 268 590 non
289 524 491 608 percipiunt,
513 525 577 588 nisi
599 526 634 590 in
655 525 800 606 Christo,
822 527 871 592 ita
893 528 980 612 quod
1001 528 1125 594 dictum

52 633 107 690 est:
139 645 252 690 omues
272 623 420 688 homines
441 623 511 689 uult
540 624 644 689 salvos
665 625 753 704 fieri,
787 648 887 709 quum
915 633 983 691 tam
1004 628 1125 694 multos

51 725 123 790 nolit
142 724 249 790 saluos
271 721 359 801 fieri,
382 722 454 787 ideo
477 723 690 802 dictumest,
714 724 802 808 quod
821 743 941 804 omnes,
965 727 1021 809 qui
1045 727 1125 793 salvi

50 824 130 902 lunt,
153 825 218 889 nisi
240 823 312 905 ipso
334 821 462 886 volente
484 844 550 887 non
570 821 683 889 fiant.“

101 923 138 986 In
157 923 242 986 locis
262 920 453 1004 praecitatis
475 923 600 1004 agitur,
621 928 768 987 testante
796 921 1054 1006 Sedlmayr,¹)
1084 923 1123 988 de

49 1023 127 1087 Adae
154 1022 299 1106 posteris
329 1026 363 1084 et
391 1020 522 1102 quidem
550 1022 605 1100 iis,
640 1043 779 1104 quorum
811 1028 911 1104 caput
939 1022 1062 1088 morale
1089 1023 1125 1087 in

49 1121 150 1186 ordine
173 1120 217 1184 ad
238 1118 529 1186 transfundendam
547 1121 711 1203 justitiam
732 1121 783 1186 vel
803 1121 999 1204 injustitiam
1019 1122 1124 1187 Adam

49 1228 105 1299 est;
125 1221 183 1284 ille
203 1225 317 1283 autem
338 1224 438 1301 caput
458 1219 581 1284 morale
602 1241 668 1284 non
689 1225 740 1284 cst
761 1220 848 1284 eirca
868 1220 1123 1288 transfusionem

6 1399 7 1404 ἵ
46 1319 184 1400 justitiae
213 1317 318 1381 relate
352 1317 396 1382 ad
423 1317 453 1382 b.
482 1317 664 1401 Virginem,
699 1339 783 1401 quae
814 1319 872 1384 illo
900 1320 991 1403 prior
1018 1322 1123 1386 sitin

6 1549 8 1648 l

48 1418 137 1483 diuini
169 1417 297 1481 decreti
324 1416 424 1494 serie,
458 1416 554 1500 longe
585 1417 797 1482 excellentior
827 1418 862 1482 iu
889 1419 997 1501 gratia
1026 1425 1061 1485 et
1088 1419 1123 1484 in

47 1517 100 1582 bac
126 1524 204 1583 ante
226 1515 390 1580 Adamum
418 1515 548 1579 omnino
578 1515 770 1582 confirmata
797 1516 947 1601 adeoque
975 1518 1034 1584 sub
1056 1525 1123 1583 ter·

48 1617 124 1681 mino
147 1615 295 1698 ,omnis“
316 1612 420 1677 relate
447 1613 490 1677 ad
510 1613 602 1677 Adae
627 1621 776 1696 posteros
799 1617 948 1699 justitiae
975 1617 1027 1683 rel
1046 1639 1122 1701 pec·

48 1716 103 1779 eati
128 1713 290 1779 haeredes
320 1733 386 1778 non
406 1718 613 1795 potestesse
643 1715 883 1796 comprehensa.
926 1717 1121 1784 Beatissimo

47 1813 133 1897 Virgo
162 1814 203 1878 ob
233 1814 326 1877 suam
355 1812 575 1877 maternitatis
602 1812 729 1877 divinae
758 1814 953 1898 dignitatem
979 1835 1122 1898 persona

47 1933 167 1994 prorsus
189 1917 343 1994 exempta
364 1917 414 1976 est
436 1917 471 1976 et
490 1911 704 1994 privilegiata.

97 2013 136 2076 Π.
169 2010 373 2075 Traditio.

100 2110 338 2176 Celeberrimus
357 2108 629 2191 Hipponensis
647 2109 830 2175 Antistes
850 2110 884 2177 in
905 2111 988 2177 libro
1006 2118 1121 2178 contra

50 2208 247 2274 Cresconium
279 2207 536 2272 Grammaticum
566 2229 631 2272 non
663 2230 770 2287 secus,
803 2210 870 2274 acsi
901 2218 1047 2276 nostram
1080 2212 1119 2278 de

48 2308 245 2374 immaculata
264 2329 288 2370 s.
311 2305 473 2387 Deiparae
492 2305 711 2389 Conceptione
729 2307 838 2372 thesin
854 2309 1023 2375 habuisset
1040 2331 1119 2393 prae

49 2409 151 2487 oculis,
180 2404 423 2472 absolutissime
444 2403 635 2487 affirmare
669 2405 842 2486 „Quamvis
864 2406 961 2489 hujus
982 2409 1030 2472 rei
1051 2431 1119 2474 cer-

47 2513 108 2571 tum
138 2509 178 2572 de
212 2505 390 2588 Scripturis
422 2503 589 2568 canonicis
614 2525 679 2568 non
710 2504 897 2587 proferatur
926 2508 1117 2591 exemplum,

48 2607 212 2672 earundem
241 2612 352 2670 tamen
374 2603 615 2686 Scripturarum
642 2603 742 2668 etiam
769 2605 803 2668 in
829 2604 892 2670 hac
918 2627 954 2670 re
982 2607 1118 2672 anobis

47 2710 167 2770 tenetur
186 2705 324 2781 veritae,
355 2724 455 2785 quum
476 2702 537 2767 hoc
566 2701 717 2781 facimuS,
748 2702 835 2786 quod
862 2704 1031 2770 universae
1049 2707 1118 2788 jam

46 2803 158 2883 placuit
173 2801 349 2880 Ecclesiae,
371 2822 468 2885 quam
488 2801 634 2884 ipsarum
653 2801 894 2884 Scripturarum
912 2805 1118 2871 commendat

46 2902 248 2968 authoritas.“
292 2901 483 2983 Opportune
512 2906 546 2965 et
573 2899 739 2983 sapienter
762 2921 837 2983 ergo
868 2909 979 2968 censet
1000 2903 1030 2967 d.
1052 2904 1117 2969 Au·

46 3002 191 3082 gudinus,
208 2999 345 3084 perinde
366 2999 401 3063 id
418 3020 497 3078 esse,
516 2998 604 3082 quod
622 2999 790 3064 universae
809 3001 934 3083 placuit
951 3002 1116 3070 Ecclesiae

46 3120 78 3163 ac
96 3101 183 3178 illud,
206 3098 295 3183 quod
316 3098 356 3162 de
379 3119 402 3162 s.
416 3098 593 3181 Scripturis
614 3097 789 3180 profertur,
813 3101 1012 3184 exemplum3
1033 3103 1116 3168 inni-

47 3199 119 3263 titur
151 3199 186 3264 id
221 3199 308 3264 enim
343 3197 538 3262 authoritati
573 3196 777 3280 potissimum
808 3199 990 3279 Ecclesiae,
1033 3223 1116 3284 quae

47 3295 278 3381 Scripturarum
294 3297 467 3363 veritatem
485 3298 603 3362 asserit
624 3304 658 3362 et
676 3319 696 3362 a
715 3298 957 3381 Scripturarum
977 3302 1115 3369 veritate

47 3403 74 3459 et
92 3399 286 3463 auctoritate
308 3397 446 3462 maxime
468 3396 713 3462 commendatur
735 3403 769 3463 et
790 3397 967 3464 stabilitur.

97 3497 274 3564 Audiamus
303 3517 379 3580 ergo
407 3495 631 3572 testimouium
653 3496 833 3576 Ecclesiae,
868 3519 952 3582 quae
972 3521 1032 3582 pro
1053 3501 1115 3576 hac

46 3591 70 3656 b.
88 3595 226 3680 Virginis
248 3596 454 3660 immunitate
475 3594 587 3660 locuta
609 3602 659 3660 est

130 3698 162 3779 a)
191 3717 248 3760 ore
270 3717 311 3759 ss.
341 3695 654 3778 Apostolorum,

128 3793 161 3876 b)
199 3832 241 3842 —
272 3815 404 3858 summ.
427 3793 697 3874 Pontificum,

50 3934 230 3950 ²*-

6 4017 7 4086 }
98 4008 116 4075 ¹)
131 4008 161 4066 L.
179 4027 203 4066 o.
238 4010 260 4076 2)
279 4009 383 4064 Contra
399 4009 578 4075 cresconium
596 4025 639 4078 cp.
658 4013 698 4065 33.

6 4095 8 4160 l

912 4091 929 4145 2
