2782 4554
702 543 806 679 cap.
838 543 899 654 Ν.

259 745 317 814 un
338 745 601 816 rorrosrrns
621 747 899 816 rmrrssnm
919 747 1119 816 vmarms
1140 748 1341 830 resnou

320 909 393 976 Non
414 912 472 977 abs
494 933 530 976 re
552 913 624 992 erit,
654 913 785 979 brevem
806 913 847 978 de
868 913 962 978 festis
990 935 1014 977 s.
1038 912 1203 995 Deiparae
1225 915 1341 980 saltem

260 1011 435 1093 majoribus
456 1012 601 1076 inserere
618 1014 872 1096 inquisitionem.
917 1013 965 1076 De
988 1011 1106 1094 quibus
1121 1013 1191 1095 jam
1211 1013 1340 1078 sacculo

260 1108 430 1174 undecimo
452 1111 619 1177 scribebat
645 1135 668 1177 s.
690 1113 907 1178 Fulbertns
929 1112 1242 1194 carnotensis:²)
1271 1113 1340 1194 „In-

259 1217 312 1274 ter
339 1231 450 1276 omnes
472 1213 608 1278 Sanctos
637 1215 793 1278 memoria
814 1213 1022 1278 beatissimae
1043 1210 1189 1294 Virginis
1218 1209 1339 1275 eolre

260 1309 412 1391 quentius
444 1311 554 1393 agitur
585 1317 685 1395 atque
716 1311 881 1389 festivius,
915 1332 980 1393 quo
1012 1310 1170 1393 majorem
1201 1310 1339 1392 gratiam
1388 1355 1389 1362 .

259 1408 347 1491 apud
372 1410 546 1474 Dominum
574 1411 720 1476 creditur
752 1412 943 1476 invenisse.“
986 1410 1133 1475 Ecclesia
1168 1408 1338 1485 catholica,

259 1509 384 1592 Spiritu
411 1517 523 1574 sancto
544 1531 672 1593 semper
698 1511 811 1588 ducta,
842 1511 939 1575 variis
961 1509 1198 1574 festivitatibus
1220 1508 1339 1592 populo

257 1607 347 1673 finer
378 1589 618 1691 repaesentari
647 1610 742 1692 jubet
773 1610 874 1674 vitem
905 1609 936 1673 a
966 1608 1125 1691 Virginis,
1160 1614 1198 1672 et
1228 1607 1269 1672 eu
1303 1629 1340 1672 ee

257 1707 386 1772 vivendi
414 1717 522 1775 sumat
551 1709 700 1793 exempla
728 1730 788 1774 nec
815 1730 880 1773 nou
910 1707 1029 1787 discat,
1060 1707 1139 1792 quid
1167 1708 1339 1790 corrigere,

258 1806 336 1890 quid
358 1806 508 1890 effugere,
531 1809 611 1893 quid
632 1810 666 1873 in
687 1809 755 1874 suis
777 1814 889 1873 tenere
911 1807 1030 1872 debeat
1051 1805 1206 1871 moribus.

319 1906 550 1973 Waldenses
583 1915 616 1973 et
642 1906 873 1972 Wiolefitae
902 1906 1011 1971 omnia
1036 1905 1123 1970 festa
1144 1905 1340 1971 Sanctorum

257 2004 371 2070 volunt
409 2007 556 2086 sublata,
598 2007 675 2071 dum
706 2006 875 2072 Lutheri
918 2012 952 2070 et
988 2004 1145 2070 Calvini
1183 2026 1340 2088 sequaces

256 2101 343 2167 festa
386 2105 516 2170 Domini
557 2106 753 2171 celebranda
798 2105 993 2183 admittunt,
1044 2104 1102 2168 sed
1146 2103 1339 2186 disciplinae

257 2210 385 2268 tantum
415 2211 449 2269 et
475 2205 609 2288 politiae
638 2227 750 2286 oausa3
784 2204 869 2271 festa
896 2210 1007 2269 autem
1035 2203 1066 2267 b.
1088 2203 1233 2286 Virginis
1261 2203 1340 2268 abo

257 2302 355 2368 lenda
392 2324 463 2367 esse
502 2304 715 2370 declarantes.
776 2302 1036 2386 „Assumptionis
1075 2308 1110 2367 et
1147 2301 1340 2368 Natiuitatis

257 2402 380 2468 Mariae
401 2404 487 2469 festa
507 2405 605 2488 plane
626 2404 820 2487 rejicimus,“
842 2403 950 2485 inquit
970 2401 1142 2466 Lutherus.
1154 2402 1180 2483 8)

317 2503 488 2568 Fastorum
505 2527 530 2569 s.
550 2505 712 2588 Deiparae
730 2503 872 2586 Virginis
889 2502 955 2566 alia
973 2507 1050 2567 sunt
1071 2501 1336 2580 universalia,

256 2600 322 2664 alia
353 2603 631 2685 particularia.
681 2603 885 2668 Universalia
912 2607 1072 2666 vocantur
1101 2621 1155 2678 ea,
1189 2621 1274 2684 quae
1305 2602 1339 2665 in

256 2700 405 2765 universo
438 2702 516 2767 orbe
548 2701 709 2767 catholico
741 2700 931 2767 solemniter
961 2699 1187 2764 celebrantur:
1218 2721 1337 2784 nempe

257 2797 490 2883 Correptio,
526 2801 744 2879 NativitaS,
783 2799 1079 2876 Praesentatio,
1118 2799 1337 2864 Annuntia-

255 2898 328 2976 tio,
350 2899 562 2979 Visitatio,
589 2900 847 2978 Purifioatio,
875 2899 1119 2981 Assumptio,
1147 2898 1196 2962 ad
1216 2897 1336 2964 Nives

256 3001 290 3060 et
321 3019 345 3061 s.
375 2998 561 3064 Nominis.
611 3000 709 3064 Festa
738 3000 755 3063 ὂ
785 3005 898 3064 contra
926 2997 1140 3081 particularia
1168 2997 1210 3062 ob
1236 3019 1337 3081 pecu-

255 3094 352 3161 liares
381 3099 539 3180 quasdam
566 3121 680 3164 causas
708 3101 744 3163 in
771 3099 869 3164 certis
895 3104 1025 3163 tantum
1053 3097 1256 3163 dioecesibus
1286 3099 1336 3164 vel

254 3195 480 3277 religiosorum
500 3198 668 3264 hominum
687 3197 820 3266 familiis
840 3196 1057 3261 celebrantur.

317 3293 389 3359 Non
420 3295 473 3361 hio
505 3319 610 3363 sermo
640 3299 702 3363 erit
730 3298 793 3362 nisi
821 3295 862 3361 de
893 3295 1066 3379 prioribus,
1075 3295 1103 3377 ⁴)
1135 3295 1222 3360 inter
1249 3318 1336 3380 quac

235 3541 239 3548 .
321 3494 341 3557 ¹)
360 3492 414 3547 Gir.
432 3493 535 3549 Bened.
562 3495 632 3550 XIV.
658 3495 692 3549 de
717 3495 795 3550 festis
820 3497 849 3550 B.
868 3496 906 3550 Μ.
924 3495 958 3550 V.
983 3495 1119 3549 Analecta
1138 3494 1210 3563 juris
1232 3494 1336 3550 Pontis.

252 3573 337 3628 tratti
363 3576 412 3630 des
437 3575 515 3642 fetes,
540 3577 605 3633 fase.
637 3581 672 3633 48
695 3596 736 3647 sq.
760 3581 847 3634 Rome
873 3581 945 3634 1862.
983 3576 1073 3632 instit.
1097 3576 1196 3632 Moral.
1219 3583 1335 3632 auctore

254 3657 355 3709 Aaorio
385 3662 452 3711 tom.
477 3659 513 3726 ll,
540 3660 738 3715 Kalendarium
769 3662 906 3717 sacratiss.
934 3660 1054 3730 Virginis
1083 3659 1189 3714 Mariae
1218 3667 1335 3716 auctore

254 3738 415 3793 Golvenerio
440 3742 529 3796 Duaci
552 3745 617 3797 1638
638 3747 654 3797 2
680 3748 746 3799 tom.
787 3747 809 3810 ²)
832 3745 917 3799 Serm.
942 3743 989 3810 IV,
1014 3743 1049 3796 de
1073 3742 1164 3797 Nativ.
1189 3743 1220 3797 B.
1236 3741 1277 3798 Μ.
1302 3743 1334 3797 V.

252 3820 326 3887 apud
343 3821 432 3876 Haine
450 3824 468 3878 l.
486 3841 509 3879 c.
526 3843 589 3895 pag.
606 3829 646 3881 27.
684 3829 708 3894 ³)
724 3826 785 3882 Lib.
804 3827 838 3881 de
856 3829 910 3896 piis
927 3843 1045 3880 caerem.
1062 3825 1240 3879 observandis
1259 3827 1334 3894 apud

253 3901 397 3971 Sedlmsyr
413 3906 431 3958 l.
449 3923 473 3962 o.
491 3925 519 3976 p.
536 3909 584 3975 IV,
602 3914 673 3963 sect.¹
687 3909 709 3973 l,
727 3927 753 3978 q.
772 3914 800 3963 11
819 3926 843 3965 a.
862 3914 884 3964 1.
927 3910 948 3977 ⁴)
966 3909 1006 3962 De
1028 3909 1208 3963 matrimonio
1228 3926 1250 3963 ι.
1269 3910 1335 3962 Dei·

252 3999 348 4050 param
381 3987 455 4043 iuter
488 3995 517 4044 et
553 4008 574 4047 s.
600 3991 704 4060 Joseph
743 3996 888 4047 contracto
925 4009 1010 4062 quum
1039 3991 1125 4046 fusius
1163 3991 1334 4060 disputatum
