2718 4556
556 351 617 414 299

62 515 166 591 vitare,
194 513 223 578 si
252 534 309 578 sex
337 510 502 577 mensibus
527 517 603 594 post
629 512 761 595 nuptias
790 511 909 596 elapsis
934 512 1123 596 peperisset.

62 613 137 677 Talis
157 619 271 696 partus
293 611 460 676 inauditus
488 633 526 676 ac
546 612 697 677 insolitus
724 611 903 676 certissime
924 611 1032 694 stupri
1051 632 1126 694 pro·

64 719 191 778 creasset
211 711 437 795 suspicionem.
481 711 599 776 Irrisus
627 717 677 777 est
707 709 889 796 Augustus,
928 731 1029 792 quum
1059 716 1127 774 tres

62 818 177 876 tantum
213 832 341 877 menses
372 817 448 892 post
484 811 728 875 matrimonium
765 833 838 876 cum
869 810 961 876 Liuia
997 809 1126 888 initum,

63 911 162 976 eadem
181 911 273 975 Livia
295 908 398 989 edidit
418 909 537 988 filium;
567 931 668 992 quare
689 915 817 992 patrem
841 909 952 993 jocose
973 907 1127 973 dixerunt

62 1009 188 1089 felicem,
219 1010 273 1074 cui
293 1016 363 1074 tam
392 1009 543 1074 celeriter
570 1016 783 1075 nascerentur
810 1009 914 1074 liberi.
959 1007 1126 1086 Quomodo

62 1109 157 1174 hostes
183 1108 239 1173 isti
265 1107 473 1172 infensissimi
493 1108 660 1190 Virginem
689 1108 822 1191 ejusque
849 1107 953 1173 filium
973 1094 1127 1191 post'sex

63 1207 295 1272 amatrimonio
318 1213 485 1271 contracto
511 1226 637 1271 menses
665 1213 780 1270 natum
811 1206 988 1289 ignominia
1016 1227 1127 1271 cumu-

62 1305 170 1371 lassent
191 1314 224 1371 et
252 1305 416 1371 ludibrio?
447 1305 560 1370 Nonne
588 1305 682 1370 illum
708 1304 976 1387 pronuntiassent
996 1304 1127 1388 illegiti-

64 1425 139 1468 mum
165 1411 198 1470 et
219 1405 393 1488 spurium?

115 1503 449 1587 RespondetLamy,
480 1503 584 1569 Deum
606 1504 722 1569 honori
748 1504 958 1570 beatissimae
986 1504 1128 1587 Virginis

64 1601 182 1686 ejusque
203 1603 291 1686 proli
312 1625 349 1668 eo
368 1605 581 1686 prospexisse,
601 1603 689 1687 quod
709 1603 767 1668 illa
788 1603 900 1670 statim
920 1608 996 1686 post
1013 1601 1129 1684 Angeli

65 1702 287 1782 apparitionem
309 1703 351 1766 ad
369 1702 593 1767 Elisabetham
613 1701 762 1785 profecta
782 1703 834 1769 sit.
870 1701 1032 1784 „Reddita
1052 1722 1128 1766 vero

64 1807 204 1880 paternae
226 1801 338 1866 domui
358 1822 429 1879 seu,
461 1797 489 1865 si
515 1802 578 1880 vis,
608 1801 744 1866 aedibus
765 1801 914 1884 Josephi‚
945 1802 998 1866 cui
1019 1799 1129 1866 fuerat

65 1897 259 1981 desponsata,
290 1900 395 1964 cidem
415 1900 556 1988 Josepho
585 1900 626 1964 ab
649 1899 772 1983 Angelo
801 1901 835 1964 in
862 1900 982 1965 somnis
1005 1900 1128 1965 monito

66 1998 162 2062 statim
189 1999 353 2082 nupserit,
385 1999 513 2064 nemine
542 2005 723 2064 tumentem
750 2004 897 2064 uentrem
925 2000 1127 2077 observante,

66 2099 124 2158 tum
153 2098 228 2180 quia
261 2097 447 2162 cautissime
484 2097 658 2162 incedebat
688 2097 787 2179 Virgo
824 2103 858 2163 et
889 2098 930 2162 ab
961 2097 1129 2162 hominnm

67 2197 211 2259 consortio
253 2196 469 2260 remotissima
510 2202 597 2274 crat,
640 2200 711 2260 tum
750 2196 865 2275 etiam,
914 2197 991 2280 quia
1028 2197 1129 2261 trium

67 2292 194 2371 priorum
209 2295 368 2359 mensium
388 2294 495 2378 spatio
514 2295 549 2358 in
563 2295 704 2378 gravidis
725 2295 940 2360 intumescere
961 2318 1026 2360 non
1046 2297 1131 2361 solet

69 2399 172 2457 venter.
221 2394 318 2459 Haud
347 2393 403 2458 diu
431 2415 506 2458 vero
535 2400 610 2477 post
638 2393 757 2459 initum
787 2394 1030 2459 matrimonium
1058 2415 1129 2460 sese

68 2488 161 2556 itineri
188 2493 401 2571 commiserit,
431 2514 538 2557 comes
566 2492 691 2557 scilicet
719 2492 832 2558 addita
859 2493 1001 2577 Josepho
1029 2493 1129 2556 Beth·

67 2587 208 2657 lebcmem
236 2592 468 2676 proficiscenti,
499 2599 562 2673 ,ut
591 2590 863 2676 profiteretur
891 2614 976 2657 cum
1003 2591 1129 2656 Maria

67 2691 214 2775 conjuge
253 2693 353 2756 sna.“
405 2692 617 2756 Bethleheme
655 2699 781 2771 antem,
822 2692 879 2756 ubi
915 2691 1024 2756 nullus
1058 2710 1128 2754 esse

66 2795 180 2867 poterat
217 2797 251 2855 et
284 2792 438 2857 connubii
472 2813 546 2856 eum
577 2790 718 2876 Josepho
754 2791 828 2855 initi
866 2797 900 2856 et
931 2797 1130 2855 secretorum

67 2885 173 2955 Mariae
201 2892 296 2956 testis
326 2898 360 2957 et
380 2891 568 2975 indagator,
598 2890 735 2973 peperit.
779 2888 857 2956 Post
883 2895 1016 2973 partum
1043 2909 1129 2967 vero,

67 3007 98 3050 ne
118 2991 184 3072 quis
212 2991 359 3056 curiosus
388 2988 475 3055 foret
496 2989 702 3073 graviditatis
731 2997 764 3056 et
785 2995 900 3072 partus
924 2988 1047 3053 Mariae
1076 3009 1130 3052 ex·

67 3085 205 3168 plorator,
227 3090 462 3173 lerosolymam
482 3089 631 3172 primum,
654 3095 693 3152 ut
716 3087 829 3171 legem,
852 3089 895 3152 ad
916 3086 1074 3171 templum
1095 3107 1130 3152 se

69 3184 169 3252 sistens
191 3189 454 3272 oblationemque
476 3186 655 3271 perficiens,
678 3187 837 3270 impleret,
862 3186 959 3251 adiit:
988 3193 1058 3251 turn
1079 3186 1131 3251 vel

69 3286 165 3350 statim
185 3287 349 3352 Nazareth
377 3309 506 3352 reversa
527 3287 709 3369 Aegyptum
738 3286 839 3350 etiam
858 3286 1008 3369 protinus
1038 3286 1129 3365 adiit,

70 3382 111 3446 rel
129 3385 334 3451 Retlrlcheme
357 3409 431 3471 cum
450 3385 591 3468 Josepho
613 3386 654 3450 ab
671 3385 793 3468 Angelo
815 3385 849 3449 in
871 3385 991 3449 somnis
1011 3384 1131 3450 iterum

70 3484 185 3563 monite,
207 3487 242 3548 in
265 3485 447 3568 Aegyptum
467 3484 615 3567 profecta
636 3490 694 3562 est,
718 3505 738 3548 a
760 3505 824 3566 qua
847 3483 979 3565 quidem
999 3483 1130 3566 regione

69 3599 123 3644 non
154 3584 215 3648 nisi
246 3591 322 3667 post
354 3583 492 3648 multum
523 3590 652 3665 tempus
688 3583 794 3647 rediit.
849 3582 973 3659 Quibus
1004 3581 1129 3664 positis,

71 3675 232 3762 dequibus
253 3683 401 3748 omnibus
427 3682 462 3774 in
483 3681 657 3764 Evangelio
686 3681 852 3760 docemur,
883 3681 956 3764 quis
978 3701 1131 3745 accusare

71 3772 217 3860 Virginem
237 3783 355 3864 potuit,
378 3781 472 3864 quasi
494 3800 511 3844 e
532 3781 601 3844 viro
623 3802 688 3845 non
710 3802 768 3846 suo
791 3779 1018 3862 conceperit?“
1031 3779 1056 3860 1)

73 3914 247 3934 κ

128 3992 145 4058 ¹>
161 3994 213 4050 cu.
229 3995 414 4050 rambulas
431 3994 448 4050 1.
466 4010 490 4049 ο.
508 4009 571 4063 pua
589 3994 624 4060 11,
642 3993 706 4050 oses.
725 3993 774 4048 ur,
831 3969 834 3974 '
