2728 4554
743 288 804 350 456

230 449 371 532 genitrix
392 447 514 515 Christi
540 447 648 527 fieret,
679 447 736 512 sed
758 469 841 532 quae
869 447 991 513 virtute
1018 448 1171 514 mulieres
1198 470 1292 515 omnes

230 548 387 613 anteiret:
421 569 486 612 non
514 546 573 612 abs
600 567 636 611 re
669 547 828 630 ejusmodi
854 547 986 618 virtutis
1014 547 1145 613 nomine
1173 554 1292 613 matrem

231 669 322 712 suam
352 646 485 712 beatam
520 645 745 728 depraedicari
776 645 895 725 voluit,
931 661 991 729 per
1023 667 1122 730 quam
1156 647 1293 712 virtutem

229 745 351 810 honore
374 767 411 810 eo
442 745 539 828 digna
559 744 673 808 habita
703 752 761 824 est,
790 752 828 810 ut
848 745 947 827 Virgo
976 751 1082 810 mater
1111 745 1232 810 fieret.“
1269 747 1292 811 S.

229 845 359 909 Justino
381 850 537 909 consonat
566 843 595 907 d.
618 844 882 926 Hieronymus
910 844 1110 928 inquiens:1)
1143 845 1295 928 „Propone

230 943 292 1006 tibi
314 943 459 1021 Mariam,
483 965 566 1025 quae
588 950 701 1007 tantae
724 943 852 1008 exstitit
872 944 1036 1026 puritatis,
1060 951 1099 1008 ut
1119 951 1221 1010 mater
1240 945 1293 1008 Do·

230 1041 309 1104 mini
331 1062 400 1105 esse
425 1043 635 1106 mereretur.“

292 1139 415 1216 Quibus
445 1140 645 1223 adjiciendus
674 1147 723 1204 est
752 1161 775 1203 s.
805 1140 993 1205 Basilius.
1035 1142 1213 1223 „Quoniam
1231 1164 1293 1207 vero

230 1258 269 1302 ea
290 1245 495 1322 tempestate,
515 1241 571 1318 ait,
583 1241 608 1322 2)
631 1240 735 1314 nulla
742 1240 888 1323 puritate
906 1261 975 1322 par,
995 1241 1120 1306 Mariae
1142 1242 1294 1324 virginitas

230 1337 316 1400 inter
342 1338 489 1403 homines
521 1339 564 1403 ad
593 1338 744 1403 effectum
777 1341 882 1403 sancti
911 1340 1052 1422 Spiritus
1085 1342 1292 1424 excipiendum

231 1442 281 1500 est
312 1445 460 1520 reperta,
497 1445 530 1503 et
562 1438 619 1502 illa
650 1439 717 1520 jam
749 1438 1000 1520 desponsatione
1037 1448 1110 1506 erat
1142 1447 1291 1523 occupata,

230 1535 335 1602 electa
375 1544 425 1601 est
463 1538 561 1601 beata
599 1536 714 1618 Virg0‚
758 1537 806 1600 ita
845 1543 883 1601 ut
921 1537 1004 1601 nihil
1043 1539 1228 1604 detrimenti
1261 1559 1293 1601 ex

230 1634 478 1717 desponsatione
515 1637 689 1701 accesserit
723 1636 933 1720 virginitati.“
989 1637 1116 1703 Similia
1147 1637 1244 1702 tradit
1272 1657 1291 1698 s·

231 1733 543 1817 Chrysostomus.
585 1735 709 1817 „Beata
737 1741 851 1814 mater,
880 1736 1033 1819 inquit,³)
1063 1736 1153 1801 ultra
1183 1756 1292 1800 omnen

228 1836 388 1900 humanae
423 1842 561 1899 naturae
596 1835 729 1900 modum
760 1835 954 1903 modestiam
989 1857 1027 1900 ac
1059 1834 1293 1917 temperantiam

230 1935 379 2012 excoluit,
400 1939 434 1998 et
455 1934 495 1998 ob
517 1935 552 1998 id
570 1935 793 1999 universorum
813 1935 989 2001 Dominum
1009 1935 1044 1998 in
1065 1942 1160 2000 utero
1182 1940 1293 2018 gestare

228 2034 439 2117 promeruit.“
469 2034 604 2098 Silentio
623 2035 803 2117 praeterire
821 2056 886 2098 non
900 2056 1071 2117 possumus
1087 2032 1293 2098 testimonium

229 2133 416 2198 Doetoris
443 2132 635 2197 Melliflui
663 2133 711 2197 ita
732 2132 946 2215 loquentis:⁴)
979 2132 1067 2214 „Nec
1090 2132 1124 2194 in
1146 2131 1237 2196 terris
1255 2129 1293 2192 lo·

229 2255 284 2298 cus
313 2233 440 2316 dignior
468 2233 555 2297 uteri
581 2232 747 2314 virginalis
776 2232 915 2314 templo,
948 2231 983 2294 in
1014 2251 1078 2314 quo
1107 2230 1223 2294 Filium
1243 2226 1293 2291 Dei

227 2332 334 2396 Maria
355 2332 507 2415 suscepit,
530 2353 589 2396 nec
610 2332 645 2396 in
666 2333 764 2397 coelis
785 2332 887 2415 regali
908 2331 1004 2409 soli0,
1027 2331 1062 2394 in
1084 2352 1148 2414 quo
1171 2328 1293 2393 Mariam

226 2429 328 2495 Filius
351 2431 420 2514 ejus
449 2429 666 2495 sublimavit.“
708 2431 819 2513 „Quae
849 2430 900 2495 vel
920 2429 1068 2512 angelica
1088 2429 1227 2512 puritas,
1254 2427 1293 2489 in-

227 2535 381 2612 terrogat,
391 2529 417 2610 ⁵)
450 2529 629 2613 virginitati
656 2530 706 2594 illi
727 2531 847 2595 audeat
876 2529 1074 2612 comparari,
1106 2549 1189 2612 quae
1210 2527 1293 2608 digna

112 2665 117 2676 ·
226 2627 291 2692 fuit
320 2629 460 2710 Spiritus
489 2630 594 2694 sancti
622 2631 799 2728 sacrarium
825 2629 897 2693 fieri
926 2635 960 2694 et
987 2629 1213 2693 habitaculum
1231 2623 1293 2690 Filii

229 2725 331 2789 Deir

288 2822 476 2888 Notandum
492 2817 589 2908 porro
613 2832 664 2890 est
684 2847 725 2889 ex
747 2826 776 2889 d.
798 2825 1132 2908 Beneuentura,⁶)
1154 2825 1292 2907 virginem

227 2921 374 3000 Mariam,
394 2943 478 3004 quae
496 2925 613 2989 merito
636 2925 771 3007 congrui
792 2925 890 3007 digna
911 2923 984 3003 suit,
1003 2931 1042 2989 ut
1059 2945 1139 3008 prae
1161 2922 1292 2988 omnibus

229 3019 366 3083 caeteris
388 3019 577 3086 mulieribus
600 3022 776 3106 eligeretur
803 3023 838 3086 in
860 3023 922 3087 Dei
950 3029 1106 3102 matrem;
1135 3029 1292 3106 postquam

226 3117 332 3182 electa
360 3125 394 3181 et
421 3119 462 3184 ab
484 3121 606 3204 Angelo
636 3122 676 3186 de
697 3122 936 3186 lnoarnationis
964 3123 1119 3204 mysterio
1147 3123 1292 3186 instructa

227 3235 393 3280 assensum
421 3220 602 3298 praestitit,
636 3221 883 3302 superveniente
916 3220 1024 3284 divino
1055 3222 1181 3303 Spiritu
1207 3219 1291 3284 talen

226 3314 261 3377 in
283 3314 424 3378 animam
446 3318 605 3398 recepisse
631 3325 790 3397 ornatum,
813 3325 851 3384 ut
873 3319 968 3403 digne
990 3327 1181 3400 mereretur,
1201 3324 1292 3383 mater
1347 3339 1350 3347 ·

228 3512 279 3568 unt
296 3511 328 3578 lte
351 3511 430 3581 elogio
448 3516 473 3566 ct
496 3514 615 3570 relatio
640 3515 719 3584 nortl)
737 3523 804 3582 tuot,
831 3517 935 3574 motta
952 3519 995 3574 tet
1012 3517 1098 3588 betto
1116 3532 1146 3585 pt
1162 3516 1249 3584 hellen
1269 3511 1290 3566 {1¹
1354 3569 1355 3572 ,

227 3593 313 3659 histem
331 3593 417 3650 §ione
434 3593 493 3661 mut
510 3595 548 3651 tte
565 3596 658 3666 &repa
684 3598 712 3654 tn
728 3599 882 3666 dotarunt
897 3600 940 3656 ber
957 3601 1091 3670 otttlltten
1107 3598 1235 3674 pelliciat
1248 3594 1289 3651 unt

228 3674 361 3742 lectitat,
379 3675 463 3741 etrele
480 3677 617 3748 unbebioqt
634 3680 719 3748 beloti
736 3681 858 3738 netben.“
1356 3683 1357 3688 ’

292 3757 312 3822 ¹)
329 3757 374 3810 Ad
389 3758 571 3835 Eustochium
590 3763 624 3816 de
642 3765 770 3818 custodia
783 3765 968 3835 Virginitatis.
1004 3766 1025 3833 ²)
1042 3765 1123 3820 Hom.
1141 3765 1175 3820 de
1189 3764 1290 3817 hument

228 3837 330 3894 Christi
347 3841 532 3906 generatione.
566 3844 587 3909 ³)
606 3845 637 3898 ln
654 3863 780 3900 sermone
799 3840 964 3902 de'Domini
980 3846 1150 3917 hypopante.
1182 3845 1202 3911 ⁴)
1218 3845 1287 3900 Serffl·
1356 3889 1357 3900 Ι

229 3919 293 3974 lde
307 3921 444 3990 Assumpt.
478 3923 500 3990 ⁵)
517 3924 603 3979 Serm.
614 3928 638 3980 4.
671 3927 693 3994 θ)
710 3927 742 3982 ln
759 3929 806 3984 lib.
826 3929 875 3998 111,
894 3929 1019 3988 Sentent.
1038 3932 1227 3986 canosterue
1241 3927 1284 3980 lc.
1356 3931 1357 3980 l
