2728 4554
556 379 617 439 433

52 544 173 610 dederit
194 541 286 618 illud,
309 537 397 622 quod
418 537 496 603 dare
518 537 602 603 solet
621 544 725 621 pater.
767 539 906 604 Proinde
927 539 999 622 ipsa
1021 541 1123 623 magis

52 651 98 709 est
117 626 223 708 mater
245 638 383 717 Christi,
414 659 511 722 quam
532 637 616 703 aliae
636 645 766 704 matres.
810 638 860 703 Ex
881 661 944 722 quo
966 641 1122 732 sequitur,

53 742 134 824 quod
161 741 192 806 b.
214 739 314 820 Virgo
336 736 438 819 magis
466 736 623 801 amaverit
645 736 825 816 Christum,
854 760 953 821 quam
974 747 1123 804 caeterae

52 847 168 906 matres
196 843 309 903 amant
332 855 407 900 suos
434 833 518 900 filios
548 841 582 900 et
602 835 742 899 vicissim
763 836 912 904 Christus
933 837 1007 920 plus
1035 859 1124 902 ama-

52 940 129 1004 verit
150 938 290 1003 Mariam
309 931 448 999 matrem
469 955 569 1011 suam,
592 954 690 1016 quarn
713 934 770 998 alii
789 933 849 999 filii
870 943 983 1001 amant
1002 943 1123 1002 matres

50 1057 138 1102 suas:
169 1044 240 1101 tum
269 1033 347 1116 quia
374 1032 459 1098 sola
487 1053 572 1096 eum
599 1033 712 1115 genuit
739 1033 850 1099 modo
879 1056 944 1100 non
971 1037 1122 1116 naturali,

53 1136 105 1199 sed
132 1130 436 1216 supernaturali
464 1136 498 1196 et
519 1130 636 1195 divino.
665 1131 779 1218 ⁴Amor
799 1153 889 1216 ergo,
920 1134 977 1217 qui
997 1135 1031 1198 in
1052 1155 1123 1200 cae-

52 1234 125 1298 teris
156 1232 233 1298 filiis
266 1229 422 1295 dividitur
451 1228 487 1292 in
517 1234 644 1311 patrem
677 1236 711 1295 et
741 1236 895 1309 matrem,
927 1232 961 1295 in
994 1232 1122 1298 Christo

52 1329 111 1396 luit
141 1331 253 1396 unitus
281 1335 436 1411 totusque
463 1325 633 1391 ferebatur
663 1327 698 1390 in
731 1334 884 1409 matrem,
916 1350 955 1395 ac
982 1331 1124 1396 vicissim

52 1429 79 1493 b.
96 1429 194 1512 Virgo
216 1427 311 1511 quasi
332 1427 497 1511 duplicato
518 1426 623 1509 petris
644 1431 679 1491 et
699 1429 813 1493 matris
835 1450 944 1494 amore
966 1429 1125 1514 diligebat

53 1526 244 1592 Christum.“

107 1627 145 1692 In
166 1626 279 1692 ordine
299 1624 342 1689 ad
362 1623 481 1703 Filium
508 1623 539 1688 b.
560 1623 659 1707 Virgo
688 1624 848 1708 gloriatur
875 1626 974 1690 etiam
994 1627 1141 1718 nominee

53 1726 272 1809 ,Sponsac.“
314 1723 374 1788 Est
401 1722 488 1787 euim
507 1723 719 1804 praecipuum
748 1723 928 1788 membrum
947 1724 1121 1805 Ecclesiae,

52 1846 145 1906 quam
164 1823 313 1890 Christus
342 1821 406 1886 sibi
435 1820 657 1903 desponsavit,
687 1821 884 1901 membrum,
914 1823 1001 1906 quod
1022 1825 1123 1890 totius

53 1922 210 1988 Ecclesiae
242 1921 372 1986 nomino
406 1940 598 1984 consensum
634 1918 677 1984 ad
708 1919 991 2002 desponsationem
1022 1922 1122 1989 dedit.

52 2021 100 2086 lta
120 2027 263 2086 testatur
284 2019 443 2102 expressis
465 2019 571 2082 verbis
592 2039 754 2101 magnus
774 2019 979 2103 Antiquae.
1019 2022 1123 2104 ,Con-

53 2141 161 2201 gruum
192 2119 256 2184 fuit
287 2117 406 2184 beatae
437 2117 578 2199 Virgini,
611 2117 768 2201 inquit,¹)
801 2119 1002 2199 annuntiari,
1036 2121 1124 2204 quod

54 2227 132 2284 esset
150 2218 315 2284 Christum
332 2223 539 2299 conceptura,
559 2221 596 2280 ut
614 2216 850 2296 ostenderetur,
870 2239 940 2283 esse
961 2220 1124 2302 quoddam

54 2319 215 2400 spirituale
245 2315 490 2382 matrimonium
524 2314 611 2378 inter
641 2315 759 2378 Filium
792 2316 853 2380 Dei
885 2324 919 2381 et
948 2317 1123 2384 humanam

54 2425 203 2496 naturam,
235 2423 269 2482 et
289 2417 363 2481 ideo
384 2435 444 2498 per
464 2413 754 2478 Annuntiationem
783 2415 1019 2497 expectabatur
1047 2438 1123 2482 con·

53 2536 156 2581 sensus
176 2515 320 2597 Virginis
341 2514 412 2579 loco
434 2513 536 2578 totius
558 2511 719 2576 humanae
740 2513 909 2576 naturae.“

109 2637 133 2679 c.
171 2612 413 2678 Perfectissima
451 2632 535 2676 cum
570 2631 741 2692 persona
777 2611 952 2694 Spiritus
992 2613 1123 2678 sancti

53 2711 190 2778 affinitas.
258 2785 261 2795 ,
693 2779 695 2784 ,
886 2789 889 2796 ,

110 2811 143 2874 Β.
164 2809 332 2893 Virginem
354 2809 495 2890 Spiritus
524 2808 632 2872 sancti
660 2829 841 2889 sponsam
869 2807 969 2873 fuisse
991 2829 1030 2873 ac
1052 2809 1122 2892 Spi-

53 2907 128 2972 ritus
155 2931 179 2974 s.
202 2907 391 2992 operatione
413 2906 629 2989 ,virginitatis
658 2907 760 2988 gloria
781 2912 992 2989 permanente
1013 2907 1122 2972 lumen

54 3013 212 3073 aeternum
243 3006 364 3072 mundo
400 3004 568 3084 effudisse,
605 3006 717 3071 Jesum
752 3004 918 3071 Christum
949 3008 1123 3073 Dominum

55 3106 228 3184 nostrum‚“
265 3127 289 3170 s.
323 3106 492 3188 Scriptura
522 3105 727 3188 apertissime
761 3105 856 3171 docet
887 3108 1122 3172 attestantibus

54 3205 278 3288 antiquissimis
314 3204 480 3270 Ecclesiae
520 3203 673 3288 symbolis
709 3225 747 3267 ac
784 3204 928 3269 conciliis
963 3226 1023 3270 nec
1057 3227 1123 3271 non
1232 3249 1236 3256 -

55 3322 89 3366 ss.
109 3303 259 3369 Patribus
281 3325 319 3368 ac
340 3303 508 3386 theologis.

108 3402 224 3467 Omnes
267 3403 394 3467 animae
432 3403 540 3485 justae
582 3402 661 3467 lioet
699 3423 836 3485 sponsae
876 3401 942 3468 sint
981 3402 1123 3486 Spiritus

55 3502 157 3580 sancti,
179 3501 408 3584 principaliter
428 3505 538 3566 tamen
558 3502 588 3565 b.
613 3502 729 3584 Virg03
753 3523 855 3585 quare
876 3503 917 3567 ab
940 3524 979 3568 ea
1000 3505 1122 3587 specia-

54 3596 122 3663 liter
150 3601 328 3684 requisitus
358 3600 423 3665 fuit
454 3622 628 3666 consensus
659 3622 718 3684 per
746 3601 906 3684 Angelum
937 3601 1124 3668 Gabrielem
1152 3581 1164 3610 χ

56 3694 220 3765 dicentem:
250 3699 448 3783 ,Spiritus
476 3708 640 3765 sanctus
669 3701 927 3784 superveniet
953 3701 992 3765 in
1019 3708 1058 3767 te
1086 3709 1125 3768 et

55 3795 171 3863 uirtus
197 3798 398 3863 Altissimi
426 3798 681 3866 obumbrabit
707 3799 850 3882 tibi.“²)
893 3799 998 3877 Quam
1019 3801 1122 3884 digni-

55 3937 236 3951 Ἢ...-

111 4013 129 4080 ²)
146 4013 195 4080 ΙΙΙ,
213 4031 240 4082 p.
257 4029 283 4082 q.
301 4012 386 4079 XXX,
405 4029 428 4067 a.
449 4016 471 4068 1.
504 4015 525 4081 ²)
544 4013 612 4068 Luc.
628 4012 650 4079 1,
668 4015 709 4068 55.
925 4093 960 4148 28
