2726 4560
557 367 597 424 lt

52 533 175 609 peracta.
206 526 316 607 Longe
336 523 424 587 enim
440 521 596 589 differunt
611 524 739 589 macula
755 531 789 589 et
806 525 933 607 peccati
951 525 1117 610 originalis

53 627 189 690 debiturn.
219 623 384 688 Maculam
399 622 527 705 pcccati
542 622 745 688 nominamus
759 630 929 706 peceatum
944 624 1118 709 inquinans

51 727 175 789 animam
186 725 357 807 ipsamque
369 720 440 784 Deo
451 740 581 784 exosam
591 741 651 785 neo
662 743 727 786 non
737 720 954 788 damnationis
965 731 1117 788 aetemao

51 847 125 889 ream
138 820 380 902 constituens.¹)
408 817 545 884 Nomine
561 827 708 885 econtra
722 821 847 902 ,debiti
859 821 1006 905 pcccati“
1020 823 1118 906 signi·

51 923 153 989 icatur
164 920 324 1004 obligatio
336 939 395 983 seu
404 918 581 983 necessitas
590 918 749 1002 quaedam
757 921 979 985 moralishanc
990 928 1119 986 coutra-

50 1024 134 1088 hcndi
144 1020 318 1098 maculam,
330 1019 394 1082 nisi
404 1018 542 1101 positiva
555 1018 641 1083 adsit
654 1039 695 1083 ex
707 1025 801 1102 parte
812 1020 875 1084 Dei
885 1020 1117 1103 praeservatio·

100 1111 286 1186 Necessitas
319 1118 376 1182 illa
407 1117 513 1183 oritur
541 1139 581 1183 ex
612 1118 733 1183 actuali
760 1125 895 1202 peccato
923 1119 1028 1197 Adae,
1062 1119 1119 1203 qui

50 1222 179 1285 omnium
205 1217 375 1283 hominum
404 1223 503 1299 caput
529 1217 651 1282 morale
679 1239 698 1282 a
720 1217 789 1282 Deo
817 1217 882 1282 fuit
911 1219 1117 1284 constitutus.

51 1319 232 1403 ,Originalis
250 1315 401 1401 justitiae
424 1315 523 1394 dona,
547 1316 654 1400 inquit
682 1315 729 1381 de
758 1316 955 1399 Rubeis,²)
984 1315 1118 1382 fuerunt

50 1419 126 1484 ldae
155 1418 279 1484 collata
307 1415 435 1492 aDeo,
465 1413 554 1479 volut
581 1415 706 1497 primo
736 1415 906 1480 omnium
933 1423 1118 1499 postero-

49 1539 119 1582 rum
145 1515 329 1601 parenti,
359 1501 416 1592 seu
438 1513 539 1595 capiti
560 1514 661 1578 totius
682 1521 819 1579 naturae
840 1513 1010 1595 humanae,
1033 1536 1117 1600 quae

49 1618 77 1679 in
103 1639 138 1682 eo
171 1613 404 1682 continebatur
436 1633 475 1676 ex
507 1633 610 1696 eoque
641 1634 701 1696 per
731 1614 973 1697 generationem
1000 1635 1118 1700 propa·

50 1716 142 1796 ganda
173 1715 293 1778 fuerat.
348 1710 443 1788 Quod
475 1731 550 1794 ergo
586 1731 738 1795 magnum
769 1719 940 1795 peccatum
971 1715 1118 1797 peccavit

50 1814 109 1892 ille,
136 1835 203 1879 non
232 1813 339 1895 ipsum
359 1809 456 1874 laesit
484 1809 604 1888 solum,
634 1811 692 1875 sed
712 1811 816 1894 ipsam
845 1813 945 1877 etiam
965 1819 1118 1878 naturam

50 1911 212 1978 humanam
249 1911 284 1974 in
314 1910 396 1992 ipso,
425 1916 611 1974 contentam
649 1932 689 1974 ex
726 1931 828 1994 eoque
865 1913 1115 1996 propagandam.

52 2012 170 2077 Scilicet
191 2012 227 2075 in
248 2015 384 2091 accepta
405 2008 602 2074 rectitudine
623 2010 651 2074 si
672 2011 871 2092 perstitisset
892 2011 1011 2090 Adam,
1044 2032 1117 2076 oum

51 2110 235 2176 rectitudine
258 2115 292 2172 et
310 2108 440 2190 justitia
461 2128 498 2172 ac
525 2109 702 2173 sanctitate
722 2109 793 2172 nati
813 2109 966 2189 fuissent,
1000 2110 1057 2193 qui
1078 2132 1117 2175 ex
1138 2148 1141 2154 ·

52 2229 94 2286 eo,
122 2215 292 2291 tamquam
313 2207 417 2289 primo
445 2207 556 2289 stirpis
578 2206 752 2290 principio,
781 2215 1042 2291 propagarentur
1060 2230 1117 2292 po·

51 2309 132 2371 steri:
156 2308 197 2372 ab
221 2307 292 2388 ipso
310 2306 463 2372 nimirum
484 2307 704 2388 conceptionis
726 2312 784 2371 aut
801 2307 972 2372 infusionis
990 2308 1117 2373 animae

51 2407 175 2473 instanti
205 2413 345 2489 accepta*
370 2427 391 2470 a
422 2406 490 2470 Deo
519 2405 637 2470 mentis
668 2405 863 2470 rectitudine
892 2427 952 2489 per
978 2407 1117 2489 gratiam

51 2505 298 2571 sanctificantem
326 2527 399 2569 cum
419 2504 566 2588 perfecta
594 2504 690 2569 simul
716 2506 878 2570 rationem
899 2507 985 2571 inter
1006 2513 1040 2571 et
1061 2529 1117 2589 ap·

49 2607 180 2685 petitum
200 2605 396 2670 sentientem
423 2603 595 2669 concordia
624 2609 659 2669 et
686 2606 831 2687 corporis
859 2605 1114 2670 immortalitate.

50 2703 189 2770 Peccavit
218 2705 342 2787 primus
379 2703 475 2768 homo
514 2725 636 2786 suoque
668 2709 802 2786 peccato
834 2704 1002 2786 praedicta
1041 2705 1116 2768 sub·

50 2802 130 2868 limia
152 2804 236 2868 dona
265 2802 374 2866 amisit
402 2801 509 2867 omnia
538 2808 572 2866 et
592 2801 655 2866 sibi
682 2808 715 2867 et
737 2809 874 2867 naturae
896 2803 930 2866 in
950 2803 1021 2885 ipso
1043 2823 1117 2867 con-

51 2907 166 2980 tentae,
207 2908 240 2966 et
277 2921 317 2964 ex
350 2901 406 2965 illo
438 2901 682 2984 propagandae;
725 2901 908 2984 diciturque
946 2907 1117 2984 peccatum

51 3021 135 3064 suum
171 3001 205 3064 in
236 3005 385 3083 posteros
424 3020 534 3063 ornnes
567 3021 773 3083 propagasse.
825 3000 915 3065 Adae
947 3006 1117 3083 peccatum
1157 3049 1160 3054 .

51 3097 160 3181 duplex
183 3106 241 3177 est,
265 3097 435 3162 actuale
465 3103 505 3162 et
526 3097 760 3162 habituale.
804 3099 891 3163 Illud
913 3099 1062 3164 consis'tit
1082 3100 1116 3163 in

51 3199 167 3262 actione
185 3197 347 3280 flagitiosa
365 3196 572 3279 pertinetque
590 3196 632 3262 ad
650 3219 830 3280 personam.
864 3197 1010 3263 Positum
1028 3197 1116 3263 istud

52 3303 95 3359 cst
124 3297 157 3360 in
182 3296 365 3379 privatione
397 3295 523 3378 gratiae
555 3295 804 3374 sanctificantis,
837 3319 875 3361 ac
906 3297 1116 3380 subjectionis

52 3415 121 3478 erga
141 3397 260 3474 Deum,
293 3395 417 3479 sipara
446 3395 515 3478 ejus
536 3396 712 3480 praecipua
733 3417 771 3460 ao
792 3395 894 3464 veluti
914 3394 1020 3460 forma
1041 3417 1116 3461 con·

52 3494 218 3561 sideretur:
241 3495 385 3579 itemque
406 3494 441 3560 in
463 3495 708 3561 deordinatione
729 3495 924 3561 facultatum
946 3503 980 3561 et
999 3496 1117 3562 virium

52 3601 81 3658 ct
100 3595 239 3676 partium
258 3593 412 3673 hominis,
436 3595 465 3659 si
488 3593 528 3659 de
549 3595 712 3660 materiali
732 3593 873 3678 quodam
894 3596 1021 3678 peccati
1041 3597 1117 3661 sub-

49 3693 129 3772 jecto
150 3696 294 3778 agatur.“
336 3693 389 3760 lta
410 3693 449 3758 de
472 3693 602 3759 Rubeis.

53 3845 236 3856 -——.—..-.

113 3927 132 3992 ¹)
149 3926 202 3981 crr.
218 3925 309 3980 Traet.
326 3922 410 3979 theol.
428 3923 463 3977 de
480 3923 512 3977 B.
528 3923 566 3978 M.
584 3923 618 3980 V.
634 3923 764 3994 Lugduni
783 3926 848 3979 1866
866 3940 930 3992 pag.
950 3925 1004 3977 121.
1036 3925 1057 3991 ²)
1076 3925 1116 3978 De

52 4011 158 4071 peceato
175 4007 303 4077 originali
319 4008 373 4062 vol.
389 4007 464 4062 unio.
481 4023 524 4076 ep.
541 4009 582 4064 58.
917 4089 935 4141 4
