2730 4564
574 353 633 413 149

65 535 152 578 voces
173 536 269 597 „non
290 512 477 597 cognovit
498 513 610 592 earn,“
633 512 679 577 ad.
693 512 781 577 illius
799 512 937 595 gloriam
958 513 1139 595 spectant.“

66 612 91 678 S.
113 613 301 697 Hieronymi
322 611 458 695 vestigia
478 612 600 694 premit
621 633 750 695 quoque
780 611 809 674 d.
831 611 996 692 Thomas
1026 611 1140 676 eadem

65 710 209 777 Doctoris
227 710 459 778 Stridonieusis
480 717 632 793 repetens
650 710 762 774 rerba:
786 709 900 792 ,Quod
922 711 1007 775 sicut
1023 710 1140 775 Hiero-

63 832 169 893 nymus
193 812 274 877 dicit
294 812 328 876 in
349 811 433 875 libro
456 816 571 874 contra
589 809 784 887 Helvidium,
806 810 1054 893 intelligendum
1079 816 1138 889 est,

64 910 147 993 ait,¹)
182 911 270 995 quod
298 910 379 974 haec
409 910 589 993 propositio
619 911 767 991 ,ante,“
796 906 874 974 licet
902 903 999 992 saepe
1028 931 1139 974 conse-

64 1011 190 1092 quentia
222 1010 361 1088 indicet,
399 1017 507 1074 tamen
539 1030 770 1092 nonuunquam
803 1030 841 1073 ea
872 1014 1017 1087 tantum,
1055 1029 1138 1091 quae

62 1109 144 1188 prius
166 1109 405 1192 cogitabantur,
425 1108 579 1173 ostendit.
616 1107 683 1172 Neo
705 1128 836 1171 necesse
858 1113 916 1186 est,
936 1113 974 1171 ut
995 1107 1139 1189 cogitata

62 1207 149 1287 fiant,
174 1231 274 1292 quum
296 1209 369 1274 ideo
391 1207 483 1272 aliud
505 1207 732 1285 intervenerit,
755 1229 796 1271 ne
818 1228 865 1284 ea,
889 1228 972 1289 quae
994 1206 1139 1288 cogitata

63 1314 145 1385 sunt,
167 1307 294 1372 fierent.
340 1307 432 1372 Sicut
454 1306 482 1371 si
503 1306 621 1389 aliquis
644 1306 747 1383 dicat:
777 1306 963 1388 Antequam
984 1305 1017 1368 in
1039 1311 1138 1386 portu

63 1406 264 1486 pranderem,
302 1407 464 1488 navigari,
503 1426 568 1469 non
601 1405 811 1487 intelligitur,
853 1403 941 1487 quod
974 1405 1008 1468 in
1039 1409 1137 1486 portu

62 1505 231 1584 prandeat,
254 1512 429 1588 postquam
450 1505 665 1588 navigaverit:
695 1504 753 1569 sed
775 1505 852 1587 quia
875 1503 1083 1586 cogitabatur
1104 1503 1138 1566 in

61 1610 151 1684 portu
172 1625 359 1686 pransurus.
402 1604 446 1669 Et
474 1604 625 1668 similiter
646 1603 854 1686 Evangelista
876 1603 972 1667 dicit:
1002 1602 1136 1684 ,Ante-

63 1722 172 1783 quam
194 1703 477 1781 conveuirent,
500 1703 673 1793 inventa
695 1710 758 1766 est
779 1702 818 1765 in
839 1708 959 1767 utero
981 1701 1136 1766 habens

63 1800 105 1864 de
132 1802 297 1884 Spiritu
330 1803 504 1867 sancto.“
554 1801 627 1866 Non
659 1801 736 1885 quia
764 1807 880 1884 postea
908 1800 1135 1879 convenerint3

62 1899 112 1962 sed
133 1901 218 1982 quia,
242 1901 320 1965 dum
341 1900 529 1964 viderentur
552 1901 751 1978 conventuri,
773 1901 942 1982 praevenit
967 1899 1136 1981 conceptio

62 2019 113 2080 per
131 2000 289 2083 Spiritum
310 2007 466 2078 sanctum,
487 2021 527 2064 ex
549 2022 612 2083 quo
632 1999 757 2065 iactum
779 2006 837 2079 est,
857 2006 894 2064 ut
915 1998 1053 2063 ulterius
1071 2019 1136 2062 nou

64 2100 294 2165 convenirent.“
336 2100 387 2164 lta
410 2100 533 2164 Doctor
554 2100 737 2183 Angelicus.

116 2199 164 2263 Ex
187 2221 223 2265 eo
246 2222 339 2284 orgo,
370 2200 457 2283 quod
484 2200 605 2264 dicitur
632 2207 866 2283 ,antequam
895 2196 1134 2274 convenirent,“

62 2296 184 2362 minime
213 2300 377 2382 sequitur,
412 2321 467 2364 eos
496 2307 637 2383 postea
666 2301 861 2365 convenisse.
912 2299 1021 2365 Unum
1050 2298 1135 2361 enim

63 2396 122 2461 sine
139 2398 243 2463 altero
265 2405 352 2464 stare
371 2407 481 2482 potest
502 2422 561 2465 neo
584 2408 634 2465 est
652 2422 780 2483 semper
797 2399 962 2483 loquentis
984 2397 1133 2476 intentio,

63 2494 195 2579 aliquem
212 2505 322 2562 actum
340 2507 530 2582 sequentem
545 2499 760 2582 significandi.
769 2501 794 2583 2)
829 2500 926 2580 ,lmo‚
943 2492 981 2562 ut
998 2495 1133 2580 pulchre

62 2595 194 2662 advertit
221 2597 491 2691 Salmeron,³)
523 2599 640 2664 fortius
672 2600 779 2664 innuit
809 2597 1034 2680 Evangelista,
1068 2617 1133 2660 uon

61 2696 237 2760 convenisse
265 2703 341 2779 post
369 2698 534 2762 inventam
562 2698 653 2762 illam
678 2706 912 2782 praegnantem
940 2697 980 2761 de
1009 2697 1134 2780 Spiritu

62 2801 164 2859 sancto
188 2802 220 2860 et
241 2796 276 2859 in
297 2795 403 2860 lucem
432 2797 520 2861 edito
544 2798 721 2862 Salvatore.
766 2798 828 2876 Qui
850 2799 936 2866 enim
958 2819 1055 2862 ansus
1077 2795 1133 2860 illo

61 2889 183 2971 inisset,
216 2915 316 2978 quam
347 2894 545 2977 agnoscebat
576 2897 756 2960 sacrarium
789 2897 930 2979 Spiritus
962 2896 1067 2960 sancti
1099 2900 1134 2958 et

61 2989 188 3058 Moesiae
209 3002 348 3060 matrem
369 2995 525 3078 tangere?
548 2995 659 3061 Solum
680 2998 792 3080 itaque
814 2995 1024 3079 significatur,
1045 2994 1132 3077 quod

62 3111 151 3171 quum
185 3100 270 3159 esset
302 3100 431 3177 tempus
463 3116 501 3160 ac
537 3096 751 3160 commoditas
786 3095 999 3180 cognoscendi
1031 3094 1130 3173 illam,
1230 3137 1233 3144 =

60 3208 117 3252 non
147 3193 347 3275 cognoverit,
389 3193 493 3258 multo
525 3195 632 3258 minus
669 3195 725 3258 ubi
757 3195 897 3260 facultas
933 3216 971 3258 ac
1002 3200 1132 3276 tempus

62 3296 270 3370 opportunum
302 3292 423 3371 abfuit,
457 3293 544 3376 quod
572 3294 686 3358 abesse
718 3296 882 3377 cognovit,
916 3295 973 3358 ubi
1001 3294 1132 3359 rescivit

62 3404 123 3449 eam
152 3387 190 3453 de
213 3390 338 3472 Spiritu
367 3398 480 3456 sancto
510 3393 697 3475 concepisse
719 3393 934 3476 Messiamque
956 3393 1130 3477 peperisse.

61 3479 134 3548 Hinc
162 3487 190 3550 d.
213 3488 431 3572 Hieronymus
460 3491 494 3555 in
517 3492 704 3557 Helvidium
726 3494 848 3577 inquit:
881 3492 952 3575 ,Ad
973 3515 1132 3558 summam

61 3580 133 3646 illud
162 3588 309 3670 requiro,
344 3611 401 3654 cur
432 3590 630 3656 abstinuerit
658 3591 780 3674 loseph
812 3615 915 3675 nsque
946 3593 989 3657 ad
1016 3599 1131 3676 partus

67 3739 249 3756 ἣ...-

118 3830 136 3896 ¹)
159 3831 210 3898 111,
228 3851 262 3906 p.
281 3853 307 3903 q.
328 3834 458 3895 xxvur.
484 3840 537 3889 aa
555 3833 611 3900 111,
635 3807 672 3890 'aa
691 3841 714 3892 1.
759 3839 779 3906 2)
802 3821 857 3896 cn.
875 3840 1003 3895 rossus
1027 3857 1050 3896 a.
1068 3840 1094 3894 1.
1112 3841 1129 3894 1.

13 3950 15 3956 ,
60 3907 385 4054 ἓιῖξῗέἕὺῗῖῑοῌξὶς
404 3918 453 3974 cir.
470 3919 596 3975 Ambros.
613 3919 648 3975 de
665 3921 783 3975 institut.
801 3923 906 3992 l'irgin.
922 3941 963 3993 cp.
981 3928 1008 3991 63
1027 3924 1130 3993 Epiph.
