2814 4548
591 366 650 426 605

138 526 183 590 At
210 524 313 590 Judas
341 525 405 589 sibi
431 525 495 607 ipsi
523 525 677 608 ascripsit
704 545 823 588 nomen
854 523 987 605 ,fratris
1015 525 1161 589 Jacobi.“

72 623 161 703 Quid
182 645 280 706 porro
303 623 429 701 obstat,
460 645 501 687 ue
523 623 684 701 dieamus,
716 622 894 704 Cleopham
923 629 957 688 et
978 623 1161 706 Alphaeum

71 744 175 787 unam
198 722 400 805 eandemque
421 720 522 785 fuisse
544 721 737 803 personam?
748 722 772 802 1)
793 795 795 800 ¹
815 721 994 798 Quaeritur

71 888 127 951 20:
167 887 293 964 Quam
328 892 502 950 matrem
535 884 766 948 habuerint
795 883 956 949 fratres
986 885 1159 950 Domini.

140 1025 166 1082 l.
189 1017 359 1083 Helvidius
374 1037 440 1080 una
458 1036 533 1079 eum
547 1015 620 1080 aliis
634 1016 810 1080 haereticis
825 1022 964 1081 matrem
979 1037 1091 1082 eorum
1105 1017 1162 1081 be-

69 1117 257 1183 atissimam
267 1115 444 1199 Virginem,
463 1115 525 1179 Dei
541 1115 750 1193 Genitrioem,
770 1115 937 1198 assignare
955 1137 1054 1180 ausus
1073 1117 1162 1197 est.²)

137 1220 166 1280 2.
195 1214 354 1279 Nonnulli
371 1213 508 1278 Patrum
529 1219 698 1296 putarunt,
718 1212 838 1277 iratres
859 1213 919 1277 hos
937 1213 1068 1278 Domini
1087 1236 1162 1279 oon-

69 1313 224 1379 sobrinos
243 1313 313 1395 ejus
331 1311 433 1376 luisse
451 1318 547 1376 natos
566 1332 606 1375 ex
628 1311 835 1376 sororibus
856 1311 887 1375 b.
905 1311 1084 1394 Virginis
1106 1334 1163 1378 au-

70 1417 257 1489 tumantes,
295 1433 319 1475 s.
353 1411 480 1474 Annam
512 1410 654 1492 primum
686 1410 834 1493 nupsisse
865 1409 1050 1490 Joaohimo,
1088 1420 1162 1495 post

71 1511 145 1594 ejus
175 1516 314 1575 mortem
336 1508 501 1592 Cleophae
529 1515 564 1572 et
584 1515 661 1591 post
681 1507 845 1590 Cleophae
873 1515 1012 1573 mortem
1034 1510 1161 1576 Salome

70 1608 292 1692 genuisseque
325 1628 365 1672 ex
397 1607 504 1673 tribus
532 1607 583 1670 his
615 1606 692 1671 viris
724 1613 792 1671 tres
824 1606 924 1685 filias,
957 1628 1073 1690 nempe
1106 1609 1162 1673 be-

71 1707 257 1772 atissimam
283 1706 452 1788 Virginem
479 1705 631 1783 Mariam,
662 1704 738 1769 dein
766 1704 865 1770 aliam
893 1705 1046 1784 Mariam,
1078 1728 1161 1789 quae

70 1805 187 1888 nupsit
209 1805 365 1887 Alphaeo,
389 1811 423 1868 et
444 1803 578 1869 tertiam
599 1803 737 1868 Mariam
759 1803 936 1868 nubentem
957 1804 1136 1870 Zebedaeo.

137 1903 242 1980 Quam
282 1903 479 1968 sententiam
518 1902 672 1985 exprimit
708 1903 817 1985 glossa
854 1902 1021 1968 ordinaria
1064 1926 1163 1987 super

69 2003 214 2069 Paulum
242 2003 285 2067 ad
315 2001 484 2084 Galaasss)
514 2003 547 2065 in
576 2002 692 2067 verba:
727 2001 878 2081 „Alium
906 2009 1037 2066 autem
1065 2002 1161 2085 Apo-

70 2101 272 2167 stolorum
304 2101 386 2165 vidi
418 2101 624 2178 neminem,
659 2100 738 2164 nisi
769 2099 961 2165 Jacobum
993 2099 1160 2167 fratrem

71 2201 262 2278 Domini“,
286 2200 344 2263 ubi
366 2221 405 2264 ex
427 2221 452 2264 s.
474 2199 645 2264 Ambrosio
667 2199 715 2262 ait
736 2199 857 2281 glossa:
885 2198 1079 2280 ,Sciendum
1101 2207 1160 2278 est,

70 2299 164 2384 quod
185 2299 299 2377 Maria,
327 2306 433 2364 mater
455 2298 596 2375 Domini,
625 2297 786 2362 Joaohimi
808 2303 842 2362 et
863 2298 976 2362 Annae
997 2297 1066 2364 filia
1086 2299 1159 2378 fuit,

71 2419 159 2483 quae
188 2398 301 2480 nupsit
320 2398 459 2480 Joseph‚
490 2404 524 2462 et
550 2397 598 2461 ita
626 2396 749 2478 loseph
776 2395 841 2460 fuit
869 2396 1037 2478 putativus
1065 2404 1162 2480 pater

71 2496 206 2562 Christi.
251 2496 382 2561 Mortuo
413 2503 524 2562 autem
543 2496 701 2573 Joaohim,
731 2495 893 2578 Cleophas
913 2495 1019 2560 frater
1039 2497 1162 2580 Joseph

71 2595 212 2662 eandem
241 2595 370 2660 Annam
397 2596 526 2678 aceepit
553 2616 688 2660 uxorem
717 2601 752 2658 et
780 2594 894 2677 genuit
922 2616 961 2658 ex
990 2616 1029 2659 ea
1049 2594 1159 2674 filiam,

71 2715 173 2778 quam
195 2694 322 2758 vocavit
342 2694 494 2773 Mariam,
525 2715 609 2777 quae
637 2693 751 2776 nupsit
772 2692 934 2776 Alphaeo,
964 2693 1021 2776 qui
1047 2695 1162 2777 genuit

71 2816 113 2859 ex
136 2813 178 2857 aa
197 2791 292 2871 filios,
314 2794 441 2858 seilicet
457 2792 625 2871 Jacobum,
642 2791 774 2874 Joseph,
794 2792 958 2857 Simonem
980 2800 1014 2858 et
1030 2794 1160 2859 ludam.

140 3008 160 3072 ι)
183 2990 365 3074 ,niueae
384 3005 415 3072 ru
441 3006 512 3073 unu
528 3006 609 3074 niae
634 3006 739 3068 anites,
764 3004 864 3058 acuon
882 3005 992 3061 osward
1009 3007 1039 3072 (ι.
1057 3024 1081 3061 0.
1099 3026 1161 3078 pag.

71 3088 143 3154 138.)
168 3089 212 3146 alt
236 3089 278 3144 bet
302 3089 371 3156 mett
393 3089 621 3156 prostitutione
644 3088 814 3154 hostilitas.
849 3087 949 3143 Dentur
973 3089 1023 3144 tait
1046 3095 1097 3146 unt
1122 3092 1161 3148 eiu

70 3171 240 3239 ‚,chalphai“
265 3171 325 3227 oter
347 3171 475 3240 „alphar‘
499 3171 523 3235 to
545 3171 634 3228 tonate
657 3170 753 3226 eumer
780 3155 1162 3237 &tormentaverunt

69 3253 130 3320 nile
148 3252 279 3311 turture
296 3253 358 3319 [toti
374 3252 492 3325 ostendat
510 3253 588 3317 tenth,
605 3252 677 3320 tridui
695 3254 754 3321 euch
771 3242 915 3314 Κλωπᾶς
938 3254 1035 3310 toruus
1054 3253 1162 3322 gebiltet

68 3334 178 3392 maheu
213 3334 336 3393 Jaeobus
360 3334 478 3404 Alphaei
495 3349 519 3374 =
540 3335 583 3391 bes
614 3334 717 3401 atauus
752 3336 855 3403 &utos
911 3336 997 3402 ,etot
1031 3335 1162 3403 &lentius

71 3402 253 3484 (Κλωπᾶς)
276 3417 327 3473 unt
345 3417 468 3485 aloitus
485 3416 646 3483 tetthtetau
663 3417 792 3484 hatnoen
808 3418 866 3474 uta
884 3417 1044 3484 omittebam
1061 3417 1163 3475 Vtamur

70 3501 140 3558 tinet
157 3501 209 3556 aab
232 3500 358 3567 betlelbeo
374 3499 483 3567 Derion,
509 3501 664 3568 interrogat
681 3501 808 3570 Morgott
824 3501 853 3568 (l.
871 3518 894 3556 e.
912 3518 973 3570 pag.
992 3501 1084 3568 109.)‘?
1110 3501 1163 3557 Det

69 3581 189 3651 engtitdu
205 3581 294 3648 {tetta
317 3583 386 3651 netu
410 3582 452 3638 bet
469 3582 569 3648 Vetat
593 3597 637 3649 au,
665 3582 714 3648 tofi
731 3583 853 3650 hiuttae
877 3584 929 3640 unt
947 3582 1078 3650 tteophos
1101 3582 1163 3650 atati

69 3663 234 3731 oetictietou
251 3663 348 3722 Dotion
366 3665 408 3720 tet
426 3665 519 3721 titurio
544 3662 689 3730 teserem,
715 3665 780 3732 utne
805 3666 884 3734 itheth
909 3665 948 3721 tte
966 3675 1029 3721 oum
1051 3664 1163 3734 heiligen

69 3746 250 3816 &ieronimus
279 3746 429 3816 autoritatis
454 3744 595 3818 pronitate
624 3745 692 3802 siuet
717 3747 928 3815 supponamus
956 3747 1163 3817 ousgutctttefien,

70 3826 160 3893 melete
177 3826 231 3882 bem
245 3826 388 3896 &schotti
405 3830 447 3886 tet
463 3843 568 3884 osunen
582 3830 682 3899 &segete
699 3831 765 3898 note
781 3831 880 3897 tumuit,
898 3832 999 3897 monach
1015 3823 1162 3893 Κλωπᾶς

69 3909 124 3966 nub
147 3892 310 3975 Ἀλφαῑος
331 3925 382 3968 aar
405 3912 444 3969 tte
463 3910 624 3976 euthisorus
641 3912 796 3979 ttuatptorte
819 3915 859 3971 ein
882 3915 934 3971 nub
958 3915 1078 3983 tetlrlben
1099 3915 1163 3983 drot

70 3991 182 4060 htiltiten
200 3991 316 4051 Demetri
333 3994 410 4063 fluor*
445 3997 467 4062 2)
485 3994 540 4050 cfr.
557 4012 583 4062 p.
603 3993 623 4060 l,
642 3999 710 4048 sect.
728 3994 764 4062 ll,
782 4013 826 4065 op.
844 3997 880 4065 ll,
898 3997 921 4067 ξ.
939 4002 963 4054 3.
996 4000 1019 4066 ⁸)
1036 3999 1058 4066 l,
1076 4001 1115 4055 19.
