2728 4554
577 316 635 377 421

73 497 200 560 scopum
225 483 264 542 et
291 476 514 542 characterem
542 482 675 542 sanctae
697 475 885 558 Scripturas
913 495 999 553 esee,
1028 494 1145 558 nempe

71 581 108 639 ut
139 576 200 641 duo
233 576 274 641 de
306 575 473 642 salvatore
505 574 722 640 demonstret:
759 573 853 638 illum
884 573 1008 638 scilicet
1040 572 1145 637 Deum

71 695 193 758 semper
213 674 314 740 fuisse
336 680 371 739 et
389 673 493 738 filium
515 695 584 740 esee
603 723 610 737 .
630 723 637 737 .
657 723 663 737 .
682 673 853 756 ipsumque
874 678 989 754 posteo
1009 677 1145 754 propter

70 793 127 837 nos
156 794 251 838 carne
284 794 323 837 ex
354 773 477 855 virgine
506 772 722 855 ,Deipara“
751 771 856 835 Maria
887 776 1055 852 assumpta
1086 769 1144 834 ho·

70 871 185 936 minem
215 871 340 937 factum
373 872 473 936 esse.“
523 871 579 954 ,si
609 871 698 954 quis,
730 869 839 953 inquit
870 891 894 934 s.
925 869 1143 952 Gregorius

70 968 354 1050 Naziansenus,
395 992 419 1034 s.
455 969 594 1034 Mariam
632 969 885 1052 ,Deiparam“
924 991 990 1034 non
1029 968 1142 1048 credit,

71 1077 160 1134 extra
180 1071 385 1136 divinitatem
415 1070 495 1134 est.“
538 1068 605 1152 ,Ac
632 1089 673 1133 ne
694 1067 777 1132 illud
805 1068 936 1152 quidem
957 1068 1143 1151 perspicere

69 1174 174 1248 potes,
202 1169 310 1252 inquit
338 1169 425 1234 idem
454 1169 586 1248 Doctor,
599 1169 623 1251 ¹)
652 1168 744 1252 cujus
774 1167 902 1233 diversa
930 1168 974 1232 sit
1003 1166 1143 1232 carnalis

71 1265 194 1345 (eccubi
214 1268 301 1332 enim
321 1268 403 1333 alias
424 1267 511 1350 apud
532 1267 678 1332 homines
700 1267 952 1350 ,Deiparam“
977 1267 1143 1349 Virginem

69 1366 185 1449 nostil)
216 1367 313 1449 hujus
348 1367 508 1432 diversam
536 1387 680 1450 quoque,
717 1372 815 1449 atque
852 1365 893 1431 ab
922 1365 995 1430 aliis
1024 1365 1143 1430 discre-

70 1472 197 1544 pantem
229 1487 299 1531 esse
331 1465 535 1549 spiritualem
571 1465 845 1548 generationem.“
898 1463 1056 1530 Similiter
1086 1484 1144 1527 no·

70 1563 169 1629 minat
192 1565 222 1628 b.
245 1564 413 1647 Virginem
434 1565 496 1629 Dei
517 1564 715 1629 Genitricem
735 1564 769 1627 in
798 1561 936 1646 epistola
964 1560 1143 1627 1101110-

71 1661 169 1728 nium:
200 1663 331 1746 ,Etiam
352 1663 393 1727 ab
422 1662 593 1728 divinitate
615 1669 746 1746 separat
773 1683 837 1741 eos,
867 1661 924 1745 qui
952 1661 1044 1744 ,Dei
1073 1660 1141 1726 Ge·

70 1761 270 1827 nitricem“
292 1763 430 1827 Mariam
452 1783 521 1827 esse
544 1783 610 1827 non
632 1761 850 1826 existimant.“

129 1860 175 1924 Ex
195 1861 324 1926 saeculo
347 1862 461 1944 quinto
482 1867 634 1926 notamus
663 1859 692 1924 d.
715 1861 980 1943 Augustinum
1006 1860 1057 1924 ita
1077 1859 1141 1923 dis-

72 1965 239 2024 serentem:
262 1959 407 2042 ,Nullus
430 1961 486 2039 ait,
495 1961 520 2043 ²)
544 1960 635 2025 vobis
654 1965 841 2042 corrumpat
856 1959 940 2024 hanc
961 1957 1084 2023 fidem.
1105 2007 1139 2021 ..

73 2056 103 2122 Si
123 2060 202 2124 enim
224 2059 309 2124 falsa
329 2067 443 2138 mater,
466 2059 550 2125 falsa
571 2081 659 2139 caro,
679 2059 763 2124 falsa
783 2080 878 2137 mors,
901 2056 986 2122 falsa
1006 2057 1141 2121 vulnera

71 2157 250 2236 passionis.“
295 2159 324 2223 S.
348 2159 523 2242 Oyrillus
544 2158 873 2239 Alexandrinum)
896 2163 1041 2221 nostram
1058 2156 1141 2220 veri·

71 2257 166 2320 tatem
185 2256 274 2321 hisce
301 2256 416 2323 definit
438 2258 559 2322 verbis:
593 2257 742 2341 ,Siquis
769 2278 834 2321 non
860 2255 1042 2334 confitetur,
1064 2255 1140 2319 Em·

71 2353 244 2419 manuelem
264 2376 377 2420 verum
398 2357 503 2421 Deum
525 2377 611 2435 esse,
634 2362 668 2421 et
689 2356 730 2421 ob
752 2356 786 2420 id
807 2360 953 2420 sanctam
973 2354 1140 2438 Virginem

72 2447 288 2534 Deiparam3
310 2455 423 2536 genuit
444 2455 530 2519 enim
551 2455 609 2519 1111
629 2455 834 2540 incarnatum
852 2455 914 2519 Dei
934 2454 1069 2519 verbum
1089 2475 1140 2519 se··

71 2548 202 2614 cundum
233 2572 379 2631 carnem,
412 2575 432 2617 a
463 2554 509 2618 s.“
536 2553 710 2618 loannes
738 2554 1028 2633 Antiochenus,
1057 2553 1139 2618 alias

71 2645 202 2714 Nestorii
229 2650 368 2730 amicus,
397 2673 515 2716 nomeu
541 2652 742 2736 ,teorouoff
770 2653 939 2720 anemine
968 2652 1139 2718 doctorum

72 2746 354 2814 ecclesiasticorum
374 2751 593 2833 repudiatum,
611 2752 769 2835 plurimos
790 2773 828 2817 ao
850 2751 1078 2816 celeberrimos
1099 2771 1138 2815 eo

71 2863 137 2910 usos
165 2868 234 2912 esse
260 2845 441 2930 profitetur.
485 2849 630 2931 „Nomen
657 2851 719 2916 hoo
748 2850 957 2932 ,moremgt
986 2849 1137 2932 inquit,⁴)

71 2943 168 3010 nullus
185 2967 330 3029 unquam
349 2947 641 3014 ecclesiasticorum
660 2950 831 3016 doctorum
849 2949 1042 3032 repudiavit.
1075 2948 1139 3026 Qui

72 3043 146 3108 enim
165 3045 221 3110 illo
245 3046 296 3111 usi
317 3053 408 3124 sunt,
439 3053 473 3110 11
493 3047 589 3111 multi
610 3048 834 3130 reperiuntur,
864 3055 898 3114 et
918 3049 1064 3131 apprime
1086 3068 1137 3112 ce-

71 3136 179 3207 lebres:
210 3144 267 3227 qui
289 3164 364 3209 vero
392 3143 475 3209 illud
495 3166 560 3210 non
582 3154 798 3231 usurparunt,
828 3169 995 3231 nunquam
1017 3146 1137 3211 erroris

71 3237 195 3324 alicujus
217 3263 273 3307 eos
294 3243 533 3322 insimularunt,
556 3245 613 3328 qui
633 3245 690 3309 illo
716 3245 767 3310 usi
789 3253 865 3312 sunt
885 3296 893 3310 .
915 3296 922 3310 .
946 3297 953 3309 .
978 3295 984 3310 .
1006 3245 1137 3310 Etenim

71 3336 93 3398 si
110 3339 150 3418 id,
172 3341 261 3425 quod
281 3341 420 3406 nominis
442 3341 677 3424 significatione
699 3343 844 3425 offertur,
866 3366 931 3410 non
951 3345 1135 3428 recipimus,
1159 3357 1161 3360 ’

70 3444 177 3518 restat,
207 3447 246 3505 ut
266 3441 301 3504 in
322 3442 544 3524 gravissimum
565 3463 707 3508 errorem
728 3444 944 3527 prolabamur,
973 3445 1038 3509 imo
1059 3464 1135 3508 vero

70 3540 101 3599 ut
125 3537 386 3621 inexplicabilem
412 3541 503 3606 illam
530 3541 698 3625 Unigeniti
725 3543 800 3608 Filii
825 3543 888 3627 Dei
916 3543 1136 3610 oeconomiam

71 3633 285 3720 abnegemus.“

128 3867 146 3929 ι1
164 3865 238 3922 Orat.
254 3869 365 3924 XXXV.
398 3870 420 3934 ²)
438 3867 469 3922 ln
484 3868 544 3925 Joa.
558 3887 601 3939 cp.
616 3869 664 3926 111.
698 3873 720 3939 3)
738 3871 770 3925 ln'
784 3873 874 3941 primo
889 3873 1134 3928 Anathematiamo.

71 3943 89 4008 ⁴)
103 3943 131 3998 ln
147 3949 224 4018 epist.
240 3949 276 4004 ad
293 3951 459 4014 Nestorium.
