2728 4560
555 378 612 437 195

104 542 129 601 3.
164 537 195 602 S.
219 537 362 620 Deipara
389 537 587 620 virginitatis
607 544 718 602 votum
747 538 868 618 emisit,
899 541 976 624 quia
998 545 1120 626 optime

47 636 180 716 sciebat,
221 636 432 719 perfectionis
471 657 571 718 opera
609 637 732 719 magis
772 658 857 702 esse
896 639 1121 709 laudabilia

46 737 244 821 magisque
275 734 500 815 meritoria,
534 737 562 800 si
594 757 633 801 ex
664 743 740 802 voto
772 735 869 817 fiant3
905 739 1120 823 virginitas

45 857 129 900 vero
159 835 198 899 in
228 855 274 917 ea
301 834 499 899 excellere
528 835 676 900 debuit.

100 934 265 998 Probatur
285 933 412 1016 prima
432 955 523 1016 pars
545 953 585 997 ex
606 934 749 999 ratione:

100 1055 127 1097 a.
160 1032 249 1114 Opus
272 1023 319 1095 ex'
331 1032 565 1113 praestantiori
585 1033 706 1097 virtute
727 1034 906 1115 procedens
933 1037 1048 1102 melius
1071 1047 1122 1106 est

45 1153 87 1211 eo,
109 1131 198 1214 quod
220 1131 348 1195 exalia
375 1131 481 1196 minus
502 1133 685 1214 praestanti
706 1133 826 1198 virtute
847 1136 1010 1217 procedit3
1040 1159 1120 1220 opus

42 1253 111 1295 vero
135 1252 177 1295 ex
197 1237 273 1295 voto
295 1229 334 1294 fic
355 1251 395 1293 ex
416 1229 580 1312 religione,
603 1231 746 1295 omnium
767 1231 927 1297 virtutum
947 1237 1119 1302 moralium

42 1331 328 1412 praestantissima.

98 1431 129 1495 b.
163 1428 282 1494 Melius
311 1433 375 1505 est,
406 1427 474 1491 Deo
496 1427 570 1510 plus
598 1426 714 1492 offerre
742 1429 909 1512 magisque
937 1452 971 1494 se
993 1432 1024 1496 ei
1040 1432 1120 1498 ¹sub-

39 1530 146 1611 jicere.
189 1528 292 1612 Atqui
313 1548 372 1610 per
398 1532 510 1591 votum
530 1525 626 1590 homo
648 1525 722 1608 plus
751 1526 848 1592 offert
869 1528 939 1592 Deo
968 1531 1062 1612 eique
1084 1553 1119 1596 se

40 1630 139 1712 magis
172 1627 321 1712 subjicit3
354 1627 452 1692 sicuti
483 1627 556 1708 plus
589 1627 767 1706 condonat,
806 1629 862 1711 qui
892 1650 958 1693 non
989 1637 1119 1696 tantum

41 1728 198 1807 fructum,
221 1728 279 1792 sed
301 1727 401 1792 etiam
421 1726 572 1791 arborem
595 1726 665 1806 dat,
695 1733 733 1792 ut
753 1733 843 1792 recte
865 1749 889 1791 e.
912 1728 1117 1813 Anselmus1)

41 1828 277 1892 animadvertit.
494 1895 496 1902 ,

98 1949 125 1992 c.
160 1927 282 1993 Votum
308 1925 473 1990 hominem
486 1933 487 1937 ’
501 1925 541 1989 ab
569 1925 627 1990 illa
654 1925 774 1989 liberat
803 1925 1035 2010 inconstantia,
1065 1929 1119 1992 oni

41 2033 158 2090 natura
196 2045 256 2089 sua
294 2024 485 2107 plerumque
524 2024 664 2088 obnoxia
703 2030 768 2102 est,
809 2026 1048 2110 maximumque
1088 2029 1119 2092 ei

40 2125 175 2206 praebet
204 2123 374 2207 spirituale
404 2123 665 2188 emolumentum.
707 2122 797 2187 Haec
826 2124 912 2187 enim
937 2124 1024 2190 inter
1044 2148 1118 2208 pro-

40 2225 224 2290 missionem
253 2229 287 2288 et
308 2223 518 2287 donationem
543 2222 665 2286 factem
690 2221 814 2286 homini
840 2222 1025 2307 factamque
1048 2226 1117 2290 Deo

40 2323 213 2388 intercedit
231 2321 425 2400 differentia,
444 2321 531 2405 quod
548 2321 606 2386 illa
623 2322 757 2404 respicit
774 2321 953 2386 utilitatem
969 2324 1117 2405 hominia,

40 2424 89 2486 cui
109 2422 165 2502 fit3
192 2421 275 2486 hacc
297 2443 371 2486 vero
400 2421 435 2484 in
455 2421 635 2486 utilitatem
664 2421 733 2504 ejus
760 2420 937 2500 redundat,
967 2424 1023 2505 qui
1044 2446 1118 2507 pro-

39 2523 139 2587 mittit
161 2542 199 2585 ao
221 2521 331 2585 donat.

98 2621 128 2685 d.
162 2621 254 2686 Sicut
274 2639 410 2702 peccare
431 2623 540 2682 mente
569 2617 735 2682 obstinata
755 2625 926 2702 peccatum
954 2627 1118 2702 aggravat,

38 2721 83 2784 ita
99 2721 186 2785 bene
204 2740 301 2802 agere
324 2739 364 2782 ex
385 2716 552 2782 voluntate
573 2717 607 2780 in
625 2717 745 2781 bonum
766 2717 896 2806 firmata
914 2717 1119 2801 perfectioris

37 2820 167 2885 virtutis
186 2826 251 2898 est3
274 2818 332 2883 sed
346 2839 406 2900 per
423 2823 534 2882 votum
551 2816 701 2880 voluntas
719 2816 753 2879 in
769 2816 891 2880 bonum
908 2817 1119 2883 immobiliter

37 2919 186 2985 firmatur
216 2919 330 3002 illique
361 2917 540 2999 imponitur
570 2917 763 2996 necessitas,
801 2937 898 3000 quam
931 2917 960 2980 d.
994 2917 1118 3001 Augu-

37 3021 168 3084 stinus
198 3017 367 3101 ,felicem
396 3016 551 3081 nominat.
594 3015 720 3097 ,Felix,
749 3015 902 3098 inquit,²)
931 3017 1116 3097 necessitas,

38 3139 120 3200 quae
150 3119 184 3182 in
210 3115 347 3183 meliora
374 3115 600 3198 compellit..
625 3164 632 3178 .
655 3162 693 3178 ..
726 3115 854 3194 Gaude,
880 3115 948 3198 jam
969 3116 1031 3180 tibi
1051 3138 1118 3182 non

36 3216 145 3296 licere,
166 3217 255 3300 quod
277 3237 350 3281 cum
372 3215 566 3280 detrimento
588 3220 646 3278 tuo
667 3212 844 3307 licuisset.“

94 3317 262 3382 Probatur
292 3314 466 3380 secunda
496 3333 604 3397 pars:
643 3313 822 3396 Virginitas
854 3313 888 3376 in
920 3334 944 3376 s.
975 3313 1118 3396 Deipara

37 3415 196 3480 excellere
219 3413 333 3480 debuit
353 3412 477 3496 triplici
498 3412 640 3477 ratione:

96 3537 127 3580 a.
164 3515 230 3597 ,Ut
263 3515 332 3578 Deo
366 3519 465 3591 esset,
497 3513 606 3596 inquit
637 3533 661 3576 s.
695 3511 1023 3593 Bonaventura,³)
1057 3512 1117 3576 de·

35 3613 310 3679 cautissimum
330 3611 623 3690 habitaculum3
652 3611 730 3693 quia
752 3610 844 3674 enim-
859 3609 1020 3692 sapientia
1042 3631 1117 3674 can-

35 3711 94 3776 dor
124 3719 176 3778 est
202 3712 285 3778 lucis
313 3718 468 3776 aeternae
497 3716 531 3775 et
559 3709 726 3792 speculum
755 3709 824 3774 sine
852 3709 995 3788 macula,
1029 3709 1117 3792 quod

99 3946 121 4011 ¹)
139 3943 172 4000 In
188 3945 237 4002 lib.
254 3946 289 4000 de
306 3944 450 4001 similitud.
467 3960 511 4013 cp.
527 3945 568 3999 le.
602 3943 623 4010 ²)
641 3942 730 4012 Epist.
747 3945 795 3998 127
810 3942 900 3998 1145.
935 3944 957 4010 ³)
975 3942 1049 3998 Sent.
1066 3941 1116 3996 lib.

32 4026 79 4095 IV,
97 4027 165 4083 dist
182 4028 265 4083 XXX.

918 4107 965 4164 13*
