2814 4548
580 333 639 394 593

132 496 234 580 Sunt,¹
257 493 314 577 qui
341 499 456 558 contra
477 493 675 559 sententiam
696 515 716 559 a
745 515 785 558 ss.
808 493 961 560 Patribus
984 494 1151 560 defensam

75 593 281 677 objiciant:

129 713 157 756 a.
193 691 391 769 Rebeccam,
426 711 510 774 quae
538 690 728 774 appellatur
756 691 922 772 ,almah,“
956 711 1021 756 non
1049 690 1151 756 fuisse

73 791 307 868 absconditam,
348 810 432 873 quae
469 812 534 855 non
570 790 715 856 thalamo
753 797 918 868 materno,
957 811 1023 853 non
1054 788 1151 854 domo

73 897 204 971 paterna
225 889 345 967 solum,
376 888 434 953 sed
462 889 563 953 etiam
590 889 671 953 urbe
701 889 838 954 exiverit
867 888 910 953 ad
931 909 1051 971 aquam
1071 887 1151 951 bau-

72 988 221 1054 ciendam.
233 990 258 1068 ¹)

127 1088 157 1152 b.
191 1085 359 1170 Objiciunt
388 1085 570 1151 Salomonis
601 1085 736 1150 verbum
766 1107 805 1150 ex
833 1085 918 1151 libro
947 1085 1152 1150 Proverbi-

72 1207 174 1251 orum
203 1187 421 1268 desumptum.
465 1184 577 1266 ,Tria‚
607 1185 764 1267 inquit,²)
795 1191 872 1250 sunt
901 1185 1044 1250 difficilia
1072 1183 1152 1248 mihi

72 1292 102 1350 et
122 1293 276 1370 quartum
298 1284 430 1367 penitus
451 1284 582 1366 ignoro:
611 1282 707 1347 Viam
728 1282 858 1365 aquilae
886 1284 920 1347 in
943 1284 1043 1362 coe10,
1066 1284 1152 1348 viam

71 1386 191 1451 colubri
213 1391 468 1468 superterram,
498 1383 583 1447 viam
603 1383 695 1448 navis
716 1383 749 1446 in
771 1382 878 1448 medio
906 1383 990 1447 mari
1011 1388 1045 1448 et
1065 1383 1152 1447 viam

70 1485 125 1549 viri
159 1487 195 1549 in
233 1483 475 1549 adolescentia“
513 1481 659 1564 (almah).
719 1482 931 1547 Contendunt
972 1482 1152 1547 adversarii

71 1585 258 1650 vocabulum
290 1583 398 1648 almah
430 1603 490 1664 pro
525 1581 661 1646 muliere
699 1587 855 1664 corrupta
886 1581 1032 1663 positum
1063 1602 1150 1660 esse,

70 1704 165 1765 quare
196 1684 292 1765 juxta
323 1681 397 1746 illos
430 1679 582 1746 Salomon
614 1680 724 1744 almah
756 1700 947 1763 comparans
980 1701 1054 1744 cum
1086 1679 1152 1745 alia

70 1783 202 1848 muliere
224 1780 384 1846 deflorata
405 1780 440 1843 in
461 1799 556 1843 versu
577 1779 729 1862 sequenti
751 1779 937 1842 continuet:
971 1778 1079 1860 ,Talis
1101 1785 1151 1843 est

70 1887 100 1944 ot
127 1883 180 1945 ria
208 1879 354 1944 mulieris
383 1877 569 1955 adulterae,
604 1898 689 1960 quae
717 1873 861 1942 comedit
892 1884 926 1942 et
955 1885 1085 1960 tergens
1115 1899 1151 1942 os

69 2002 159 2045 sunm
182 1980 277 2044 dicit:
301 1977 393 2060 ,Non
415 1999 487 2042 sum
509 1983 646 2059 operata
667 1977 856 2058 malum.“³)

126 2079 275 2162 Objectio
308 2077 399 2159 prior
429 2075 520 2142 facili
552 2075 716 2140 refellitur
746 2075 887 2158 negotio.
939 2074 1032 2156 ,Non
1065 2073 1151 2137 enim

70 2178 228 2255 volumus,
258 2175 374 2240 scribit
401 2174 624 2257 HuetiuS,⁴)
653 2175 701 2239 ita
721 2173 822 2238 fuisse
852 2172 1059 2245 absconditas
1088 2172 1151 2236 vir-

69 2276 170 2357 gines,
202 2280 240 2339 ut
261 2281 356 2338 extra
383 2274 483 2339 limen
511 2295 678 2358 nunquam
707 2274 837 2338 omnino
859 2272 976 2356 pedem
1004 2271 1150 2350 efferent,

69 2375 121 2439 sed
143 2374 306 2459 prodiisse
327 2372 416 2437 foras
437 2373 489 2436 vel
510 2394 677 2438 sacrorum
699 2394 806 2452 causa,
826 2371 877 2437 rel
895 2370 953 2435 ubi
973 2370 1151 2434 necessitas

68 2472 175 2557 aliqua
197 2479 256 2537 aut
277 2471 385 2554 patria
414 2471 616 2536 consuetudo
639 2471 839 2554 postularet3
870 2470 1052 2535 custodiam
1074 2489 1150 2533 vero

68 2579 162 2637 noctu
186 2571 326 2636 maxime
355 2569 455 2634 fuisse
486 2570 573 2634 circa
601 2571 676 2635 illas
705 2570 902 2648 adhibitam,
933 2576 971 2633 ut
999 2568 1040 2632 ab
1063 2568 1151 2632 omni

68 2671 208 2736 virorum
228 2689 361 2734 accessu
389 2667 536 2733 seclusae
556 2670 688 2752 penitus
717 2691 755 2734 ac
777 2675 871 2735 tutae
894 2673 1011 2732 essent.
1054 2666 1151 2732 Patet

68 2769 98 2832 id
126 2792 167 2834 ex
199 2767 341 2834 secundo
371 2765 645 2832 Machabaeorum
677 2768 815 2851 libro,⁵)
849 2767 906 2832 ubi
937 2767 986 2831 ita
1013 2767 1149 2849 legitur:

68 2868 244 2951 ,Virginea
262 2886 346 2949 quae
368 2865 540 2931 conclusae
563 2873 666 2946 erant,
685 2867 924 2951 procurrebant
944 2867 987 2931 ad
1004 2866 1151 2932 Oniam.“

68 2965 218 3042 Quamvis
257 2965 358 3047 igitur
390 2964 577 3029 domesticis
612 2966 802 3030 ministeriis
840 2965 985 3030 interdiu
1020 2971 1152 3030 vacaret

67 3063 214 3130 Rebecca
232 3063 328 3148 juxta
350 3064 476 3146 patrios
497 3084 619 3142 mores,
649 3065 738 3128 haud
759 3065 866 3129 minus
893 3065 1033 3130 sollicite
1054 3086 1151 3147 prop-

68 3171 156 3229 terea
194 3187 214 3228 a
245 3162 438 3245 parentibus
475 3169 640 3245 noctuque
678 3164 853 3246 praecipue
892 3162 1168 3246 custodiebatur,

67 3265 150 3328 unde
172 3263 291 3327 merito
313 3262 422 3326 almah
443 3263 462 3325 i.
487 3283 513 3326 e.
537 3262 731 3326 abscondita
752 3263 841 3327 dicta
863 3264 944 3327 est.“

125 3362 266 3426 Textum
288 3381 327 3425 ex
349 3360 533 3425 Proverbiis
557 3360 749 3443 allegatum,
768 3362 820 3426 ‘de
843 3384 907 3445 quo
927 3363 995 3446 jam
1017 3382 1116 3444 supra
1125 3362 1151 3442 6)

66 3458 168 3525 fusius
191 3459 418 3538 disseruimus,
448 3461 476 3524 si
498 3460 570 3543 quis
592 3467 720 3526 attente
743 3461 940 3540 consideret,
968 3461 1152 3526 sententiae

66 3567 196 3623 nostrae
224 3559 413 3624 nullatenus
435 3565 673 3641 repugnantem
693 3558 849 3624 facillime
870 3560 1022 3624 inveniet.
1067 3559 1153 3636 Quo-

132 3807 152 3870 ¹)
170 3804 238 3860 Gen.
256 3802 417 3869 XXIV,42.
458 3805 481 3871 ²)
499 3803 580 3858 Prov.
599 3803 684 3867 XXX,
703 3805 743 3871 18,
766 3820 806 3872 sq.
848 3805 870 3871 ³)
889 3805 920 3860 L.
938 3821 962 3859 c.
980 3808 1020 3860 19.
1060 3805 1082 3872 ⁴)
1101 3805 1154 3859 De·

64 3887 229 3940 monstratio
253 3903 350 3954 evang.
375 3903 455 3956 prop.
480 3885 528 3952 lX,
553 3904 581 3955 p.
602 3889 652 3941 763
677 3887 744 3942 odit.
769 3885 816 3942 1v.
856 3885 878 3952 ⁶)
902 3887 1013 3954 111,19.
1054 3887 1075 3954 ο)
1097 3887 1154 3942 Cir.

64 3983 90 4034 p.
108 3967 128 4022 l.
146 3973 212 4022 sect.
231 3967 267 4034 ll,
285 3985 328 4037 cp.
348 3968 382 4035 11,
400 3968 424 4036 ξ,
443 3972 465 4022 1.

950 4051 984 4103 38
