2782 4554
579 325 637 384 517

101 486 153 549 In
192 505 360 569 quonam
396 485 503 549 ratio
540 484 739 550 consistat
773 485 1008 568 praecipua,
1045 507 1115 550 cur

156 584 189 648 b.
219 585 338 666 Virgo
372 584 540 649 colenda
569 585 624 649 sit
652 583 764 649 cultu
792 584 1065 668 hyperdulico.

127 716 170 780 In
204 716 399 799 assignanda
426 716 488 780 hac
520 717 649 782 ratione
681 716 827 801 theologi
858 719 989 783 minime
1022 738 1156 782 consen·

54 816 175 894 tiunt;
206 815 354 879 nonnulli
377 836 449 879 eam
471 837 541 880 esse
565 816 767 880 contendunt
788 818 1061 895 sanctitatem,
1083 815 1156 898 plu-

55 915 143 979 rimi
172 936 250 979 vero
280 915 368 997 iique
398 915 578 996 gravissimi
605 920 720 979 tenent
746 916 777 979 b.
800 915 943 999 Virginis
971 915 1156 979 materni-

57 1020 205 1089 tatem.
243 1014 292 1078 De
314 1011 500 1079 differentia
518 1015 604 1078 inter
626 1016 837 1080 sanctitatem
860 1023 893 1081 et
911 1015 1156 1080 maternitatem
1211 1073 1213 1080 ,

59 1115 233 1178 existente
253 1135 352 1197 quum
367 1113 435 1196 jam
456 1135 555 1196 supra
573 1113 677 1178 fusius
695 1121 874 1180 tractatum
892 1114 1030 1195 fuerit,¹)
1051 1133 1157 1196 pauca

60 1213 110 1278 ad
133 1211 324 1277 solvendam
344 1212 435 1276 illam
457 1213 682 1296 quaestionem
703 1213 756 1277 hic
778 1213 947 1278 sufficiant.

131 1313 266 1395 Optimo
285 1312 358 1395 jure
380 1313 546 1391 asseritur,
576 1312 605 1375 b.
628 1311 795 1395 Virginem
817 1311 1026 1395 hyperdulice
1050 1309 1156 1374 colen-

63 1413 145 1476 dam
164 1398 244 1490 esse,
263 1433 363 1493 quum
381 1412 425 1476 sit
446 1411 574 1476 Mater
596 1412 676 1476 Dei.
720 1412 885 1477 Sanctitas
903 1411 1007 1493 majus
1024 1409 1156 1493 quidem

63 1511 193 1574 bonum
228 1510 441 1574 maternitate
476 1511 577 1576 nude
614 1517 759 1594 sumpta,
800 1511 877 1594 quia
913 1516 963 1574 est
995 1507 1155 1591 quaedam

64 1609 199 1673 divinae
228 1615 366 1673 naturae
394 1611 614 1724 participatio.
657 1611 851 1675 Maternitas
881 1609 898 1674 ὂ
926 1615 1040 1673 contra
1069 1628 1155 1671 com·

64 1709 291 1773 manicatione
314 1709 419 1773 carnis
439 1716 473 1774 et
491 1711 656 1794 sanguinis
676 1710 844 1775 fundatur.
884 1708 1027 1776 Athaco
1046 1707 1155 1772 divina

67 1807 267 1872 maternitas
296 1813 380 1872 teste
407 1807 616 1892 Pauwels2)
646 1809 800 1924 cumulat
777 1815 842 1873 trus
863 1807 978 1886 hahet,
1009 1806 1127 1892 quod
1116 1805 1155 1870 fit

67 1905 200 1969 altioris
222 1905 360 1970 ordinis:

135 2033 164 2068 a.
196 2003 330 2081 Quiab.
349 2003 448 2086 Virgo
467 2025 527 2087 per
543 2005 816 2070 maternitatem
808 2026 842 2068 m
863 2003 1154 2069 communicatione

69 2104 286 2168 humanitatis
314 2125 387 2168 cum
409 2103 516 2168 Verbo
545 2103 711 2169 mediante
732 2103 905 2187 temporali
934 2101 1153 2186 generatione,

70 2202 243 2268 fundatam
274 2203 375 2267 habet
408 2225 491 2270 cum
525 2203 604 2269 Deo
639 2203 985 2287 propinquitatem
1018 2202 1153 2285 Deoque

71 2302 337 2386 conjunctissima
354 2307 412 2366 est.
435 2301 539 2379 Quam
557 2303 816 2384 conjunctionem
827 2301 970 2385 Angelus
985 2300 1153 2384 Scholae³)

73 2401 265 2467 affinitatem
285 2406 388 2464 vocat.

134 2508 163 2584 β.
200 2500 333 2566 Gratiae
365 2499 535 2582 plenitudo
567 2499 599 2564 b.
629 2500 755 2583 Virgini
786 2501 907 2566 collata
938 2500 1003 2565 fuit
1035 2522 1055 2564 a
1083 2500 1153 2564 Deo

75 2623 138 2684 qua
159 2620 300 2683 congrua
319 2597 489 2682 dispositio
512 2599 554 2664 ad
573 2599 764 2682 dignitatem
782 2599 1021 2678 maternitatis3
1044 2620 1154 2664 omncs

76 2701 200 2783 gratiae
235 2699 329 2782 quasi
361 2698 501 2763 totidem
531 2696 676 2762 formant
706 2697 825 2780 gradus
861 2697 903 2762 ad
934 2698 1155 2764 maternitatis

76 2799 225 2864 thronum
247 2798 413 2862 ducentes.
458 2796 564 2873 Quare
594 2796 754 2878 expressis
775 2796 882 2862 verbis
904 2798 1001 2863 docet
1029 2797 1058 2861 d.
1082 2797 1154 2862 Au-

76 2896 270 2980 guttinus:
277 2895 426 2978 4),Inde
448 2895 605 2972 norimus,
628 2901 755 2959 tantam
776 2896 915 2977 gratiam
936 2896 1062 2979 Virgini
1083 2918 1154 2962 esse

77 2994 235 3073 collatam,
259 2993 336 3077 quia
359 2994 464 3058 Deum
486 2993 606 3058 meruit
627 2993 797 3077 concipere
819 3001 853 3059 et
873 2995 1020 3106 pareref‘

135 3123 160 3179 y.
192 3094 242 3158 Ex
263 3093 505 3158 maternitate
492 3098 588 3176 Juxta
615 3115 655 3157 ss.
678 3093 813 3158 Patrum
841 3092 945 3158 doct'
904 3100 1023 3158 trinam
1045 3095 1154 3159 omnia

78 3193 158 3259 dona
192 3192 469 3274 supernaturalia,
511 3193 619 3258 omnia
650 3193 820 3276 privilegia
851 3194 885 3257 in
917 3193 990 3258 aliis
1025 3195 1153 3260 Sanctis

79 3293 188 3369 divisa,
217 3291 251 3354 in
279 3291 417 3355 Mariam
444 3289 611 3374 profluunt
640 3291 845 3375 conjunctim.
890 3292 1007 3358 Divina
1035 3299 1155 3358 mater-

79 3392 174 3468 nitas,
213 3389 315 3454 veluti
353 3391 550 3474 principium
590 3398 623 3456 et
658 3391 752 3455 radix
792 3392 935 3456 omnium
974 3393 1153 3475 gratiarum

78 3512 115 3554 ac
140 3489 393 3573 privilegiorum,
428 3511 462 3555 se
492 3490 603 3554 habet*
622 3489 664 3554 ad
692 3489 749 3553 illa
781 3497 819 3554 ut
844 3492 950 3573 prima
977 3491 1083 3557 forma
1111 3490 1153 3556 ad

81 3610 151 3653 snas
175 3589 401 3671 proprietates.
445 3589 518 3654 Jam
545 3611 621 3654 vero
652 3611 751 3672 quum
773 3588 878 3654 forma
904 3589 1082 3673 perfectior
1109 3591 1153 3655 sit

81 3688 327 3771 proprietatibus
356 3711 394 3754 ac
423 3688 692 3771 dispositionibus
721 3689 801 3768 suis,
834 3689 934 3753 etiam
959 3689 1153 3754 maternitas

142 3886 160 3952 ¹)
172 3886 225 3954 (ιιι,
237 3903 299 3954 pag.
312 3889 362 3942 446
374 3903 432 3957 sqq.
467 3886 488 3953 4)
503 3886 672 3957 Anthologia
686 3887 811 3941 Mariana
825 3887 995 3957 Antverpiae
1009 3887 1075 3940 1775
1089 3903 1152 3956 pag.

84 3973 134 4025 172.
164 3969 182 4036 ³)
199 3967 240 4030 2}
256 3965 298 4032 2⁸2⁰
316 3970 423 4035 CXXX,
440 3973 493 4024 art.
509 3971 526 4022 4
544 3969 580 4022 ad
596 3973 620 4024 2.
652 3969 674 4036 ⁴)
691 3970 754 4026 Lib.
771 3971 806 4024 de
823 3974 880 4024 nat.
899 3973 927 4024 et
944 3972 1014 4038 grat.
1034 3986 1076 4038 cp.
1093 3972 1135 4027 86.
