2782 4554
569 345 627 404 dffi

51 514 83 570 et
105 512 268 583 matrem,
298 510 336 568 ut
366 502 534 568 decretum
562 526 582 568 a
610 525 645 568 se
673 506 914 589 promulgatum
943 507 1139 587 observaret,

51 602 467 684 scribit‘Methodius,¹)
496 624 624 667 omnem
645 605 784 686 gratiam
808 612 841 670 et
862 606 1019 671 honorem
1040 607 1141 672 Matri
1234 611 1238 622 '

51 703 247 786 impendit.“
291 689 457 784 Quidquid
481 701 613 766 honoris
644 708 677 767 et
704 703 852 787 obsequii
882 705 923 769 ab
946 705 1078 787 Angelis
1107 714 1142 771 et

51 802 242 866 homiuibus
270 800 301 866 b.
325 800 450 882 Virgini
472 799 594 864 deferri
615 806 739 884 potest,
768 801 917 868 Christus
940 803 1040 869 Matri
1061 827 1140 869 suae

52 901 287 966 dilectissimae
318 905 351 963 et
378 898 500 962 obtulit
530 906 564 963 et
591 898 697 963 offert.
739 899 783 964 Et
812 902 890 984 quia
918 908 990 967 tota
1017 902 1139 985 gloriae

52 1007 225 1076 maternae
262 997 452 1080 magnitudo
492 997 526 1060 in
561 997 680 1062 Filium
718 999 897 1079 redundat,
938 1001 965 1066 is
1003 1022 1067 1065 non
1105 1023 1139 1067 se

54 1099 280 1163 existimamus
301 1096 382 1160 'satis
404 1095 609 1175 honoratum,
639 1096 702 1161 nisi
723 1097 863 1162 Matrem
885 1099 1044 1179 omnibus,
1069 1101 1140 1184 qui·

53 1198 112 1262 bus
134 1217 318 1280 possumne,
341 1194 444 1259 modis
468 1195 619 1261 colamus.

114 1297 226 1374 Quare
248 1315 358 1359 omnes
380 1300 552 1359 creaturae
574 1294 781 1377 quantumvis
803 1294 949 1360 elevatae
971 1296 1001 1360 b.
1016 1297 1140 1380 Virgini

55 1395 299 1460 venerationem
321 1392 450 1457 debent.
493 1389 620 1474 ,Tanta
641 1393 735 1472 enim,
765 1394 875 1476 inquit
902 1394 1051 1461 Doctor
1079 1397 1140 1462 Se·

56 1493 294 1578 raphieus,2)
327 1491 392 1556 fuit
420 1491 583 1574 Deiparae
612 1492 763 1574 dignitas,
791 1499 829 1557 ut
856 1493 884 1556 si
911 1515 1022 1558 omncs
1051 1517 1140 1560 crea-

56 1601 158 1673 turae,
179 1598 467 1677 quantumcunque
486 1589 700 1655 ascenderent
717 1591 751 1655 in
770 1590 924 1673 gradibus
945 1592 1138 1672 nobilitatis,

55 1700 162 1758 essent
199 1696 403 1775 praesentes,
445 1711 556 1754 omnes
593 1690 752 1754 deberent
786 1691 1003 1754 reverentiam
1038 1691 1139 1756 Matri

56 1793 145 1856 ueif‘
191 1790 297 1874 ,Quid
326 1811 386 1854 uos
415 1788 537 1853 tantilli
566 1789 599 1853 in
621 1788 774 1853 laudibus
796 1789 920 1854 Mariae
949 1789 1138 1872 referamne,

55 1892 217 1956 exclamat
237 1890 324 1953 idem
346 1911 370 1952 s.
394 1888 543 1953 Ductor
564 1887 842 1969 admirabunde,³)
873 1910 972 1970 quum
995 1891 1139 1955 omnium
1224 1947 1226 1951 .

54 1997 203 2055 nostrum
223 1987 382 2066 membra,
406 1987 434 2051 si
455 1987 489 2049 in
510 1987 637 2068 linguas
658 1992 879 2065 verterentur,
910 2009 981 2051 eam
1002 1988 1138 2053 laudare

54 2090 163 2154 nullus
186 2087 331 2178 sufficere
358 2086 513 2150 valeret.“
555 2085 697 2167 ingenue
725 2083 851 2149 fatetur
878 2085 1138 2152 insufficientiam

55 2211 147 2254 suam
175 2187 271 2252 modo
303 2185 461 2250 laudandi
492 2184 604 2249 debito
637 2184 668 2246 b.
697 2184 873 2266 Virginem.
924 2185 1057 2266 „Certa
1091 2187 1140 2250 in-

56 2289 165 2372 quite)
188 2285 310 2350 adhoc
329 2306 409 2367 opus
428 2281 555 2366 (laudes
572 2281 709 2364 Mariae)
729 2281 837 2346 fatcor
856 2283 989 2348 nimiam
1007 2285 1138 2349 omnino

56 2410 124 2454 esse
153 2408 259 2451 meam
287 2383 548 2449 insufficientiam
576 2389 711 2466 propter
740 2383 873 2446 nimiam
900 2383 1060 2448 materiae
1088 2384 1138 2447 in·

56 2484 458 2569 comprehensibilitatem,
501 2489 638 2565 propter
675 2482 809 2546 nimiam
848 2482 1004 2547 scientiae
1045 2475 1138 2548 meae

57 2587 258 2662 tenuitatem,
276 2590 309 2649 et
326 2589 461 2666 propter
479 2581 611 2645 nimiam
628 2601 786 2663 personae
803 2581 994 2646 laudandae
1006 2581 1138 2646 laudem

58 2693 89 2750 et
108 2683 403 2748 laudabilitatem.“
499 2693 500 2698 ’

114 2784 228 2866 Neque
256 2782 386 2846 silentio
408 2771 589 2865 praeterire
611 2801 782 2862 possumus
809 2779 973 2845 mirabilia
1002 2801 1026 2844 s.
1049 2779 1139 2844 Ber·

58 2882 223 2947 nardini.
269 2880 316 2962 ,0
337 2879 469 2958 femina,
491 2879 672 2963 alloquitur
692 2877 723 2942 b.
739 2879 915 2961 Virginem,
923 2878 948 2960 5)
971 2878 1012 2942 ab
1035 2879 1138 2942 omni-

58 2982 115 3046 bus
144 2986 177 3044 et
198 3000 297 3061 super
323 2979 431 3044 omnia
460 2977 647 3043 benedicta:
681 2985 718 3042 tu
746 2979 843 3043 unica
864 2977 972 3042 Mater
993 2976 1069 3055 Dei,
1100 2983 1138 3042 tu

59 3081 185 3144 domina
206 3079 357 3156 universi,
381 3077 494 3159 regina
515 3076 637 3154 mundi,
660 3076 879 3160 dispensatrix
901 3075 1044 3140 omnium
1065 3096 1138 3157 gra·
1251 3077 1252 3080 ’

58 3180 181 3257 tiarum,
201 3184 239 3243 tn
255 3177 420 3242 Ecclesiae
443 3175 548 3253 decor,
567 3181 604 3240 tu
626 3175 770 3239 omnium
788 3175 957 3253 virtutum,
977 3173 1138 3238 donorum

60 3285 90 3344 et
109 3279 288 3361 gratiarum
315 3274 651 3357 incomprehensibilis
679 3273 885 3356 magnitudo:
918 3279 957 3338 tu
977 3272 1150 3355 templum·

60 3378 126 3455 Dei,
143 3383 180 3441 tu
197 3376 312 3440 hortus
329 3373 528 3452 deliciarum,
548 3379 585 3438 tu
603 3372 787 3455 exemplum
805 3372 948 3437 omnium
966 3370 1136 3451 bonorum,

60 3474 230 3540 consolatio
251 3474 451 3552 devotorum,
471 3472 573 3537 totius
595 3471 711 3537 salutis
729 3471 823 3537 radix
846 3470 880 3536 et
898 3477 1136 3550 ornamentum,

60 3581 94 3640 tu
110 3579 204 3657 porta
225 3573 317 3652 coeli,
334 3571 464 3637 laetitia
481 3570 635 3654 paradisi,
655 3576 689 3635 et
705 3570 795 3635 ultra
817 3591 915 3654 quam
937 3569 1002 3635 dici
1019 3571 1135 3654 possit,

60 3672 180 3737 laetitia
200 3671 317 3736 summi
339 3670 416 3735 Dei:
446 3691 521 3734 vere
542 3667 758 3734 balbutiendo
778 3667 838 3732 has
859 3661 975 3732 laudes
1006 3668 1137 3758 enunti-

121 3906 142 3970 1ι
159 3903 232 3960 ora.
250 3901 285 3958 ue
302 3884 412 3970 perito.
445 3902 468 3969 2)
486 3900 520 3954 In
537 3899 560 3967 1,
578 3899 653 3955 sene.
672 3899 736 3955 urst.
754 3898 853 3958 xnrv.
891 3902 913 3968 ι)
932 3899 964 3954 ln
981 3898 1096 3968 speal.
1113 3901 1138 3953 1.

61 3988 80 4052 4)
96 3985 161 4043 lbid.
193 3987 214 4054 ὅ)
231 3985 273 4039 Dc
290 3988 417 4053 concept.
435 3985 466 4040 B.
482 3983 521 4040 M.
537 3983 572 4040 V.
933 4063 981 4119 33·
