2728 4560
744 303 804 406 nso

236 512 345 588 pater,
376 527 572 589 quamquam
597 506 692 589 juxta
719 505 903 588 opinionem
930 506 1018 590 vulgi
1038 507 1162 572 carnali
1182 529 1294 590 genera·

237 605 326 669 tione
359 626 432 669 eum
459 611 587 688 patrem
615 605 762 687 putantis
791 606 840 670 ita
872 605 972 669 semel
1000 605 1041 670 ab
1069 606 1293 689 Evangehsta1)

236 710 371 768 vocatus
393 704 450 782 sit,
473 725 578 786 neque
601 703 701 768 etiam
729 704 927 768 nutritius
956 711 1098 784 tantum,
1130 727 1242 788 neque,
1265 712 1295 768 ut

236 804 406 867 vitricus
434 803 574 886 privigni
601 803 711 867 uxoris
740 824 818 867 suae
846 802 906 866 filii
933 803 1032 868 Pater
1059 811 1207 883 vocatur,
1235 804 1295 886 quia

237 902 359 966 Christi
391 903 546 967 nativitas
580 923 692 966 eorum
722 901 908 984 conjugium
939 924 1004 966 uon
1033 903 1223 986 praecessit,
1251 902 1295 966 sed

236 1001 340 1065 multo
368 1001 514 1084 pleniore
546 1023 584 1066 ac
615 1002 748 1066 meliore
780 1003 908 1067 ratione
939 1003 1000 1067 hoc
1031 1024 1149 1067 nomen
1179 1003 1295 1067 honora-

235 1101 397 1165 tissimum
429 1101 459 1165 ei
487 1101 696 1179 attribuitur,
730 1101 807 1183 quia
837 1121 953 1182 nempe
982 1100 1130 1169 Christus
1160 1101 1295 1165 Dominus

206 1206 209 1210 '
235 1205 361 1276 noster,
396 1200 458 1264 atsi
487 1221 551 1264 non
581 1221 621 1264 ex
649 1222 672 1264 s.
700 1200 837 1283 Joseph‚
864 1205 981 1283 tamen
1008 1200 1042 1263 iu
1071 1201 1141 1283 ejus
1168 1199 1297 1283 virginali

236 1299 384 1381 conjugio
420 1305 517 1364 natus
552 1298 662 1363 fuerit.
718 1298 816 1363 Pater
851 1298 973 1363 Christi
1008 1300 1215 1382 putativus
1245 1299 1296 1362 fuit
1327 1301 1329 1318 '

236 1397 445 1479 generatione
477 1398 645 1476 carnali,
679 1418 794 1461 verus
827 1418 844 1461 e
878 1403 993 1461 contra
1024 1398 1094 1481 ejus
1122 1406 1216 1481 pater
1237 1399 1295 1481 jure

236 1497 422 1578 conjugii.

298 1599 325 1658 2.
358 1595 449 1660 Inter
470 1617 515 1660 ss.
537 1602 674 1678 patres
696 1595 725 1658 d.
747 1595 1083 1677 Augustinus-fuit
1104 1597 1232 1678 primus,
1252 1593 1296 1676 qui

236 1693 417 1759 doctrinam
449 1695 488 1758 de
517 1679 656 1758 veiitate
685 1694 884 1758 matrimonii
912 1694 999 1758 inter
1030 1694 1060 1758 b.
1088 1694 1248 1777 Virginem
1271 1698 1296 1755 et

235 1813 259 1856 s.
281 1793 403 1875 Joseph
429 1793 505 1858 initi
533 1815 684 1876 expresse
713 1793 825 1857 docuit
853 1794 1059 1876 maximoque
1087 1815 1162 1858 curn
1188 1793 1296 1857 fervore

235 1897 349 1956 contra
370 1892 527 1957 Faustum
547 1891 809 1974 Manichaeum²)
832 1899 865 1957 et
885 1893 1053 1958 Julianum
1070 1891 1295 1976 Pelagisnum³)

236 1989 391 2054 defendit.
436 1991 499 2056 Sed
522 2013 561 2055 ex
582 1990 721 2054 aliorum
750 2012 879 2073 quoque
900 1999 1031 2073 patrum
1053 1997 1131 2057 ante
1161 2014 1184 2056 s.
1205 1992 1297 2072 Augu-

234 2089 356 2153 stinum
376 2088 562 2154 florentium
583 2089 713 2172 scriptis
735 2088 888 2153 facillime
911 2089 1091 2172 colligitur,
1123 2112 1177 2155 eos
1198 2090 1253 2154 hac
1269 2087 1296 2150 in

234 2208 269 2251 re
302 2209 376 2251 cum
411 2188 621 2252 celeberrimo
654 2188 797 2252 Doctore
834 2188 978 2271 ejusdem
1009 2188 1111 2253 fuisse
1143 2187 1296 2272 opinionis.

235 2286 404 2369 Quotquot
435 2287 522 2351 enim
557 2293 781 2365 asseruerunt,
819 2287 984 2352 Christum
1019 2309 1059 2351 ex
1090 2288 1221 2371 Virgine
1253 2286 1297 2350 de

235 2391 390 2466 sponsata
419 2391 533 2450 natum
562 2406 630 2450 esse
652 2385 807 2465 voluisse,
837 2407 878 2450 ne
899 2385 970 2468 ipse
999 2387 1129 2468 spurius
1150 2387 1298 2451 videretur

233 2482 373 2566 ideoque
404 2492 572 2568 tamquam
603 2507 698 2550 verus
729 2485 864 2549 Messias
896 2506 916 2550 a
943 2485 1076 2550 Judaeis
1108 2485 1297 2569 rejiceretur3

233 2603 275 2647 ne
293 2583 407 2662 Maria,
430 2585 458 2648 si
478 2584 616 2667 innupta
632 2581 821 2667 peperisset,
839 2585 946 2666 stupri
965 2605 1022 2649 rea
1042 2584 1218 2650 haberetur
1237 2589 1296 2658 etc,

235 2702 272 2745 eo
301 2681 372 2763 ipso
399 2704 465 2746 non
492 2682 627 2748 obscure
655 2685 847 2763 innuerunt,
882 2705 994 2748 verum
1022 2690 1056 2749 et
1076 2690 1185 2749 ratum
1212 2683 1297 2746 inter·

234 2781 368 2844 cessisse
401 2782 644 2846 matrimonium
680 2782 711 2847 b.
741 2783 907 2865 Virginem
937 2783 1024 2847 inter
1058 2788 1092 2846 et
1126 2805 1150 2848 s.
1181 2778 1296 2862 Joseph.

233 2879 342 2945 Unum
364 2881 542 2946 alterumve
564 2882 733 2947 audiamus
754 2882 991 2948 testimonium:
1086 2893 1089 2900 '

297 2979 415 3044 Citatis
433 2981 549 3063 Angeli
569 2981 612 3045 ad
633 3003 657 3046 s.
671 2981 793 3064 Joseph
815 2981 937 3046 verbis:
961 2979 1072 3062 ,Noli
1093 2980 1232 3044 timere
1250 2997 1297 3040 ac·

234 3078 368 3160 cipere
396 3079 560 3143 Mariam
589 3081 793 3164 conjugem
821 3081 947 3145 tuam“
976 3080 1006 3143 d.
1031 3073 1296 3162 Augustinus)

234 3177 478 3242 animadvertit:
513 3179 659 3261 ,Conjux
686 3186 821 3244 vocatur
849 3201 889 3244 ax
914 3179 1019 3261 prima
1046 3177 1110 3242 fide
1140 3178 1297 3260 desponsa·

169 3287 172 3292 '
233 3276 345 3355 tionis,
376 3298 473 3358 quam
494 3278 669 3342 concubitu
690 3300 750 3343 neo
778 3284 972 3361 cognoverat
992 3299 1052 3342 nec
1072 3275 1183 3341 fuerat
1204 3271 1297 3356 cogni·

233 3379 344 3452 turus;
373 3397 432 3439 nec
461 3377 605 3458 perierat
632 3398 692 3441 nec
721 3377 860 3456 mendax
890 3383 1055 3440 manserat
1083 3375 1226 3459 conjugis
1250 3393 1298 3452 ap·

233 3472 384 3554 pellatio,
422 3475 479 3538 ubi
511 3495 570 3538 nec
606 3474 716 3539 fuerat
746 3496 806 3540 nec
843 3474 957 3542 futura
995 3481 1066 3540 erat
1101 3474 1170 3541 ulla
1205 3469 1297 3538 carnis

234 3572 428 3636 commixtio.
477 3574 558 3638 Erat
587 3575 706 3658 quippe
735 3575 792 3638 illa
820 3575 909 3658 virgo
938 3575 1011 3639 ideo
1044 3582 1078 3640 et
1106 3574 1245 3640 sanctius
1270 3573 1297 3632 et

299 3821 319 3886 ¹)
337 3820 403 3875 Luc.
421 3821 472 3888 111,
488 3826 529 3878 23.
570 3825 591 3890 ²)
610 3823 711 3878 Contra
727 3824 859 3878 Faustum
882 3840 925 3891 op.
943 3826 971 3891 83
993 3823 1042 3878 lib.
1060 3823 1082 3889 1,
1100 3823 1136 3877 de
1157 3819 1255 3890 nuptiis
1273 3819 1297 3869 et

233 3904 458 3971 concupiscentia
480 3922 523 3973 cp.
542 3907 580 3960 11.
622 3908 644 3972 8)
663 3907 766 3961 Contra
782 3906 923 3960 «Iulianum
945 3907 994 3972 lib.
1012 3909 1028 3960 5
1045 3923 1088 3976 cp.
1104 3908 1130 3961 9.
1169 3906 1191 3971 ⁴)
1208 3901 1263 3956 Lib·
1279 3897 1297 3964 b

232 3985 268 4038 de
285 3986 390 4054 nuptiis
407 3990 436 4040 et
452 4002 568 4056 concup.
586 4003 630 4056 cp.
650 3991 678 4042 ll
696 4006 724 4043 n.
741 3993 780 4043 12.
