2772 4550
544 350 601 408 541

36 518 66 575 et
91 509 263 594 genitricis
281 509 344 574 Dei
364 508 489 574 Mariae
517 509 669 573 nuntium
698 518 904 592 acceperunt.
948 513 1030 578 'lum
1057 537 1114 579 au-

35 610 236 693 gustissimae
259 608 405 692 ejusdem
428 608 552 674 Mariae
572 608 745 704 natiyitas:
769 608 836 673 illic
858 613 1037 694 conceptio
1060 614 1113 678 hic

36 709 216 775 nativitas.“
271 708 394 773 Versus
422 729 544 772 anuum
564 712 626 772 830
646 707 812 785 Petrus,
841 710 1001 792 Argorum
1030 713 1113 795 epis-

35 831 144 892 copus,
168 808 316 874 exaravit
351 808 534 872 orationem
570 806 624 887 ,in
655 807 902 889 conceptionem
934 831 957 872 s.
988 809 1110 889 Annae,

35 907 159 991 quando
196 907 347 989 concepit
382 912 527 971 sanctam
560 906 622 969 Dei
654 906 872 970 Genitricem“
910 931 993 992 quae
1024 910 1113 976 bisce

35 1008 134 1072 verbis
170 1006 301 1072 finitur:
342 1007 486 1088 ,Horum
518 1027 615 1088 porro
651 1004 810 1070 bonorum
846 1008 990 1072 omnium
1022 1009 1112 1092 origo

34 1114 64 1171 et
89 1128 189 1172 causa
216 1127 372 1189 praesens
401 1105 530 1171 exstitit
555 1105 758 1183 solemnitas,
789 1127 873 1188 quae
901 1107 1036 1190 reliquis
1065 1111 1113 1172 in·

33 1227 126 1288 super
153 1205 318 1282 omnibus
348 1225 406 1270 seu
435 1204 596 1287 quaedam
624 1203 701 1268 solis
730 1225 849 1270 aurora
877 1212 986 1271 ortum
1006 1215 1111 1291 parat,

33 1312 240 1388 caeterasque
280 1325 314 1368 se
330 1351 334 1361 ,
352 1305 424 1387 ipsa
464 1303 689 1368 solemnitates
729 1307 1007 1390 praenuntiat.“¹)
1051 1309 1113 1374 Eo-

33 1404 194 1470 demicte
215 1411 364 1486 tempore
393 1403 493 1468 etiam
523 1402 731 1485 Georgius
760 1401 1111 1485 Nicomediensis,

34 1503 136 1569 Photii
158 1510 364 1579 coaetaneus,
387 1501 427 1565 de
454 1500 646 1584 ,splendida
668 1507 701 1565 et
721 1500 843 1565 illustri
864 1501 1000 1584 hujusce
1021 1504 1113 1569 festi·

33 1603 138 1668 vitatis
169 1601 300 1683 (nempe
328 1599 557 1681 conceptionis
585 1599 616 1662 b.
639 1599 796 1682 Virginis)
824 1599 1037 1666 celebritate“
1067 1604 1113 1667 lo·

33 1701 202 1783 quebatur.

88 1798 229 1866 Saeculo
261 1797 343 1862 XII.
380 1796 535 1861 Manuel
571 1799 790 1864 Comnenus
822 1799 1007 1881 Imperator
1038 1822 1113 1864 con·

33 1899 238 1964 stitutionem
262 1895 428 1973 eliditis
450 1917 515 1978 qua
536 1897 623 1961 inter
644 1896 710 1961 alia
725 1897 805 1961 haee
821 1897 989 1980 leguntur:
1013 1900 1114 1980 ,San
1143 1950 1146 1956 ,

33 1999 144 2076 cimus,
177 2003 215 2061 ut
236 1995 306 2059 dies
328 1994 377 2058 illi
397 1994 510 2060 feriati
531 1996 610 2073 sint,
641 2017 722 2079 quos
744 1995 779 2058 in
807 1997 973 2077 praesenti
994 2000 1114 2063 consti·

32 2098 158 2162 tutione
190 2093 382 2160 nominatim
415 2094 675 2158 enumerabimus
699 2143 859 2158 ......
896 2095 980 2160 Item
1009 2118 1113 2162 nonus

33 2195 235 2272 Decembris,
265 2192 386 2276 quippe
415 2194 492 2274 quia
520 2198 597 2257 tunc
620 2191 795 2258 Genitricis
818 2194 879 2258 Dei
907 2196 1009 2260 nostri
1038 2219 1113 2261 con-

33 2298 134 2380 ceptio
160 2292 411 2371 celebreturfll)

88 2394 335 2477 Antiquitatem
372 2390 469 2472 hujus
508 2389 585 2453 festi
619 2389 707 2472 apud
740 2391 880 2456 Graecos
913 2392 1032 2474 probat
1065 2400 1112 2458 te·

31 2501 135 2560 stante
168 2489 336 2556 Gravois
351 2490 376 2570 3)
407 2488 575 2552 evidenter
603 2489 765 2555 unanimis
793 2491 827 2554 in
857 2511 895 2555 eo
918 2490 1112 2557 celebrando

30 2597 205 2660 cousensus
235 2588 380 2654 omnium
409 2586 628 2651 Ecclesiarum
664 2589 874 2654 orientalium
905 2591 1113 2675 omniumque

31 2692 230 2758 Graecorum
258 2694 327 2751 tam
358 2685 610 2762 catholicorum,
643 2708 743 2768 quam
770 2688 1052 2755 schismaticorum
1080 2697 1114 2755 et

30 2791 280 2865 haereticorum,
300 2786 357 2868 qui
378 2784 456 2850 licet
474 2785 508 2848 in
529 2783 641 2849 multis
662 2785 767 2851 officia
788 2786 898 2852 divina
919 2809 1114 2853 concernen-

30 2889 113 2956 tibus
147 2888 191 2954 ab
224 2885 363 2950 invicem
393 2883 571 2966 plurimum
607 2883 807 2968 discrepent,
844 2887 878 2950 in
910 2887 972 2952 hoe
1004 2895 1114 2954 tamen

30 2988 229 3056 unanimiter
249 2984 454 3050 conveniunt.
498 2982 576 3060 Quis
598 3005 673 3048 vero
703 3006 849 3050 asserere
869 2988 1008 3069 poterit,
1039 2987 1115 3052 hae-

30 3089 148 3156 reticos
170 3086 314 3152 Graecos
342 3105 363 3148 a
385 3082 561 3148 Catholicis
589 3082 641 3146 vel
662 3082 848 3150 catholicos
877 3086 917 3150 ab
940 3087 1114 3152 haereticis
1198 3121 1200 3126 ·

29 3186 117 3254 illam
150 3185 313 3268 recepisse
345 3181 581 3246 festivitatem?
622 3181 700 3259 Quis
733 3183 882 3264 negabit,
923 3206 995 3249 eam
1026 3186 1115 3268 apud

30 3286 100 3354 illos
128 3283 317 3367 antiquitus
338 3280 526 3347 institutam
545 3279 657 3358 fuisse,
679 3287 858 3365 antequam
879 3283 912 3346 in
934 3289 987 3348 tot
1008 3291 1115 3349 sectas

29 3406 65 3451 ac
84 3383 191 3452 veluti
211 3402 321 3448 ramos
343 3379 587 3445 dividerentur?

87 3485 211 3550 Omnes
250 3479 335 3544 aliae
369 3478 525 3544 ecelesiae
565 3477 756 3558 orientales,
796 3485 878 3562 puta
910 3480 1113 3559 Armeniaca,

28 3583 168 3665 Syriaca,
187 3578 389 3662 Aegyptiace
408 3583 442 3642 et
458 3576 657 3658 Abyssinica,
678 3599 761 3660 quae
781 3577 822 3642 ab
841 3578 979 3644 ecclesia
996 3599 1116 3660 graeca

94 3832 114 3897 1)
133 3805 477 3898 casy11030mn0sn.'
510 3822 533 3887 ιι’)
550 3822 680 3877 saonen
697 3823 734 3878 aa
749 3824 794 3880 sa
814 3825 877 3882 vu.
910 3825 1117 3880 uomoeanonis

27 3911 128 3968 Photii.
163 3910 238 3966 Bibl.
258 3908 330 3976 juris
354 3923 452 3961 canon.
475 3909 530 3960 vet.
563 3905 677 3961 Justelli
701 3910 730 3961 et
747 3908 849 3962 Voellii
870 3913 936 3965 tom.
959 3906 993 3962 11.
1036 3908 1058 3975 ³)
1076 3908 1116 3963 De

25 3999 88 4050 ortu
105 4001 136 4051 et
153 4007 306 4064 progressu
322 3990 415 4044 cultus
431 3989 508 4042 imm.
525 3989 608 4043 Cone.
