2772 4550
567 325 627 386 567

58 485 260 552 colvenerius
274 488 298 567 ¹)
326 489 436 562 notat,
470 483 529 549 sed
549 483 712 550 ordinavit
744 484 868 563 solum,
901 489 940 550 ut
970 485 1135 568 processio

59 585 224 664 eomodo,
254 605 318 668 quo
340 583 376 647 in
396 582 509 648 ordine
531 583 677 648 Romano
700 583 913 663 describitur,
944 583 1066 651 Romae
1087 586 1137 650 in-

57 684 254 750 stitueretur.
288 683 371 750 (lum
389 682 578 748 Colvanerio
598 683 760 748 consentit
778 682 1021 749 Benedictus
1038 684 1133 750 XIV.

57 783 212 864 dioens22)
244 784 301 866 ,Si
329 782 441 866 Sergio
457 777 535 847 ‘non
563 782 738 847 tribuimus
752 782 914 861 laudem,
944 782 1034 866 quod
1059 784 1135 847 Arn-
1176 835 1179 840 .

56 880 278 963 burbalibus³)
311 880 538 964 subrogaverit
565 882 821 963 processionem,
852 903 891 946 ea
912 888 1023 948 tamen
1042 881 1136 946 illum

56 979 154 1061 gloria
168 1003 234 1046 non
245 980 446 1059 fraudamus,
459 981 548 1064 quod
558 981 797 1063 processionem
809 982 891 1046 bene
905 981 1134 1048 ordinaverit.“

547 1197 579 1280 s.
602 1193 635 1260 o.

75 1341 239 1408 Festum
266 1341 582 1424 Assumptionis
608 1341 887 1408 beatissimae
914 1343 1112 1428 Virginis.

404 1441 478 1506 Die
510 1447 563 1504 15.
593 1441 782 1524 Augusti.

115 1596 140 1653 1.
174 1591 280 1668 Quam
300 1587 515 1654 festivitatem
535 1589 679 1654 omnium
700 1589 731 1653 b.
753 1589 896 1672 Virginis
918 1590 1136 1654 festivitatum

57 1690 225 1755 maximam
253 1696 287 1753 et
308 1689 551 1754 celeberrimam
580 1689 628 1754 ita
648 1687 852 1772 praedicavit
879 1712 902 1754 s.
925 1688 1135 1772 Ildephon-

57 1807 116 1852 sns
143 1788 377 1854 Toletanus:
411 1787 520 1868 ,Haec
549 1794 614 1867 est,
644 1788 796 1872 inquit,⁴)
826 1810 919 1853 sacra
948 1796 982 1854 et
1003 1809 1136 1853 venera·

56 1883 125 1950 bilis
153 1887 357 1965 solemnitas,
388 1893 465 1952 ante
493 1887 605 1951 mnndi
633 1888 903 1952 constitutionem
932 1889 1135 1971 praescripta

57 1991 88 2048 et
107 1988 353 2068 praeordinata,
376 1986 434 2051 sed
454 1985 613 2052 hodierna
635 1987 688 2052 die
711 1986 898 2052 exultanter
919 1994 969 2052 est
990 1986 1134 2070 impleta.

57 2081 152 2150 Nobis
174 2086 308 2170 quidem
326 2085 485 2151 hodierna
507 2094 558 2151 est
576 2093 610 2152 et
627 2108 746 2165 annua,
765 2087 823 2152 sed
844 2087 967 2170 angelis
989 2086 1023 2150 in
1044 2087 1134 2152 coelo

57 2188 88 2246 et
107 2185 255 2268 supernis
284 2185 408 2250 civibus
437 2192 488 2250 est
516 2187 671 2251 continua
699 2193 733 2250 et
753 2193 926 2271 perpetua..
967 2186 1031 2251 Sed
1057 2187 1135 2270 quia

56 2277 368 2363 inpraesentiarum
394 2285 489 2349 nobis
519 2285 674 2349 continua
695 2305 765 2350 esse
794 2306 859 2350 non
880 2292 1005 2368 potest,
1036 2284 1135 2351 debet

57 2384 143 2448 tanto
160 2382 322 2448 celebrior
337 2383 411 2448 fieri
427 2405 505 2468 prae
522 2383 671 2450 omnibus
685 2385 878 2450 Sanctorum
895 2383 998 2464 festis,
1011 2390 1134 2468 quanto

57 2475 210 2547 ineffabili
245 2483 352 2548 utitur
383 2484 553 2567 privilegio
589 2491 695 2549 mater
727 2483 858 2549 Domini
890 2482 1068 2549 Salvatoris
1101 2488 1135 2548 et

56 2574 170 2646 donum
192 2582 339 2664 possidet
358 2589 538 2666 perpetuae
565 2583 794 2667 virginitatis.“
838 2581 964 2648 Similia
993 2602 1033 2647 ex
1060 2579 1141 2646 doc·

57 2675 168 2746 tissimi
199 2681 414 2764 Suaresii5)
443 2703 499 2749 ore
528 2683 692 2749 audimus:
727 2683 880 2766 „Festum
908 2682 969 2747 hoo
996 2680 1134 2746 maxime

57 2782 220 2864 proprium
241 2781 343 2864 ipsius
364 2782 523 2864 Virginis,
554 2790 588 2848 et
608 2783 696 2849 inter
716 2781 913 2849 festivitates
943 2781 1013 2864 ejus
1034 2779 1135 2844 habet
1236 2804 1239 2811 ·

56 2880 227 2954 quamdam
248 2880 491 2958 excellentiam,
521 2882 599 2965 quia
625 2881 777 2965 gloriam,
807 2880 989 2965 praemium
1017 2901 1055 2944 ac
1076 2879 1134 2943 tri-
1243 2897 1246 2900 ·

57 2977 208 3058 umphum
229 2979 453 3045 sanctissimae
474 2979 617 3062 Virginis
638 2980 732 3046 nobis
754 2979 1012 3062 repraesentat.“

113 3093 160 3160 Ne
183 3116 259 3178 ergo
281 3096 425 3174 mireris,
455 3095 543 3178 quod
563 3094 625 3160 hoc
646 3095 768 3160 festum
797 3095 897 3160 etiam
925 3095 959 3158 in
985 3095 1059 3177 jure
1081 3117 1135 3159 ca·

57 3193 165 3260 nonico
188 3194 435 3260 celeberrimum
464 3202 638 3278 appareat,
669 3216 769 3278 quum
789 3195 984 3276 permissum
1011 3195 1069 3271 sit,
1099 3194 1134 3257 in

57 3283 136 3354 festo
172 3294 413 3376 Assumptionis
451 3294 481 3357 b.
518 3293 676 3376 Virginis,
717 3293 814 3357 sicuti
852 3291 886 3356 in
925 3291 1018 3356 festis
1057 3293 1134 3356 anni

57 3389 254 3470 potioribus,
294 3413 411 3475 nempe
450 3392 661 3470 Nativitatis,
703 3389 963 3455 Resurrectionis
1004 3391 1134 3455 Domini

58 3543 246 3562 3-

119 3639 138 3706 ¹)
161 3640 193 3696 L.
218 3657 242 3696 c.
266 3659 294 3709 p.
318 3640 339 3706 l,
363 3640 399 3694 od
425 3639 500 3692 diem
525 3642 548 3692 2.
573 3638 728 3693 Februarii.
769 3637 791 3704 2)
815 3637 845 3692 1..
869 3655 893 3692 c.
918 3653 961 3707 cp.
984 3637 1020 3705 11,
1043 3656 1071 3692 n.
1094 3641 1134 3694 15.

56 3713 76 3779 ³)
92 3722 296 3790 ..anburbalia
321 3723 412 3791 inquit
428 3721 597 3776 Benedictus
622 3721 696 3776 XIV.
713 3721 732 3776 l.
749 3737 783 3786 a,
806 3720 972 3776 sacrfficinm
996 3719 1135 3790 quoddam

57 3803 120 3866 emt,
144 3806 219 3874 qnod
234 3806 310 3860 taces
334 3805 439 3861 ethnici
464 3821 547 3858 mann
571 3807 699 3858 tenentes
716 3804 820 3858 Urbem
844 3803 1039 3874 perlustrando
1063 3804 1135 3858 cele·

58 3874 197 4014 pithen&
237 3891 261 3956 ⁴)
280 3889 368 3943 Serm.
385 3887 421 3954 11,
439 3887 474 3941 de
491 3888 631 3955 Assumpt.
648 3885 680 3940 B.
697 3886 735 3942 M.
753 3885 800 3943 V.
829 3888 850 3953 ⁵)
867 3887 909 3940 De
932 3886 1011 3956 relig.
1027 3891 1095 3942 torn.
1113 3886 1135 3954 1,

69 3968 155 4035 1.ll,
172 3985 215 4039 cp.
232 3973 257 4026 8.
