2782 4554
743 369 802 431 558

228 553 396 617 nunquam
424 538 628 609 nasceretur,
657 535 826 613 nunquam
851 535 1035 612 pateretur,
1063 551 1234 615 nunquam
1262 555 1316 599 re·

229 638 393 716 surgeret,
425 652 594 715 nunquam
622 629 820 713 exspoliaret
848 627 1028 710 infernum,
1061 653 1231 716 nunquam
1260 656 1314 700 as·

229 732 385 798 cenderet
419 729 542 808 coeles,
586 749 755 812 nunqnam
786 727 946 811 Spiritum
976 736 1141 812 sanctum,
1180 733 1215 797 in
1247 755 1315 818 quo

229 829 391 915 baptizati
411 850 531 908 sumus,
554 827 720 911 Apostolis
740 828 897 893 mitteret.

725 1027 759 1111 a.
779 1025 809 1094 r.

266 1176 434 1242 Festum
461 1173 744 1240 Visitationis
773 1171 1049 1239 beatissimae
1076 1174 1284 1259 Virginis.
1385 1143 1386 1170 i

628 1271 704 1337 Die
732 1275 760 1334 2.
789 1271 929 1340 Julii„

293 1421 475 1486 Urbanus
507 1420 565 1486 VI.
598 1419 660 1484 boc
691 1418 814 1484 festum
846 1419 991 1486 instituit
1025 1427 1059 1486 et
1089 1421 1124 1485 in
1155 1422 1316 1502 Romana,

229 1520 316 1588 sicut
343 1520 378 1584 in
405 1518 581 1585 universali
606 1517 755 1583 Ecclesia
782 1517 942 1584 celebrari
968 1521 1137 1603 praecepit
1158 1521 1214 1586 VI.
1236 1521 1318 1586 Idus

230 1619 367 1703 Aprilis,
396 1617 608 1702 pontificatus
636 1619 688 1683 sui
716 1638 801 1683 anno
830 1618 1010 1684 undecimo·
1056 1619 1120 1684 Sed
1147 1641 1187 1685 eo
1209 1629 1319 1687 morte
1385 1625 1386 1628 ’

230 1725 408 1802 praevento
439 1716 552 1782 Idibus
584 1717 736 1784 Octobris
768 1718 846 1782 anni
880 1722 959 1783 1389
990 1718 1108 1784 literae
1140 1721 1319 1804 expeditae
1385 1709 1386 1720 ¹

232 1823 317 1883 sunt.
367 1816 493 1882 Urbani
521 1837 688 1882 successor
716 1815 950 1882 Bonifacius
977 1816 1038 1881 Ill.
1070 1817 1177 1900 primo
1207 1819 1319 1902 ponti-

169 1981 170 1984 ,
230 1916 348 1982 ficetus
368 1916 420 1981 sui
447 1937 532 1981 anno
563 1916 678 2000 quinto
700 1915 778 1980 Idus
798 1915 990 1981 Novembris
1017 1916 1096 1981 anni
1117 1921 1200 1984 1389
1220 1937 1319 2001 prae·

232 2015 410 2081 decessoris
441 2014 492 2079 sui
527 2013 725 2079 desiderium
759 2015 898 2097 implens
928 2015 990 2080 hoc
1023 2013 1146 2081 festum
1178 2017 1320 2101 singulis

231 2115 324 2179 annis
359 2120 451 2180 sexto
483 2112 593 2178 Nonas
623 2113 706 2178 Julii
740 2113 808 2196 (die
841 2117 869 2177 2.
901 2113 995 2196 Julii)
1027 2136 1087 2197 per
1124 2117 1319 2183 universum

232 2213 346 2278 orbem
376 2212 436 2304 sub
468 2213 536 2278 ritu
568 2211 691 2294 duplici
722 2234 797 2277 cum
828 2211 951 2278 Octava
982 2212 1142 2278 celebrari
1170 2217 1279 2299 jussit
1290 2219 1318 2299 ¹)
1385 2229 1386 2244 ¹

232 2312 323 2390 Quae
344 2317 461 2377 octava
487 2311 529 2377 ob
551 2311 685 2376 nimiam
712 2311 872 2377 festorum
899 2309 1119 2395 frequentiam
1148 2335 1320 2398 quumque

232 2410 463 2494 Apostolorum
483 2410 573 2476 Petri
601 2417 636 2476 et
656 2411 751 2476 Pauli
778 2403 895 2477 octava
922 2413 1037 2496 majori
1065 2420 1229 2496 exparte
1256 2435 1321 2497 per

232 2510 371 2576 eandem
390 2509 613 2594 impediretur,
635 2510 670 2574 in
691 2531 824 2576 romano
844 2511 1005 2576 breviario
1028 2533 1069 2576 ex
1089 2511 1229 2577 Consilii
1246 2513 1320 2578 Tri-

229 2609 359 2675 dentini
377 2611 471 2694 jussu
492 2610 646 2675 restituto
668 2602 804 2675 remissa
825 2617 884 2677 est.

293 2709 431 2776 Fatetur
458 2708 777 2792 Bellarminus‚2)
805 2709 867 2774 hoo
895 2709 1016 2776 festum
1043 2711 1078 2774 in
1098 2711 1248 2778 Ecclesia
1268 2713 1318 2778 la·

231 2809 304 2875 tina
323 2829 442 2874 novum
463 2829 542 2887 esse,
562 2807 620 2872 sed
641 2813 719 2872 ante
734 2806 903 2873 Urbanum
914 2808 968 2873 VI.
987 2814 1021 2873 et
1034 2808 1242 2876 Bonifacium
1258 2811 1316 2876 lx.

231 2907 266 2972 in
294 2907 438 2974 calendis
467 2907 666 2972 Graecorum
693 2905 803 2972 fuisse.
861 2907 1019 2973 Similiter
1045 2908 1066 2973 J
1072 2929 1221 2974 oannes
1247 2909 1319 2975 Bo-
1385 2899 1386 2928 ¹

231 3006 444 3088 nifaeius³l
475 3006 607 3085 asserit,
640 3005 782 3072 Graecos
813 3005 918 3072 multo
949 3013 1026 3072 ante
1057 3006 1118 3072 hos
1149 3008 1319 3076 visitantis

231 3105 357 3170 Mariae
383 3104 484 3170 ferias
512 3103 709 3170 celebrasse·
745 3103 887 3186 ,Verum
915 3104 1052 3185 nullam,
1081 3107 1318 3175 animadvertit

233 3202 495 3270 Colvenerius
523 3203 544 3266 l.
567 3225 603 3283 a,
631 3202 787 3269 adferunt
808 3204 877 3287 ejus
904 3203 953 3270 rei
973 3204 1211 3288 probationem.
1255 3208 1318 3274 Ge·

231 3302 365 3369 lebrant
392 3299 510 3369 Graeci
537 3301 591 3368 die
620 3306 649 3366 2.
677 3301 759 3368 Julii
786 3303 821 3368 in
848 3303 1004 3368 honorem
1033 3303 1065 3367 b.
1087 3304 1232 3390 Virginis
1261 3307 1318 3373 de-

232 3402 430 3487 positionem
457 3401 556 3467 vestis
588 3401 791 3468 venerandae
823 3402 968 3486 eJ'usdem
995 3402 1155 3487 Virginis,
1188 3405 1247 3471 sed
1275 3406 1318 3472 de

231 3500 317 3568 festo
348 3501 556 3568 Visitationis
587 3501 670 3566 nihil
700 3506 814 3584 aperte
847 3501 936 3584 apud
968 3501 1110 3568 Graecos
1140 3504 1315 3581 invenitor,

234 3601 346 3667 Solum
366 3600 457 3684 apud
481 3601 586 3685 Syros,
608 3606 648 3665 ut
667 3605 761 3683 patet
787 3620 827 3664 ex
852 3619 934 3666 novo
961 3606 1160 3667 testamento
1182 3603 1316 3687 Syriaco

301 3847 321 3913 ¹)
337 3847 468 3917 Diploma
491 3845 630 3900 Bonifacii
652 3846 682 3900 in
706 3851 774 3902 tom.
790 3845 813 3902 1.
837 3846 932 3915 magni
956 3846 1071 3902 bullarii
1095 3847 1196 3914 (const
1213 3847 1235 3910 1.
1259 3848 1313 3917 huj.

233 3927 349 3996 Pontii.)
373 3931 474 3984 exstat.
513 3928 535 3995 ²)
551 3927 593 3982 De
610 3928 689 3983 cultu
706 3929 872 3984 Sanctorum
888 3927 961 3985 hom.
980 3927 1001 3996 1,
1018 3929 1101 3985 lina
1125 3945 1169 3999 op.
1187 3931 1226 3986 lt
1260 3929 1313 3986 cfr.

233 4009 389 4066 colvenerii
402 4009 602 4064 Kalendarium
614 4011 646 4067 B.
655 4013 695 4066 M.
704 4011 736 4070 V.
769 4013 790 4079 8)
806 4011 841 4069 111
852 4011 970 4068 historia
982 4013 1114 4082 virginali
1127 4013 1176 4070 lib.
1189 4013 1315 4084 Lopll.
1385 4079 1386 4084 ἵ
