2808 4556
761 393 821 454 622

249 557 290 622 de
300 553 516 621 Immaculata
527 553 689 636 Deiparae
706 554 928 637 Conceptione
945 556 1138 634 doctrinam,
1156 577 1336 639 eorumque

248 657 408 740 pietatem
430 653 575 718 excitare
603 651 646 717 ad
667 653 773 735 ipsam
792 652 961 736 Virginem
988 655 1058 719 sine
1086 654 1162 719 labe
1185 655 1336 737 originali

248 760 441 835 conceptam
469 750 639 815 colendam
671 757 704 814 et
733 751 966 830 venerandam,
1000 754 1102 835 gavisi
1131 761 1210 818 sunt
1240 776 1336 837 quam

247 851 464 917 libentissime
484 848 680 913 facultatem
699 848 856 928 tribuere,
875 857 914 914 ut
933 851 969 913 in
984 851 1182 916 Lauretanis
1197 853 1338 918 litaniis

250 959 284 1017 et
304 953 339 1016 in
366 951 440 1033 ipsa
467 947 586 1012 missae
606 946 812 1030 praefatione
832 947 1065 1014 immaculatus
1094 950 1245 1032 ejusdem
1265 951 1337 1014 Vir·

248 1053 333 1136 ginis
353 1049 614 1134 proclamaretur
635 1045 836 1128 Conceptus,
864 1055 966 1130 atque
994 1048 1077 1112 adeo
1104 1049 1160 1113 lex
1182 1049 1338 1114 credendi

249 1151 321 1233 ipsa
348 1146 555 1231 supplicandi
582 1144 654 1227 lege
682 1151 896 1210 statueretur.
944 1145 1011 1211 Nos
1039 1168 1139 1230 porro
1167 1153 1339 1214 tantorum

248 1247 540 1312 Praedecessorum
567 1243 714 1326 vestigiis
739 1243 950 1309 inhaerentes
970 1265 1036 1310 non
1057 1245 1165 1311 solum
1186 1269 1275 1330 quae
1299 1247 1337 1312 ab

249 1347 330 1429 ipsis
350 1344 554 1429 pientissimo
575 1342 879 1425 sapientissimeque
906 1343 1041 1410 fuerant
1060 1345 1247 1410 constituta
1266 1367 1340 1429 pro

249 1446 398 1512 bavimus
420 1450 456 1509 et
475 1443 666 1525 recepimus,
684 1464 798 1507 verum
819 1444 921 1508 etiam
937 1465 1098 1510 memores
1118 1446 1341 1512 institutionis

250 1546 336 1612 Sixti
355 1544 410 1610 1v.
439 1542 609 1626 proprium
638 1541 679 1605 de
706 1541 921 1607 Immaculata
949 1542 1171 1626 Conceptione
1199 1543 1341 1609 officium

250 1643 449 1709 auctoritate
471 1640 593 1705 Nostra
619 1641 832 1720 munivimus,
861 1642 1014 1726 illiusque
1042 1664 1140 1707 usum
1166 1645 1340 1709 universae

249 1743 417 1808 Ecclesiae
436 1740 616 1805 laetissimo
637 1761 771 1822 prorsus
792 1742 900 1805 animo
922 1741 1149 1806 concessimus.

313 1841 473 1920 Quoniam
495 1860 571 1904 vero
593 1860 677 1923 quae
698 1841 741 1904 ad
759 1841 885 1905 cultum
905 1842 1082 1924 pertinent,
1101 1842 1221 1908 intimo
1244 1844 1340 1927 plane

250 1941 380 2007 vinculo
403 1961 477 2004 cum
499 1938 644 2023 ejusdem
675 1939 804 2022 objecto
833 1947 986 2006 conserta
1007 1946 1099 2019 sunt,
1128 1962 1240 2024 neque
1269 1949 1342 2007 rata

251 2050 286 2107 et
302 2041 369 2106 fixa
389 2059 521 2105 manere
541 2045 688 2123 possunt,
708 2040 736 2104 si
756 2039 840 2104 illud
861 2061 980 2123 anceps
1002 2041 1054 2119 sit,
1074 2049 1108 2106 et
1128 2041 1163 2104 in
1185 2041 1340 2125 ambiguo

250 2147 414 2219 versetur,
454 2137 578 2202 idcirco
613 2137 809 2203 Decessores
847 2137 953 2202 nostri
989 2138 1128 2204 Romani
1164 2140 1340 2206 Pontifices

252 2241 340 2304 omni
363 2259 443 2304 cura
457 2235 689 2318 Conceptionis
709 2237 835 2301 cultum
856 2237 1103 2321 amplificantes,
1126 2239 1218 2306 illius
1241 2242 1340 2306 etiam

252 2337 417 2421 objectum
448 2357 486 2401 ac
519 2335 701 2400 doctrinam
734 2335 916 2415 declarare,
950 2343 985 2401 et
1016 2337 1182 2426 inculcare
1215 2339 1340 2422 impen-

252 2436 377 2500 sissime
414 2435 621 2500 studuerunt.
674 2435 805 2499 Etenim
842 2434 930 2500 clare
969 2443 1150 2520 aperteque
1188 2436 1339 2516 docuere,

251 2534 373 2600 festum
393 2535 447 2617 agi
468 2533 508 2598 de
529 2533 673 2616 Virginis
694 2532 930 2616 Conceptione,
959 2542 1060 2618 atque
1082 2537 1133 2599 uti
1154 2536 1285 2616 falsam,
1308 2543 1339 2600 et

252 2633 294 2696 ab
323 2631 488 2697 Ecclesiae
516 2638 625 2697 mente
653 2632 887 2697 alienissimam
914 2634 1179 2717 proscripserunt
1197 2635 1339 2702 ‘illorum

245 2731 453 2814 opinionem,
484 2731 627 2815 quinon
649 2730 903 2815 Conceptionem
925 2733 1045 2816 ipsam,
1076 2734 1134 2798 sed
1156 2735 1339 2800 sanctifica-

252 2831 375 2896 tionem
397 2828 438 2895 ab
455 2829 602 2895 Ecclesia
623 2830 687 2895 coli
707 2832 950 2896 arbitrarentur
971 2838 1006 2896 et
1026 2831 1237 2900 affirmarent.
1277 2833 1338 2899 Ne

255 2951 318 3014 que
345 2930 459 2996 mitius
485 2951 559 2994 cum
587 2931 628 2995 iis
657 2931 820 3014 agendum
842 2953 912 2997 esse
941 2933 1186 3012 existimarunt,
1218 2934 1277 3017 qni
1298 2933 1337 2999 ad

252 3028 517 3094 labefactandam
545 3029 585 3094 de
606 3030 822 3096 Immaculata
842 3031 986 3114 Virginis
1013 3031 1236 3114 Conceptioue
1266 3033 1338 3098 doc·
1391 3089 1392 3110 ,

253 3128 375 3194 trinam
404 3129 590 3211 excogitato
618 3130 707 3194 inter
731 3130 874 3212 primum
903 3137 1003 3214 atque
1032 3131 1175 3196 alterum
1196 3131 1338 3215 Concep-
1391 3139 1392 3145 ’

253 3227 353 3292 tionis
374 3227 499 3294 instans
522 3234 556 3293 et
576 3236 779 3295 momentum
801 3230 995 3310 discrimine,
1025 3231 1227 3312 asserebant,
1256 3231 1336 3296 cele-

253 3326 343 3391 brari
372 3327 504 3410 quidem
525 3327 795 3412 Gonceptiouem,
821 3330 880 3394 sed
901 3351 967 3394 non
994 3351 1055 3413 pro
1076 3331 1182 3413 primo
1203 3329 1336 3397 instanti

254 3432 355 3508 atque
383 3432 558 3491 momento.
601 3427 669 3510 Ipsi
689 3449 831 3510 namque
852 3428 1124 3494 Praedeoessores
1145 3429 1258 3494 Nostri
1285 3452 1335 3494 su-

254 3545 348 3588 arum
368 3525 605 3614 partiumlesse
627 3527 793 3592 duxerunt
814 3533 849 3592 et
868 3527 1078 3592 beatissimae
1094 3527 1239 3612 Virginis
1257 3528 1334 3592 Cou-

256 3623 415 3706 ceptionis
446 3623 583 3704 festum,
619 3632 654 3691 et
685 3626 942 3709 Conceptiouem
972 3648 1032 3710 pro
1064 3626 1171 3710 primo
1204 3627 1334 3692 instanti

254 3730 423 3807 tamquam
450 3745 564 3788 verum
595 3725 703 3791 cultus
732 3727 896 3810 objectum
930 3727 1018 3792 omui
1050 3725 1160 3791 studio
1187 3727 1273 3792 tueri
1298 3747 1333 3790 ac

254 3843 470 3905 propugnare.
507 3823 591 3888 Hinc
614 3824 798 3890 decretoria
818 3826 917 3908 plane
939 3825 1046 3904 verba,
1066 3824 1185 3909 quibus
1201 3825 1332 3890 Alexan·

256 3920 315 3986 der
334 3920 404 3987 VII.
429 3922 588 3986 Decessor
608 3921 730 3988 Noster
753 3925 914 3989 sinceram
935 3923 1101 3990 Ecclesiae
1122 3931 1265 3989 mentem
1284 3923 1333 3988 de-

256 4018 393 4084 claravit
418 4019 586 4103 inquiens:
616 4022 722 4104 ,Saue
749 4029 843 4089 vetus
872 4029 922 4089 est
946 4022 1069 4089 Christi
1095 4021 1243 4089 fidelium
1264 4041 1332 4106 erga
