<?xml version="1.0" encoding="UTF-8"?>
<!DOCTYPE html PUBLIC "-//W3C//DTD XHTML 1.0 Transitional//EN"
    "http://www.w3.org/TR/xhtml1/DTD/xhtml1-transitional.dtd">
<html xmlns="http://www.w3.org/1999/xhtml" xml:lang="en" lang="en">
 <head>
  <title>
</title>
<meta http-equiv="Content-Type" content="text/html;charset=utf-8" />
  <meta name='ocr-system' content='tesseract 3.04.00' />
  <meta name='ocr-capabilities' content='ocr_page ocr_carea ocr_par ocr_line ocrx_word'/>
</head>
<body>
  <div class='ocr_page' id='page_1' title='image "./mariologiaseupo00stamgoog_0039.png"; bbox 0 0 2726 4560; ppageno 0'>
   <div class='ocr_carea' id='block_1_1' title="bbox 569 375 606 433">
    <p class='ocr_par' dir='ltr' id='par_1_1' title="bbox 569 375 606 433">
     <span class='ocr_line' id='line_1_1' title="bbox 569 375 606 433; baseline 0.027 -1"><span class='ocrx_word' id='word_1_1' title='bbox 569 375 606 433; x_wconf 84' lang='lat'>13</span> 
     </span>
    </p>
   </div>
   <div class='ocr_carea' id='block_1_2' title="bbox 55 534 1187 3797">
    <p class='ocr_par' dir='ltr' id='par_1_2' title="bbox 56 534 1128 2000">
     <span class='ocr_line' id='line_1_2' title="bbox 61 534 1127 618; baseline 0.004 -16"><span class='ocrx_word' id='word_1_2' title='bbox 61 539 208 616; x_wconf 84' lang='lat' dir='ltr'>novimus,</span> <span class='ocrx_word' id='word_1_3' title='bbox 249 534 416 616; x_wconf 85' lang='lat' dir='ltr'>scribit,¹)</span> <span class='ocrx_word' id='word_1_4' title='bbox 455 535 543 618; x_wconf 91' lang='lat' dir='ltr'>quod</span> <span class='ocrx_word' id='word_1_5' title='bbox 574 535 605 600; x_wconf 91' lang='lat' dir='ltr'>ei</span> <span class='ocrx_word' id='word_1_6' title='bbox 635 535 709 616; x_wconf 88' lang='lat' dir='ltr'>plus</span> <span class='ocrx_word' id='word_1_7' title='bbox 740 535 865 618; x_wconf 86' lang='lat' dir='ltr'>gratiae</span> <span class='ocrx_word' id='word_1_8' title='bbox 897 537 1053 604; x_wconf 84' lang='lat' dir='ltr'>collatum</span> <span class='ocrx_word' id='word_1_9' title='bbox 1084 539 1127 608; x_wconf 93' lang='lat' dir='ltr'>sit</span> 
     </span>
     <span class='ocr_line' id='line_1_3' title="bbox 60 633 1127 720; baseline 0.002 -18"><span class='ocrx_word' id='word_1_10' title='bbox 60 637 95 702; x_wconf 86' lang='lat' dir='ltr'>ad</span> <span class='ocrx_word' id='word_1_11' title='bbox 117 634 312 702; x_wconf 83' lang='lat' dir='ltr'>vincendum</span> <span class='ocrx_word' id='word_1_12' title='bbox 343 633 451 697; x_wconf 93' lang='lat' dir='ltr'>omni</span> <span class='ocrx_word' id='word_1_13' title='bbox 483 655 530 698; x_wconf 89' lang='lat' dir='ltr'>ex</span> <span class='ocrx_word' id='word_1_14' title='bbox 561 640 682 717; x_wconf 91' lang='lat' dir='ltr'>parte</span> <span class='ocrx_word' id='word_1_15' title='bbox 714 641 900 717; x_wconf 88' lang='lat' dir='ltr'>peccatum,</span> <span class='ocrx_word' id='word_1_16' title='bbox 934 637 1022 720; x_wconf 93' lang='lat' dir='ltr'>quod</span> <span class='ocrx_word' id='word_1_17' title='bbox 1053 660 1127 704; x_wconf 92' lang='lat' dir='ltr'>con-</span> 
     </span>
     <span class='ocr_line' id='line_1_4' title="bbox 59 732 1126 819; baseline 0.002 -18"><span class='ocrx_word' id='word_1_18' title='bbox 59 737 153 819; x_wconf 79' lang='lat' dir='ltr'>cipere</span> <span class='ocrx_word' id='word_1_19' title='bbox 180 741 216 800; x_wconf 89' lang='lat' dir='ltr'>et</span> <span class='ocrx_word' id='word_1_20' title='bbox 237 753 355 818; x_wconf 89' lang='lat' dir='ltr'>parere</span> <span class='ocrx_word' id='word_1_21' title='bbox 376 732 509 810; x_wconf 90' lang='lat' dir='ltr'>meruit,</span> <span class='ocrx_word' id='word_1_22' title='bbox 539 754 636 816; x_wconf 88' lang='lat' dir='ltr'>quem</span> <span class='ocrx_word' id='word_1_23' title='bbox 665 739 795 798; x_wconf 88' lang='lat' dir='ltr'>constat</span> <span class='ocrx_word' id='word_1_24' title='bbox 822 734 948 799; x_wconf 92' lang='lat' dir='ltr'>nullum</span> <span class='ocrx_word' id='word_1_25' title='bbox 975 736 1126 804; x_wconf 85' lang='lat' dir='ltr'>habuisse</span> 
     </span>
     <span class='ocr_line' id='line_1_5' title="bbox 59 830 1125 918; baseline 0 -18"><span class='ocrx_word' id='word_1_26' title='bbox 59 834 248 918; x_wconf 85' lang='lat' dir='ltr'>peccatum“</span> <span class='ocrx_word' id='word_1_27' title='bbox 311 832 410 896; x_wconf 87' lang='lat' dir='ltr'>Soto</span> <span class='ocrx_word' id='word_1_28' title='bbox 453 830 585 915; x_wconf 90' lang='lat' dir='ltr'>quidem</span> <span class='ocrx_word' id='word_1_29' title='bbox 622 831 743 915; x_wconf 88' lang='lat' dir='ltr'>aliique</span> <span class='ocrx_word' id='word_1_30' title='bbox 782 832 925 918; x_wconf 82' lang='lat' dir='ltr'>theologi</span> <span class='ocrx_word' id='word_1_31' title='bbox 967 835 1065 900; x_wconf 92' lang='lat' dir='ltr'>verba</span> <span class='ocrx_word' id='word_1_32' title='bbox 1101 859 1125 901; x_wconf 92' lang='lat' dir='ltr'>s.</span> 
     </span>
     <span class='ocr_line' id='line_1_6' title="bbox 59 930 1125 1014; baseline 0 -14"><span class='ocrx_word' id='word_1_33' title='bbox 59 935 199 1000; x_wconf 90' lang='lat' dir='ltr'>Doctoris</span> <span class='ocrx_word' id='word_1_34' title='bbox 232 931 275 1004; x_wconf 85' lang='lat' dir='ltr'>ad</span> <span class='ocrx_word' id='word_1_35' title='bbox 307 937 442 1014; x_wconf 87' lang='lat' dir='ltr'>peccata</span> <span class='ocrx_word' id='word_1_36' title='bbox 480 930 667 995; x_wconf 81' lang='lat' dir='ltr'>actualia</span> <span class='ocrx_word' id='word_1_37' title='bbox 702 930 885 998; x_wconf 89' lang='lat' dir='ltr'>docuerunt</span> <span class='ocrx_word' id='word_1_38' title='bbox 921 935 1125 1000; x_wconf 88' lang='lat' dir='ltr'>coarctanda.</span> 
     </span>
     <span class='ocr_line' id='line_1_7' title="bbox 58 1029 1126 1118; baseline 0.002 -20"><span class='ocrx_word' id='word_1_39' title='bbox 58 1034 205 1118; x_wconf 79' lang='lat' dir='ltr'>„Propter</span> <span class='ocrx_word' id='word_1_40' title='bbox 224 1032 288 1096; x_wconf 90' lang='lat' dir='ltr'>hoc</span> <span class='ocrx_word' id='word_1_41' title='bbox 308 1030 442 1096; x_wconf 79' lang='lat' dir='ltr'>verbum</span> <span class='ocrx_word' id='word_1_42' title='bbox 463 1029 647 1112; x_wconf 79' lang='lat' dir='ltr'>Augustini,</span> <span class='ocrx_word' id='word_1_43' title='bbox 669 1030 784 1113; x_wconf 90' lang='lat' dir='ltr'>inquit,</span> <span class='ocrx_word' id='word_1_44' title='bbox 793 1034 818 1114; x_wconf 75' lang='lat'>²)</span> <span class='ocrx_word' id='word_1_45' title='bbox 840 1038 953 1114; x_wconf 89' lang='lat' dir='ltr'>patres</span> <span class='ocrx_word' id='word_1_46' title='bbox 974 1032 1126 1117; x_wconf 82' lang='lat' dir='ltr'>deinceps</span> 
     </span>
     <span class='ocr_line' id='line_1_8' title="bbox 58 1128 1126 1215; baseline -0.001 -16"><span class='ocrx_word' id='word_1_47' title='bbox 58 1155 156 1199; x_wconf 89' lang='lat' dir='ltr'>omnes</span> <span class='ocrx_word' id='word_1_48' title='bbox 186 1138 222 1197; x_wconf 85' lang='lat' dir='ltr'>et</span> <span class='ocrx_word' id='word_1_49' title='bbox 248 1129 393 1211; x_wconf 80' lang='lat' dir='ltr'>theologi</span> <span class='ocrx_word' id='word_1_50' title='bbox 420 1128 562 1192; x_wconf 86' lang='lat' dir='ltr'>universi</span> <span class='ocrx_word' id='word_1_51' title='bbox 590 1129 759 1194; x_wconf 90' lang='lat' dir='ltr'>unanimes</span> <span class='ocrx_word' id='word_1_52' title='bbox 783 1130 856 1212; x_wconf 91' lang='lat' dir='ltr'>jure</span> <span class='ocrx_word' id='word_1_53' title='bbox 883 1131 1005 1213; x_wconf 90' lang='lat' dir='ltr'>optimo</span> <span class='ocrx_word' id='word_1_54' title='bbox 1033 1155 1126 1215; x_wconf 89' lang='lat' dir='ltr'>prae·</span> 
     </span>
     <span class='ocr_line' id='line_1_9' title="bbox 57 1227 1126 1313; baseline 0.002 -17"><span class='ocrx_word' id='word_1_55' title='bbox 57 1232 178 1311; x_wconf 89' lang='lat' dir='ltr'>dicant,</span> <span class='ocrx_word' id='word_1_56' title='bbox 222 1230 398 1313; x_wconf 82' lang='lat' dir='ltr'>gloriosam</span> <span class='ocrx_word' id='word_1_57' title='bbox 431 1227 597 1309; x_wconf 85' lang='lat' dir='ltr'>Virginem</span> <span class='ocrx_word' id='word_1_58' title='bbox 634 1235 806 1311; x_wconf 88' lang='lat' dir='ltr'>peccatum</span> <span class='ocrx_word' id='word_1_59' title='bbox 844 1229 972 1295; x_wconf 89' lang='lat' dir='ltr'>nullum</span> <span class='ocrx_word' id='word_1_60' title='bbox 1011 1231 1126 1298; x_wconf 85' lang='lat' dir='ltr'>fecisse</span> 
     </span>
     <span class='ocr_line' id='line_1_10' title="bbox 57 1327 1126 1409; baseline 0.002 -13"><span class='ocrx_word' id='word_1_61' title='bbox 57 1331 206 1397; x_wconf 82' lang='lat' dir='ltr'>actuale.“</span> <span class='ocrx_word' id='word_1_62' title='bbox 249 1329 296 1393; x_wconf 90' lang='lat' dir='ltr'>At</span> <span class='ocrx_word' id='word_1_63' title='bbox 323 1327 408 1392; x_wconf 87' lang='lat' dir='ltr'>ratio</span> <span class='ocrx_word' id='word_1_64' title='bbox 436 1347 457 1390; x_wconf 87' lang='lat' dir='ltr'>a</span> <span class='ocrx_word' id='word_1_65' title='bbox 487 1349 511 1390; x_wconf 91' lang='lat' dir='ltr'>s.</span> <span class='ocrx_word' id='word_1_66' title='bbox 539 1327 720 1409; x_wconf 78' lang='lat' dir='ltr'>Augustino</span> <span class='ocrx_word' id='word_1_67' title='bbox 750 1328 851 1394; x_wconf 85' lang='lat' dir='ltr'>allata</span> <span class='ocrx_word' id='word_1_68' title='bbox 877 1329 965 1395; x_wconf 91' lang='lat' dir='ltr'>haud</span> <span class='ocrx_word' id='word_1_69' title='bbox 991 1331 1126 1398; x_wconf 89' lang='lat' dir='ltr'>obscure</span> 
     </span>
     <span class='ocr_line' id='line_1_11' title="bbox 56 1413 1125 1511; baseline 0.001 -16"><span class='ocrx_word' id='word_1_70' title='bbox 56 1431 189 1509; x_wconf 88' lang='lat' dir='ltr'>indicat,</span> <span class='ocrx_word' id='word_1_71' title='bbox 220 1413 390 1510; x_wconf 58' lang='lat' dir='ltr'>‘originale</span> <span class='ocrx_word' id='word_1_72' title='bbox 429 1447 557 1509; x_wconf 90' lang='lat' dir='ltr'>quoque</span> <span class='ocrx_word' id='word_1_73' title='bbox 594 1433 765 1508; x_wconf 89' lang='lat' dir='ltr'>peccatum</span> <span class='ocrx_word' id='word_1_74' title='bbox 803 1449 823 1492; x_wconf 94' lang='lat' dir='ltr'>a</span> <span class='ocrx_word' id='word_1_75' title='bbox 857 1427 989 1511; x_wconf 86' lang='lat' dir='ltr'>Virgine</span> <span class='ocrx_word' id='word_1_76' title='bbox 1025 1430 1125 1496; x_wconf 89' lang='lat' dir='ltr'>fuisse</span> 
     </span>
     <span class='ocr_line' id='line_1_12' title="bbox 56 1524 1126 1608; baseline -0.001 -12"><span class='ocrx_word' id='word_1_77' title='bbox 56 1539 200 1596; x_wconf 85' lang='lat' dir='ltr'>amotum.</span> <span class='ocrx_word' id='word_1_78' title='bbox 243 1527 327 1592; x_wconf 83' lang='lat' dir='ltr'>Tum</span> <span class='ocrx_word' id='word_1_79' title='bbox 348 1524 489 1590; x_wconf 90' lang='lat' dir='ltr'>enimin</span> <span class='ocrx_word' id='word_1_80' title='bbox 512 1524 627 1590; x_wconf 90' lang='lat' dir='ltr'>stricto</span> <span class='ocrx_word' id='word_1_81' title='bbox 649 1547 745 1590; x_wconf 88' lang='lat' dir='ltr'>sensu</span> <span class='ocrx_word' id='word_1_82' title='bbox 765 1533 935 1608; x_wconf 85' lang='lat' dir='ltr'>peccatum</span> <span class='ocrx_word' id='word_1_83' title='bbox 957 1550 998 1594; x_wconf 86' lang='lat' dir='ltr'>ex</span> <span class='ocrx_word' id='word_1_84' title='bbox 1023 1531 1126 1595; x_wconf 90' lang='lat' dir='ltr'>omni</span> 
     </span>
     <span class='ocr_line' id='line_1_13' title="bbox 56 1621 1128 1712; baseline 0 -18"><span class='ocrx_word' id='word_1_85' title='bbox 56 1636 139 1712; x_wconf 87' lang='lat' dir='ltr'>parte</span> <span class='ocrx_word' id='word_1_86' title='bbox 160 1627 253 1705; x_wconf 85' lang='lat' dir='ltr'>vicit,</span> <span class='ocrx_word' id='word_1_87' title='bbox 277 1621 365 1708; x_wconf 93' lang='lat' dir='ltr'>quod</span> <span class='ocrx_word' id='word_1_88' title='bbox 385 1645 450 1688; x_wconf 90' lang='lat' dir='ltr'>non</span> <span class='ocrx_word' id='word_1_89' title='bbox 471 1624 615 1702; x_wconf 86' lang='lat' dir='ltr'>vicisset,</span> <span class='ocrx_word' id='word_1_90' title='bbox 637 1624 666 1688; x_wconf 93' lang='lat' dir='ltr'>si</span> <span class='ocrx_word' id='word_1_91' title='bbox 687 1646 727 1688; x_wconf 84' lang='lat' dir='ltr'>ex</span> <span class='ocrx_word' id='word_1_92' title='bbox 747 1632 842 1707; x_wconf 85' lang='lat' dir='ltr'>parte</span> <span class='ocrx_word' id='word_1_93' title='bbox 864 1627 955 1709; x_wconf 88' lang='lat' dir='ltr'>sique</span> <span class='ocrx_word' id='word_1_94' title='bbox 977 1629 1128 1710; x_wconf 88' lang='lat' dir='ltr'>originali</span> 
     </span>
     <span class='ocr_line' id='line_1_14' title="bbox 56 1722 1127 1810; baseline -0.002 -16"><span class='ocrx_word' id='word_1_95' title='bbox 56 1735 180 1810; x_wconf 89' lang='lat' dir='ltr'>peceato</span> <span class='ocrx_word' id='word_1_96' title='bbox 212 1726 330 1790; x_wconf 90' lang='lat' dir='ltr'>fnisset</span> <span class='ocrx_word' id='word_1_97' title='bbox 361 1722 509 1788; x_wconf 84' lang='lat' dir='ltr'>obnoxia.</span> <span class='ocrx_word' id='word_1_98' title='bbox 562 1722 737 1788; x_wconf 83' lang='lat' dir='ltr'>Maximam</span> <span class='ocrx_word' id='word_1_99' title='bbox 768 1745 843 1790; x_wconf 88' lang='lat' dir='ltr'>vero</span> <span class='ocrx_word' id='word_1_100' title='bbox 879 1725 914 1790; x_wconf 91' lang='lat' dir='ltr'>in</span> <span class='ocrx_word' id='word_1_101' title='bbox 946 1726 975 1791; x_wconf 93' lang='lat' dir='ltr'>d.</span> <span class='ocrx_word' id='word_1_102' title='bbox 1009 1727 1127 1792; x_wconf 85' lang='lat' dir='ltr'>Filium</span> 
     </span>
     <span class='ocr_line' id='line_1_15' title="bbox 56 1821 1126 1914; baseline 0.001 -23"><span class='ocrx_word' id='word_1_103' title='bbox 56 1827 244 1894; x_wconf 87' lang='lat' dir='ltr'>redundasse</span> <span class='ocrx_word' id='word_1_104' title='bbox 273 1823 496 1914; x_wconf 81' lang='lat' dir='ltr'>ignominiam,</span> <span class='ocrx_word' id='word_1_105' title='bbox 522 1822 558 1887; x_wconf 73' lang='lat' dir='ltr'>&#39;si</span> <span class='ocrx_word' id='word_1_106' title='bbox 587 1822 618 1885; x_wconf 92' lang='lat' dir='ltr'>b.</span> <span class='ocrx_word' id='word_1_107' title='bbox 641 1821 739 1904; x_wconf 87' lang='lat' dir='ltr'>Virgo</span> <span class='ocrx_word' id='word_1_108' title='bbox 769 1824 920 1907; x_wconf 90' lang='lat' dir='ltr'>originali</span> <span class='ocrx_word' id='word_1_109' title='bbox 949 1826 1024 1891; x_wconf 93' lang='lat' dir='ltr'>labe</span> <span class='ocrx_word' id='word_1_110' title='bbox 1051 1849 1126 1892; x_wconf 90' lang='lat' dir='ltr'>con·</span> 
     </span>
     <span class='ocr_line' id='line_1_16' title="bbox 57 1913 723 2000; baseline -0.012 -8"><span class='ocrx_word' id='word_1_111' title='bbox 57 1929 205 1992; x_wconf 85' lang='lat' dir='ltr'>teminata</span> <span class='ocrx_word' id='word_1_112' title='bbox 226 1924 352 2000; x_wconf 83' lang='lat' dir='ltr'>fuisset,</span> <span class='ocrx_word' id='word_1_113' title='bbox 377 1913 512 1986; x_wconf 89' lang='lat' dir='ltr'>inferius</span> <span class='ocrx_word' id='word_1_114' title='bbox 533 1919 723 1984; x_wconf 87' lang='lat' dir='ltr'>videbimus.</span> 
     </span>
    </p>

    <p class='ocr_par' dir='ltr' id='par_1_3' title="bbox 56 2020 1187 2312">
     <span class='ocr_line' id='line_1_17' title="bbox 109 2020 1124 2108; baseline 0 -17"><span class='ocrx_word' id='word_1_115' title='bbox 109 2031 135 2091; x_wconf 84' lang='lat'>2.</span> <span class='ocrx_word' id='word_1_116' title='bbox 167 2025 237 2108; x_wconf 83' lang='lat' dir='ltr'>,Et</span> <span class='ocrx_word' id='word_1_117' title='bbox 264 2024 474 2105; x_wconf 90' lang='lat' dir='ltr'>ingressus</span> <span class='ocrx_word' id='word_1_118' title='bbox 496 2020 680 2103; x_wconf 90' lang='lat' dir='ltr'>Angelus</span> <span class='ocrx_word' id='word_1_119' title='bbox 710 2020 760 2084; x_wconf 92' lang='lat' dir='ltr'>ad</span> <span class='ocrx_word' id='word_1_120' title='bbox 781 2043 869 2086; x_wconf 88' lang='lat' dir='ltr'>eam</span> <span class='ocrx_word' id='word_1_121' title='bbox 890 2023 1014 2090; x_wconf 88' lang='lat' dir='ltr'>dixit:</span> <span class='ocrx_word' id='word_1_122' title='bbox 1046 2024 1124 2091; x_wconf 83' lang='lat' dir='ltr'>Ave</span> 
     </span>
     <span class='ocr_line' id='line_1_18' title="bbox 57 2120 1126 2207; baseline 0.002 -19"><span class='ocrx_word' id='word_1_123' title='bbox 57 2125 184 2206; x_wconf 85' lang='lat' dir='ltr'>gratia</span> <span class='ocrx_word' id='word_1_124' title='bbox 204 2122 342 2207; x_wconf 92' lang='lat' dir='ltr'>plena:</span> <span class='ocrx_word' id='word_1_125' title='bbox 367 2120 560 2185; x_wconf 88' lang='lat' dir='ltr'>Dominus</span> <span class='ocrx_word' id='word_1_126' title='bbox 587 2126 738 2184; x_wconf 90' lang='lat' dir='ltr'>tecum:</span> <span class='ocrx_word' id='word_1_127' title='bbox 761 2120 994 2187; x_wconf 88' lang='lat' dir='ltr'>Benedicta</span> <span class='ocrx_word' id='word_1_128' title='bbox 1019 2125 1126 2190; x_wconf 93' lang='lat' dir='ltr'>tuin</span> 
     </span>
     <span class='ocr_line' id='line_1_19' title="bbox 56 2220 1187 2312; baseline -0.002 -26"><span class='ocrx_word' id='word_1_129' title='bbox 56 2220 369 2302; x_wconf 80' lang='lat' dir='ltr'>mulieribus.“³)</span> <span class='ocrx_word' id='word_1_130' title='bbox 397 2287 400 2294; x_wconf 26' lang='lat'><strong>⁴</strong></span> <span class='ocrx_word' id='word_1_131' title='bbox 1185 2301 1187 2312; x_wconf 71' lang='lat'>‚</span> 
     </span>
    </p>

    <p class='ocr_par' dir='ltr' id='par_1_4' title="bbox 55 2313 1126 3797">
     <span class='ocr_line' id='line_1_20' title="bbox 111 2313 1125 2402; baseline -0.001 -15"><span class='ocrx_word' id='word_1_132' title='bbox 111 2323 139 2387; x_wconf 86' lang='lat' dir='ltr'>S.</span> <span class='ocrx_word' id='word_1_133' title='bbox 169 2321 466 2385; x_wconf 89' lang='lat' dir='ltr'>Bonaventura</span> <span class='ocrx_word' id='word_1_134' title='bbox 489 2313 680 2382; x_wconf 70' lang='lat' dir='ltr'>&#39;Gabnelem</span> <span class='ocrx_word' id='word_1_135' title='bbox 708 2317 946 2400; x_wconf 84' lang='lat' dir='ltr'>Archangelum</span> <span class='ocrx_word' id='word_1_136' title='bbox 971 2341 1030 2402; x_wconf 94' lang='lat' dir='ltr'>per</span> <span class='ocrx_word' id='word_1_137' title='bbox 1055 2343 1125 2386; x_wconf 91' lang='lat' dir='ltr'>ver·</span> 
     </span>
     <span class='ocr_line' id='line_1_21' title="bbox 57 2416 1125 2500; baseline 0.001 -15"><span class='ocrx_word' id='word_1_138' title='bbox 57 2420 125 2485; x_wconf 93' lang='lat' dir='ltr'>bum</span> <span class='ocrx_word' id='word_1_139' title='bbox 143 2419 232 2484; x_wconf 89' lang='lat' dir='ltr'>istud</span> <span class='ocrx_word' id='word_1_140' title='bbox 261 2417 396 2500; x_wconf 84' lang='lat' dir='ltr'>,Ave,“</span> <span class='ocrx_word' id='word_1_141' title='bbox 425 2416 519 2480; x_wconf 94' lang='lat' dir='ltr'>initio</span> <span class='ocrx_word' id='word_1_142' title='bbox 548 2416 755 2480; x_wconf 84' lang='lat' dir='ltr'>salutationis</span> <span class='ocrx_word' id='word_1_143' title='bbox 782 2417 938 2499; x_wconf 91' lang='lat' dir='ltr'>positum,</span> <span class='ocrx_word' id='word_1_144' title='bbox 967 2419 1015 2483; x_wconf 91' lang='lat' dir='ltr'>nil</span> <span class='ocrx_word' id='word_1_145' title='bbox 1035 2420 1125 2486; x_wconf 87' lang='lat' dir='ltr'>aliud</span> 
     </span>
     <span class='ocr_line' id='line_1_22' title="bbox 56 2513 1126 2599; baseline 0.002 -17"><span class='ocrx_word' id='word_1_146' title='bbox 56 2519 224 2584; x_wconf 88' lang='lat' dir='ltr'>intendisse</span> <span class='ocrx_word' id='word_1_147' title='bbox 253 2517 422 2599; x_wconf 89' lang='lat' dir='ltr'>opinatur,</span> <span class='ocrx_word' id='word_1_148' title='bbox 456 2537 553 2598; x_wconf 92' lang='lat' dir='ltr'>quam</span> <span class='ocrx_word' id='word_1_149' title='bbox 584 2522 623 2580; x_wconf 92' lang='lat' dir='ltr'>ut</span> <span class='ocrx_word' id='word_1_150' title='bbox 656 2513 854 2596; x_wconf 89' lang='lat' dir='ltr'>significaret</span> <span class='ocrx_word' id='word_1_151' title='bbox 884 2517 1126 2594; x_wconf 87' lang='lat' dir='ltr'>immaculatam</span> 
     </span>
     <span class='ocr_line' id='line_1_23' title="bbox 58 2614 1126 2700; baseline -0.001 -17"><span class='ocrx_word' id='word_1_152' title='bbox 58 2619 119 2700; x_wconf 88' lang='lat' dir='ltr'>ejus</span> <span class='ocrx_word' id='word_1_153' title='bbox 145 2618 186 2683; x_wconf 91' lang='lat' dir='ltr'>ab</span> <span class='ocrx_word' id='word_1_154' title='bbox 217 2616 305 2681; x_wconf 91' lang='lat' dir='ltr'>omni</span> <span class='ocrx_word' id='word_1_155' title='bbox 335 2615 431 2698; x_wconf 92' lang='lat' dir='ltr'>culpa</span> <span class='ocrx_word' id='word_1_156' title='bbox 458 2635 523 2680; x_wconf 92' lang='lat' dir='ltr'>non</span> <span class='ocrx_word' id='word_1_157' title='bbox 551 2614 655 2679; x_wconf 89' lang='lat' dir='ltr'>solum</span> <span class='ocrx_word' id='word_1_158' title='bbox 684 2614 822 2692; x_wconf 88' lang='lat' dir='ltr'>actuali,</span> <span class='ocrx_word' id='word_1_159' title='bbox 856 2614 914 2679; x_wconf 90' lang='lat' dir='ltr'>sed</span> <span class='ocrx_word' id='word_1_160' title='bbox 942 2617 1041 2681; x_wconf 90' lang='lat' dir='ltr'>etiam</span> <span class='ocrx_word' id='word_1_161' title='bbox 1062 2618 1126 2682; x_wconf 92' lang='lat' dir='ltr'>ori·</span> 
     </span>
     <span class='ocr_line' id='line_1_24' title="bbox 56 2712 1124 2799; baseline -0.001 -17"><span class='ocrx_word' id='word_1_162' title='bbox 56 2718 147 2799; x_wconf 85' lang='lat' dir='ltr'>ginali</span> <span class='ocrx_word' id='word_1_163' title='bbox 185 2714 414 2781; x_wconf 89' lang='lat' dir='ltr'>innocentiam.</span> <span class='ocrx_word' id='word_1_164' title='bbox 469 2712 627 2796; x_wconf 80' lang='lat' dir='ltr'>„Propter</span> <span class='ocrx_word' id='word_1_165' title='bbox 664 2712 883 2778; x_wconf 86' lang='lat' dir='ltr'>omnimodam</span> <span class='ocrx_word' id='word_1_166' title='bbox 923 2714 1037 2798; x_wconf 87' lang='lat' dir='ltr'>culpae</span> <span class='ocrx_word' id='word_1_167' title='bbox 1072 2738 1124 2781; x_wconf 89' lang='lat' dir='ltr'>ca·</span> 
     </span>
     <span class='ocr_line' id='line_1_25' title="bbox 57 2811 1125 2895; baseline 0.001 -17"><span class='ocrx_word' id='word_1_168' title='bbox 57 2818 185 2881; x_wconf 86' lang='lat' dir='ltr'>rentiam</span> <span class='ocrx_word' id='word_1_169' title='bbox 214 2822 249 2880; x_wconf 91' lang='lat' dir='ltr'>et</span> <span class='ocrx_word' id='word_1_170' title='bbox 277 2812 531 2891; x_wconf 89' lang='lat' dir='ltr'>immunitatem,</span> <span class='ocrx_word' id='word_1_171' title='bbox 561 2811 715 2894; x_wconf 75' lang='lat' dir='ltr'>inquit,4)</span> <span class='ocrx_word' id='word_1_172' title='bbox 745 2818 880 2895; x_wconf 89' lang='lat' dir='ltr'>propter</span> <span class='ocrx_word' id='word_1_173' title='bbox 908 2814 1125 2879; x_wconf 87' lang='lat' dir='ltr'>omnimodam</span> 
     </span>
     <span class='ocr_line' id='line_1_26' title="bbox 57 2912 1125 2996; baseline 0.003 -18"><span class='ocrx_word' id='word_1_174' title='bbox 57 2915 266 2980; x_wconf 88' lang='lat' dir='ltr'>innocentiam</span> <span class='ocrx_word' id='word_1_175' title='bbox 288 2919 322 2976; x_wconf 89' lang='lat' dir='ltr'>et</span> <span class='ocrx_word' id='word_1_176' title='bbox 342 2912 521 2996; x_wconf 87' lang='lat' dir='ltr'>puritatem</span> <span class='ocrx_word' id='word_1_177' title='bbox 541 2912 658 2976; x_wconf 91' lang='lat' dir='ltr'>merito</span> <span class='ocrx_word' id='word_1_178' title='bbox 687 2912 719 2976; x_wconf 91' lang='lat' dir='ltr'>ei</span> <span class='ocrx_word' id='word_1_179' title='bbox 739 2912 773 2975; x_wconf 93' lang='lat' dir='ltr'>in</span> <span class='ocrx_word' id='word_1_180' title='bbox 795 2912 954 2995; x_wconf 91' lang='lat' dir='ltr'>principio</span> <span class='ocrx_word' id='word_1_181' title='bbox 977 2915 1125 2981; x_wconf 86' lang='lat' dir='ltr'>salutati·</span> 
     </span>
     <span class='ocr_line' id='line_1_27' title="bbox 56 3011 1123 3095; baseline 0.002 -17"><span class='ocrx_word' id='word_1_182' title='bbox 56 3015 118 3080; x_wconf 92' lang='lat' dir='ltr'>onis</span> <span class='ocrx_word' id='word_1_183' title='bbox 146 3014 284 3079; x_wconf 91' lang='lat' dir='ltr'>dicitur:</span> <span class='ocrx_word' id='word_1_184' title='bbox 318 3012 448 3094; x_wconf 80' lang='lat' dir='ltr'>,Ave.“</span> <span class='ocrx_word' id='word_1_185' title='bbox 498 3011 541 3076; x_wconf 86' lang='lat' dir='ltr'>Et</span> <span class='ocrx_word' id='word_1_186' title='bbox 569 3011 695 3076; x_wconf 90' lang='lat' dir='ltr'>merito.</span> <span class='ocrx_word' id='word_1_187' title='bbox 743 3011 811 3076; x_wconf 89' lang='lat' dir='ltr'>Vae</span> <span class='ocrx_word' id='word_1_188' title='bbox 841 3011 927 3075; x_wconf 93' lang='lat' dir='ltr'>enim</span> <span class='ocrx_word' id='word_1_189' title='bbox 955 3011 1123 3095; x_wconf 85' lang='lat' dir='ltr'>signifieat,</span> 
     </span>
     <span class='ocr_line' id='line_1_28' title="bbox 56 3110 1123 3194; baseline 0.002 -18"><span class='ocrx_word' id='word_1_190' title='bbox 56 3121 89 3178; x_wconf 89' lang='lat' dir='ltr'>ut</span> <span class='ocrx_word' id='word_1_191' title='bbox 106 3137 128 3179; x_wconf 78' lang='lat' dir='ltr'>s¹</span> <span class='ocrx_word' id='word_1_192' title='bbox 146 3113 331 3180; x_wconf 87' lang='lat' dir='ltr'>Gardinalis</span> <span class='ocrx_word' id='word_1_193' title='bbox 353 3111 503 3194; x_wconf 85' lang='lat' dir='ltr'>explicat,</span> <span class='ocrx_word' id='word_1_194' title='bbox 525 3117 719 3194; x_wconf 61' lang='lat' dir='ltr'>peecatum„</span> <span class='ocrx_word' id='word_1_195' title='bbox 738 3110 804 3175; x_wconf 90' lang='lat' dir='ltr'>Ave</span> <span class='ocrx_word' id='word_1_196' title='bbox 826 3116 937 3175; x_wconf 89' lang='lat' dir='ltr'>autem</span> <span class='ocrx_word' id='word_1_197' title='bbox 959 3119 1009 3176; x_wconf 92' lang='lat' dir='ltr'>est</span> <span class='ocrx_word' id='word_1_198' title='bbox 1028 3113 1123 3193; x_wconf 90' lang='lat' dir='ltr'>idem,</span> 
     </span>
     <span class='ocr_line' id='line_1_29' title="bbox 56 3208 1126 3294; baseline 0.002 -18"><span class='ocrx_word' id='word_1_199' title='bbox 56 3214 133 3294; x_wconf 91' lang='lat' dir='ltr'>quod</span> <span class='ocrx_word' id='word_1_200' title='bbox 163 3213 233 3278; x_wconf 89' lang='lat' dir='ltr'>sine</span> <span class='ocrx_word' id='word_1_201' title='bbox 254 3208 323 3277; x_wconf 88' lang='lat' dir='ltr'>Vae</span> <span class='ocrx_word' id='word_1_202' title='bbox 344 3211 364 3274; x_wconf 92' lang='lat' dir='ltr'>i.</span> <span class='ocrx_word' id='word_1_203' title='bbox 388 3232 413 3275; x_wconf 90' lang='lat' dir='ltr'>e.</span> <span class='ocrx_word' id='word_1_204' title='bbox 437 3210 506 3274; x_wconf 91' lang='lat' dir='ltr'>sine</span> <span class='ocrx_word' id='word_1_205' title='bbox 527 3215 672 3292; x_wconf 87' lang='lat' dir='ltr'>peccato.</span> <span class='ocrx_word' id='word_1_206' title='bbox 717 3209 792 3274; x_wconf 86' lang='lat' dir='ltr'>Sine</span> <span class='ocrx_word' id='word_1_207' title='bbox 821 3231 963 3292; x_wconf 87' lang='lat' dir='ltr'>quonam</span> <span class='ocrx_word' id='word_1_208' title='bbox 984 3212 1053 3276; x_wconf 90' lang='lat' dir='ltr'>Vae</span> <span class='ocrx_word' id='word_1_209' title='bbox 1075 3221 1126 3278; x_wconf 89' lang='lat' dir='ltr'>est</span> 
     </span>
     <span class='ocr_line' id='line_1_30' title="bbox 55 3309 1124 3390; baseline 0.003 -15"><span class='ocrx_word' id='word_1_210' title='bbox 55 3310 171 3378; x_wconf 80' lang='lat' dir='ltr'>Maria?</span> <span class='ocrx_word' id='word_1_211' title='bbox 204 3311 345 3389; x_wconf 86' lang='lat' dir='ltr'>Scimus,</span> <span class='ocrx_word' id='word_1_212' title='bbox 376 3331 447 3374; x_wconf 88' lang='lat' dir='ltr'>eam</span> <span class='ocrx_word' id='word_1_213' title='bbox 477 3329 546 3374; x_wconf 89' lang='lat' dir='ltr'>esse</span> <span class='ocrx_word' id='word_1_214' title='bbox 575 3309 645 3373; x_wconf 90' lang='lat' dir='ltr'>sine</span> <span class='ocrx_word' id='word_1_215' title='bbox 673 3329 732 3374; x_wconf 79' lang='lat' dir='ltr'>vae</span> <span class='ocrx_word' id='word_1_216' title='bbox 759 3310 887 3390; x_wconf 89' lang='lat' dir='ltr'>peccati</span> <span class='ocrx_word' id='word_1_217' title='bbox 914 3311 1061 3376; x_wconf 86' lang='lat' dir='ltr'>mortalis</span> <span class='ocrx_word' id='word_1_218' title='bbox 1090 3320 1124 3378; x_wconf 91' lang='lat' dir='ltr'>et</span> 
     </span>
     <span class='ocr_line' id='line_1_31' title="bbox 55 3407 1125 3490; baseline 0.004 -18"><span class='ocrx_word' id='word_1_219' title='bbox 55 3412 188 3476; x_wconf 79' lang='lat' dir='ltr'>venialis.</span> <span class='ocrx_word' id='word_1_220' title='bbox 231 3410 348 3476; x_wconf 89' lang='lat' dir='ltr'>Nonne</span> <span class='ocrx_word' id='word_1_221' title='bbox 374 3409 472 3474; x_wconf 88' lang='lat' dir='ltr'>etiam</span> <span class='ocrx_word' id='word_1_222' title='bbox 500 3409 570 3472; x_wconf 92' lang='lat' dir='ltr'>sine</span> <span class='ocrx_word' id='word_1_223' title='bbox 596 3407 664 3472; x_wconf 90' lang='lat' dir='ltr'>Vae</span> <span class='ocrx_word' id='word_1_224' title='bbox 690 3409 817 3490; x_wconf 89' lang='lat' dir='ltr'>peceati</span> <span class='ocrx_word' id='word_1_225' title='bbox 844 3408 1032 3490; x_wconf 79' lang='lat' dir='ltr'>originalis?</span> <span class='ocrx_word' id='word_1_226' title='bbox 1063 3411 1125 3476; x_wconf 88' lang='lat' dir='ltr'>Re·</span> 
     </span>
     <span class='ocr_line' id='line_1_32' title="bbox 55 3508 1124 3598; baseline 0.005 -27"><span class='ocrx_word' id='word_1_227' title='bbox 55 3511 204 3590; x_wconf 88' lang='lat' dir='ltr'>spondeat</span> <span class='ocrx_word' id='word_1_228' title='bbox 233 3510 388 3574; x_wconf 88' lang='lat' dir='ltr'>Doctor</span> <span class='ocrx_word' id='word_1_229' title='bbox 417 3508 647 3590; x_wconf 88' lang='lat' dir='ltr'>angelicus,</span> <span class='ocrx_word' id='word_1_230' title='bbox 678 3508 734 3590; x_wconf 92' lang='lat' dir='ltr'>qui</span> <span class='ocrx_word' id='word_1_231' title='bbox 760 3508 939 3590; x_wconf 88' lang='lat' dir='ltr'>angelicam</span> <span class='ocrx_word' id='word_1_232' title='bbox 960 3509 1124 3598; x_wconf 85' lang='lat' dir='ltr'>explicans</span> 
     </span>
     <span class='ocr_line' id='line_1_33' title="bbox 55 3605 1123 3690; baseline 0.004 -20"><span class='ocrx_word' id='word_1_233' title='bbox 55 3609 277 3676; x_wconf 83' lang='lat' dir='ltr'>salutationem</span> <span class='ocrx_word' id='word_1_234' title='bbox 298 3609 359 3674; x_wconf 88' lang='lat' dir='ltr'>ait:</span> <span class='ocrx_word' id='word_1_235' title='bbox 388 3608 484 3690; x_wconf 84' lang='lat' dir='ltr'>,Fuit</span> <span class='ocrx_word' id='word_1_236' title='bbox 504 3606 609 3671; x_wconf 85' lang='lat' dir='ltr'>Maria</span> <span class='ocrx_word' id='word_1_237' title='bbox 631 3606 699 3672; x_wconf 92' lang='lat' dir='ltr'>sine</span> <span class='ocrx_word' id='word_1_238' title='bbox 722 3606 844 3689; x_wconf 85' lang='lat' dir='ltr'>triplici</span> <span class='ocrx_word' id='word_1_239' title='bbox 864 3605 941 3686; x_wconf 87' lang='lat' dir='ltr'>Vae,</span> <span class='ocrx_word' id='word_1_240' title='bbox 965 3607 1034 3672; x_wconf 89' lang='lat' dir='ltr'>sine</span> <span class='ocrx_word' id='word_1_241' title='bbox 1055 3608 1123 3674; x_wconf 91' lang='lat' dir='ltr'>Vae</span> 
     </span>
     <span class='ocr_line' id='line_1_34' title="bbox 55 3705 1123 3797; baseline 0.004 -27"><span class='ocrx_word' id='word_1_242' title='bbox 55 3708 170 3787; x_wconf 89' lang='lat' dir='ltr'>peceati</span> <span class='ocrx_word' id='word_1_243' title='bbox 197 3707 349 3786; x_wconf 80' lang='lat' dir='ltr'>venialis,</span> <span class='ocrx_word' id='word_1_244' title='bbox 380 3707 448 3772; x_wconf 91' lang='lat' dir='ltr'>sine</span> <span class='ocrx_word' id='word_1_245' title='bbox 473 3706 542 3771; x_wconf 91' lang='lat' dir='ltr'>Vae</span> <span class='ocrx_word' id='word_1_246' title='bbox 570 3705 697 3789; x_wconf 87' lang='lat' dir='ltr'>peceati</span> <span class='ocrx_word' id='word_1_247' title='bbox 725 3705 873 3797; x_wconf 88' lang='lat' dir='ltr'>mortalis</span> <span class='ocrx_word' id='word_1_248' title='bbox 902 3711 936 3770; x_wconf 91' lang='lat' dir='ltr'>et</span> <span class='ocrx_word' id='word_1_249' title='bbox 965 3707 1034 3772; x_wconf 93' lang='lat' dir='ltr'>sine</span> <span class='ocrx_word' id='word_1_250' title='bbox 1055 3707 1123 3774; x_wconf 87' lang='lat' dir='ltr'>Vae</span> 
     </span>
    </p>
   </div>
   <div class='ocr_carea' id='block_1_3' title="bbox 56 3915 1124 4094">
    <p class='ocr_par' dir='ltr' id='par_1_5' title="bbox 56 3915 1124 4094">
     <span class='ocr_line' id='line_1_35' title="bbox 114 3915 1124 4007; baseline -0.002 -11"><span class='ocrx_word' id='word_1_251' title='bbox 114 3941 132 4006; x_wconf 78' lang='grc' dir='ltr'>ι)</span> <span class='ocrx_word' id='word_1_252' title='bbox 155 3941 195 3996; x_wconf 87' lang='lat' dir='ltr'>De</span> <span class='ocrx_word' id='word_1_253' title='bbox 216 3943 274 3995; x_wconf 87' lang='lat' dir='ltr'>nat.</span> <span class='ocrx_word' id='word_1_254' title='bbox 298 3941 329 3993; x_wconf 88' lang='lat' dir='ltr'>et</span> <span class='ocrx_word' id='word_1_255' title='bbox 349 3938 440 4006; x_wconf 84' lang='lat' dir='ltr'>gretia</span> <span class='ocrx_word' id='word_1_256' title='bbox 459 3954 502 4006; x_wconf 88' lang='lat' dir='ltr'>op.</span> <span class='ocrx_word' id='word_1_257' title='bbox 525 3937 566 3994; x_wconf 78' lang='lat'>36.</span> <span class='ocrx_word' id='word_1_258' title='bbox 607 3937 629 4003; x_wconf 82' lang='lat'>²)</span> <span class='ocrx_word' id='word_1_259' title='bbox 652 3937 693 3990; x_wconf 89' lang='lat' dir='ltr'>De</span> <span class='ocrx_word' id='word_1_260' title='bbox 716 3915 765 3991; x_wconf 73' lang='lat' dir='ltr'>net</span> <span class='ocrx_word' id='word_1_261' title='bbox 785 3940 815 4000; x_wconf 86' lang='lat' dir='ltr'>et</span> <span class='ocrx_word' id='word_1_262' title='bbox 837 3941 909 4002; x_wconf 79' lang='lat' dir='ltr'>grat</span> <span class='ocrx_word' id='word_1_263' title='bbox 932 3937 981 3993; x_wconf 85' lang='lat' dir='ltr'>lib.</span> <span class='ocrx_word' id='word_1_264' title='bbox 997 3941 1021 3994; x_wconf 89' lang='lat'>3.</span> <span class='ocrx_word' id='word_1_265' title='bbox 1039 3954 1082 4007; x_wconf 89' lang='lat' dir='ltr'>cp.</span> <span class='ocrx_word' id='word_1_266' title='bbox 1098 3941 1124 3995; x_wconf 81' lang='lat'>4.</span> 
     </span>
     <span class='ocr_line' id='line_1_36' title="bbox 56 4019 1062 4094; baseline 0.002 -18"><span class='ocrx_word' id='word_1_267' title='bbox 56 4019 149 4086; x_wconf 82' lang='lat' dir='ltr'>¹)Luc.</span> <span class='ocrx_word' id='word_1_268' title='bbox 165 4027 186 4094; x_wconf 89' lang='lat'>1,</span> <span class='ocrx_word' id='word_1_269' title='bbox 201 4027 243 4080; x_wconf 84' lang='lat'>28.</span> <span class='ocrx_word' id='word_1_270' title='bbox 262 4023 320 4078; x_wconf 73' lang='lat' dir='ltr'>co.</span> <span class='ocrx_word' id='word_1_271' title='bbox 338 4021 477 4089; x_wconf 82' lang='lat' dir='ltr'>Passaglia</span> <span class='ocrx_word' id='word_1_272' title='bbox 493 4021 512 4076; x_wconf 91' lang='lat' dir='ltr'>l.</span> <span class='ocrx_word' id='word_1_273' title='bbox 529 4037 553 4076; x_wconf 84' lang='lat' dir='ltr'>o.</span> <span class='ocrx_word' id='word_1_274' title='bbox 570 4039 597 4076; x_wconf 89' lang='lat' dir='ltr'>u.</span> <span class='ocrx_word' id='word_1_275' title='bbox 616 4023 679 4076; x_wconf 82' lang='lat'>1072</span> <span class='ocrx_word' id='word_1_276' title='bbox 697 4037 755 4089; x_wconf 87' lang='lat' dir='ltr'>sqq.</span> <span class='ocrx_word' id='word_1_277' title='bbox 787 4023 809 4088; x_wconf 81' lang='lat'>⁴)</span> <span class='ocrx_word' id='word_1_278' title='bbox 826 4020 935 4088; x_wconf 84' lang='lat' dir='ltr'>Specul.</span> <span class='ocrx_word' id='word_1_279' title='bbox 952 4037 996 4089; x_wconf 90' lang='lat' dir='ltr'>cp.</span> <span class='ocrx_word' id='word_1_280' title='bbox 1013 4021 1062 4078; x_wconf 80' lang='lat' dir='ltr'>lv.</span> 
     </span>
    </p>
   </div>
   <div class='ocr_carea' id='block_1_4' title="bbox 0 0 1368 4560">
    <p class='ocr_par' dir='ltr' id='par_1_6' title="bbox 0 0 1368 4560">
     <span class='ocr_line' id='line_1_37' title="bbox 0 0 1368 4560; baseline 0 1"><span class='ocrx_word' id='word_1_281' title='bbox 0 0 1368 4560; x_wconf 95' lang='lat' dir='ltr'> </span> 
     </span>
    </p>
   </div>
  </div>
 </body>
</html>
