2730 4564
536 355 594 415 123

46 515 75 578 de
87 514 147 581 siro
164 515 329 599 concipiat
346 522 380 581 et
395 515 513 599 pariat,
530 514 764 581 animadvertit
781 515 903 598 optime
923 517 952 581 d.
970 516 1105 583 Hiero·

45 635 163 696 nymus,
174 614 199 697 ¹)
227 613 327 697 quale·
347 613 476 696 signum
495 613 557 678 hoc
579 613 685 679 erit?“
716 612 789 678 Huc
810 613 947 694 accedit,
970 616 1057 698 quod
1079 637 1103 680 s.

45 712 208 777 llattlraens
220 713 248 795 ¹)
276 712 329 776 rel
349 713 459 795 potius
479 711 624 795 Angelus
636 711 662 794 ³)
691 711 796 776 Isaiae
825 711 932 778 verbis
953 735 1033 778 usus
1054 721 1105 780 est

44 811 317 894 adprobandum,
355 811 493 876 Mariam
524 831 590 875 non
623 810 663 874 de
694 811 779 888 viro,
818 810 876 875 sed
907 811 948 876 de
981 813 1105 895 Spiritu

44 919 133 976 sancto
160 911 350 994 concepisse
379 917 413 974 et
441 909 483 974 ad
511 909 715 974 suadendum
740 909 878 992 loseph,
909 916 947 974 ut
973 910 1004 974 b.
1032 910 1107 975 Vir·

42 1009 128 1089 ginem
157 1011 327 1093 acciperet
359 1030 552 1092 omnemque
590 1009 630 1074 de
662 1008 720 1072 illa
756 1008 953 1073 dimittenda
984 1009 1106 1093 cogita-

43 1108 141 1172 tionem
160 1108 348 1191 repelleret.

89 1208 199 1291 ,Apud
220 1207 428 1272 Matthaeum
449 1207 535 1272 sicut
556 1213 733 1289 conceptus
756 1207 805 1272 ita
825 1212 941 1290 partus
962 1213 1106 1273 testante

42 1305 70 1367 cl.
88 1306 310 1372 Franzelin
336 1307 357 1370 l.
385 1328 411 1371 c.
440 1305 527 1371 clare
557 1305 808 1371 demonstratur.
853 1307 926 1371 Duo
955 1308 1106 1371 enuntiat

41 1403 230 1488 Evangelista
262 1404 353 1470 facta
384 1405 556 1483 distincta,
590 1411 785 1487 conceptum
815 1405 884 1470 sine
917 1427 1017 1488 opera
1048 1405 1109 1470 riri

40 1523 84 1583 per
108 1506 264 1570 virtutem
292 1505 433 1588 Spiritus
461 1504 579 1582 sancti,
610 1510 644 1569 et
671 1509 803 1586 parturn
829 1503 902 1582 filii,
932 1511 1108 1588 utrumque

39 1611 130 1668 autem
150 1605 277 1670 dicitur
298 1625 368 1668 esse
389 1603 528 1681 iactum,
556 1601 852 1685 ut·adimpleretur
871 1603 1046 1686 prophetia
1066 1603 1108 1668 de

41 1701 152 1786 Virgine
184 1709 390 1787 praegnante
422 1709 457 1767 et
483 1701 641 1785 pariente.
689 1701 785 1766 Teste
818 1722 894 1784 ergo
922 1701 1107 1785 Evangelio,

38 1801 105 1866 sicut
129 1803 308 1887 prophetia
337 1801 377 1867 de
398 1801 530 1884 Virgine
558 1807 759 1884 praegnante
787 1799 949 1883 praedicit
976 1800 1109 1866 modum

40 1901 309 1981 supernaturalem
349 1898 570 1982 conceptionis
614 1899 684 1962 sine
725 1898 869 1963 laesione
911 1899 1108 1982 virginitatis

38 1998 180 2079 illibatae,
204 2001 258 2066 ita
277 1999 451 2082 prophetia
472 1997 513 2062 de
534 1997 667 2080 Virgine
689 1997 839 2078 pariente
860 1996 1021 2080 praedicit
1040 2019 1109 2062 mo·

39 2096 98 2160 dum
120 2097 408 2182 supernaturalem
425 2102 541 2178 partus
558 2096 627 2160 sine
649 2096 792 2160 laesione
809 2096 1007 2179 virginitatis
1025 2097 1109 2180 ejus-

38 2195 123 2260 dem.“
167 2195 223 2263 Sic
252 2196 513 2278 interpretantur
532 2195 713 2277 prophetae
740 2194 839 2259 verba
862 2217 886 2260 s.
909 2196 1108 2278 irenaeus,¹)

38 2314 57 2357 s.
74 2296 359 2380 Chrysostomus,⁵)
380 2294 679 2378 Theophylactns,⁶)
705 2316 729 2358 s.
751 2294 939 2376 lustinus,¹)
961 2316 985 2359 s.
1007 2295 1110 2360 Atha-

40 2395 138 2474 nasius,
152 2396 178 2478 ¹¹)
214 2417 241 2460 s.
269 2394 425 2477 Ignatius‚
439 2394 465 2477 ¹³)
497 2415 522 2458 s.
549 2392 699 2471 Basilius,
710 2393 749 2476 ¹⁰)
780 2416 805 2458 s.
833 2392 1058 2477 Hieronymus.
1070 2393 1108 2475 ¹¹)

39 2489 185 2576 l'irginem
215 2515 294 2576 ergo
315 2515 382 2558 non
402 2494 510 2558 minus
530 2493 726 2576 parituram,
756 2513 856 2575 quam
877 2499 1110 2576 concepturam

38 2589 109 2656 Deus
135 2615 197 2677 per
226 2592 423 2675 prophetam
452 2591 573 2656 diserte
602 2592 776 2674 promittit
827 2592 914 2674 ,Ubi
940 2593 1109 2676 virginitas

38 2693 182 2776 concepit,
214 2692 326 2774 inquit
346 2691 419 2756 ideo
449 2691 596 2774 apprime
625 2691 655 2755 d.
682 2691 994 2774 Augustinus,¹¹)
1026 2693 1110 2756 inte-

36 2791 122 2870 gritas
149 2793 253 2875 parit.
304 2790 452 2856 Christus
482 2790 597 2855 eodem
628 2791 885 2873 omnipotentiae
915 2791 1005 2874 signo
1035 2811 1110 2856 con-

36 3008 123 3076 aliquid
145 3009 306 3065 secundnm
328 3013 444 3062 naturae
466 3009 542 3077 leges
565 3007 816 3062 contradictorium
840 3007 937 3076 „virgo
954 3023 1111 3075 praegnans

37 3095 59 3144 et
75 3093 216 3161 pariens,“
245 3091 318 3160 quod
341 3107 409 3159 ergo
434 3107 451 3143 a
474 3090 534 3144 solo
558 3092 750 3159 omnipotente
774 3088 848 3144 effici
872 3093 967 3158 queat,
992 3091 1111 3144 stasne

36 3176 179 3246 prodigium
198 3182 246 3230 est
262 3173 433 3242 respondens
451 3173 621 3227 solemnitati
638 3172 773 3226 orationis
790 3170 1001 3240 propheticae.“

89 3261 107 3325 ¹)
124 3259 155 3313 ln
175 3257 229 3313 lsa.
249 3258 309 3311 Vll.
352 3259 372 3320 ²)
391 3255 490 3310 Matth.
509 3255 531 3318 l,
548 3259 580 3309 22
597 3273 637 3324 sq.
678 3257 699 3322 ¹³)
716 3255 882 3322 „Neminem
899 3253 1047 3322 praeterit,
1069 3253 1111 3307 in·

36 3340 84 3404 quit
106 3339 211 3394 Patrizi
239 3339 292 3396 (De
316 3339 439 3407 evangel.
463 3337 495 3393 L.
519 3341 535 3391 3
560 3339 624 3392 diss.
647 3331 679 3390 1'5
701 3341 731 3390 n⁰
754 3337 809 3403 54),
834 3336 908 3405 quod
933 3337 986 3390 nisi
1012 3336 1112 3406 Angeli

35 3419 112 3476 forent
138 3440 173 3476 ea
201 3422 303 3487 verba,
333 3423 356 3475 is
382 3439 437 3476 non
463 3420 530 3474 satis
556 3426 653 3490 aperte
678 3418 831 3487 Josephum
859 3419 1013 3486 docuisset,
1039 3437 1111 3486 eum,

35 3519 103 3570 quem
120 3506 213 3560 Maria
231 3506 294 3558 alvo
312 3505 488 3570 continebat,
507 3520 566 3558 esse
583 3503 736 3569 Christum3
762 3507 859 3557 contra
876 3519 909 3556 ea
926 3519 993 3556 vero
1010 3503 1112 3572 plenis·

35 3589 91 3640 sime
106 3590 134 3643 id
152 3588 331 3659 praestitisse
350 3587 484 3642 dicendus
503 3590 555 3652 est,
577 3587 599 3638 si
617 3585 677 3652 ipae
694 3585 760 3648 fuit,
779 3585 827 3652 qui
845 3584 929 3640 Isaiae
948 3585 1112 3639 vaticinium

35 3668 182 3727 addictum
207 3688 289 3726 suum
312 3669 511 3724 declarandum
529 3674 557 3721 et
579 3667 816 3736 comprobandum
840 3668 960 3722 attulit.“
1001 3668 1022 3734 ¹)
1041 3667 1112 3722 hdr.
1211 3715 1215 3724 .

35 3749 148 3810 haereses
166 3757 219 3810 lib.
237 3752 288 3819 IV,
306 3772 350 3823 cp.
367 3757 408 3808 40.
444 3754 465 3820 ⁶)
484 3755 515 3806 ln
533 3751 634 3806 Matth.
652 3751 724 3807 hom.
742 3752 774 3806 V.
813 3751 835 3817 ⁰)
855 3750 885 3803 ln
903 3749 1003 3804 Matth.
1042 3752 1062 3811 ⁷)
1079 3748 1113 3803 In

37 3833 138 3906 llialogo
166 3854 234 3891 cum
260 3836 416 3906 Tryphone.
458 3837 479 3901 8)
504 3836 536 3888 ln
563 3836 644 3904 epist.
669 3834 704 3887 ad
729 3834 822 3902 Epist.
865 3835 886 3898 Β)
911 3833 944 3885 ln
969 3832 1049 3901 epist.
1076 3831 1113 3884 ad

35 3919 150 3976 sntioeh.
196 3920 229 3988 ¹⁰)
247 3920 288 3979 De
312 3919 433 3975 humana
453 3917 555 3974 Christi
579 3919 762 3987 generatione
780 3916 858 3976 ‚horn
875 3918 916 3971 25.
961 3917 992 3981 ¹¹)
1011 3916 1115 3970 Contra

36 3999 203 4059 lorinianum
220 4004 270 4059 lib.
290 4007 302 4056 l
320 4022 348 4058 n.
364 4006 405 4058 40.
442 4003 472 4070 ¹²)
491 4001 523 4056 ln
540 4019 623 4056 serm.
639 4001 723 4055 variis
741 3999 775 4054 de
793 3999 886 4054 Natali
904 3998 1023 4052 Domini.
