2728 4560
740 359 799 420 272

225 521 405 599 vocabant3
436 519 513 602 quia
534 519 569 582 in
598 518 735 584 sabbato
759 521 898 601 curavit,
911 543 915 552 ·
929 521 991 585 Dei
1012 523 1230 590 adversarium
1247 549 1296 609 pu·

225 621 351 686 tabant.
395 619 558 697 Quidnam
580 617 720 684 fuissent
743 619 878 699 dicturi,
909 621 1065 704 quidnam
1086 623 1247 704 fecissent,
1273 626 1295 689 si

225 719 473 802 ignominiosam
503 715 553 780 illi
588 715 728 800 objicere
760 719 946 800 potuissent
966 722 1206 787 nativitatem?
1251 724 1297 806 ,Si

227 819 442 903 enim‚inquit
463 823 605 882 auctor
623 818 1004 901 operisimperfeeti
1024 819 1296 903 inMatthaeum,¹)

225 920 303 1004 quia
326 919 501 983 Dominum
520 917 556 980 in
585 915 680 980 domo
710 916 821 998 sponsi
848 917 991 1004 peperit,
1021 917 1169 984 infideles
1195 918 1298 984 Judaei

225 1019 394 1084 dixerunt:
424 1017 557 1100 „Nonne
585 1016 639 1080 hic
669 1022 720 1081 est
747 1017 856 1095 lesus,
886 1016 972 1080 filius
1002 1017 1146 1099 loseph?
1185 1019 1296 1096 Quanto

225 1119 337 1201 magis,
360 1117 388 1182 si
410 1122 504 1182 extra
525 1117 656 1180 domum
677 1116 788 1198 sponsi
808 1116 1000 1198 peperisset,
1025 1115 1147 1181 dicturi
1167 1117 1295 1182 fuerant:

226 1216 361 1299 „Nonne
396 1215 450 1279 hic
485 1221 535 1279 est
568 1213 655 1278 filius
691 1214 915 1279 meretricis?“
957 1213 1061 1298 Magis
1099 1237 1175 1298 ergo
1210 1217 1298 1281 voluit

227 1316 398 1393 Dominus,
429 1321 468 1379 ut
487 1314 625 1378 haberet
647 1319 753 1378 mater
781 1314 851 1396 ejus
873 1313 1059 1380 maritalem
1086 1316 1296 1399 suspicionem,

226 1435 325 1498 quam
345 1413 571 1478 fornicationis
594 1410 806 1496 opprobrium
826 1413 1028 1495 pateretur‚“

287 1514 318 1579 b.
351 1514 403 1580 Ut
430 1519 621 1578 consueto
648 1510 761 1576 modo
789 1511 1026 1595 genealogia
1055 1513 1140 1596 ejus
1167 1536 1235 1596 per
1257 1513 1297 1576 ri-

224 1615 308 1679 rum
337 1612 647 1688 describeretur.
679 1611 726 1692 ,Si
750 1611 837 1676 enim
859 1611 1003 1694 Deipara
1023 1633 1089 1676 non
1117 1619 1203 1678 esset
1223 1613 1297 1694 virgo

225 1713 414 1796 conjugata,
431 1707 613 1794 'progenies
643 1711 713 1793 ejus
741 1730 807 1775 non
835 1707 958 1793 posset
975 1710 1133 1790 describi,
1163 1713 1225 1777 nisi
1250 1732 1297 1793 per

223 1810 346 1893 ipsam;
377 1810 435 1874 sed
456 1809 634 1874 seeundum
661 1809 766 1892 legem
794 1829 860 1874 non
891 1815 963 1874 erat
984 1816 1193 1889 consuetum,
1224 1808 1298 1894 quod

225 1910 415 1993 genealogia
452 1930 512 1991 per
550 1908 703 1972 mulieres
744 1907 994 1972 describeretur.
1056 1909 1165 1986 Quum
1202 1916 1298 1975 autem

224 2008 468 2074 matrimonium
502 2006 650 2072 inivisset
686 2029 760 2071 oum
792 2029 816 2071 s.
849 2007 987 2089 Joseph,
1020 2028 1080 2090 per
1109 2029 1184 2073 eum
1212 2010 1298 2074 etiam

224 2108 414 2192 genealogia
441 2105 690 2188 descriptaest.
735 2105 830 2171 Unde
858 2106 886 2170 d.
910 2106 1194 2190 Ambrosiusfl)
1227 2105 1298 2190 ,Qui

224 2208 259 2271 in
291 2206 458 2271 saeculum
488 2203 593 2282 venit,
633 2203 755 2268 saeculi
787 2203 903 2269 debuit
933 2225 1023 2270 more
1055 2205 1212 2285 describi,
1247 2204 1298 2270 viri

223 2311 336 2370 autem
357 2325 496 2387 persona
517 2303 703 2385 quaeritur,
726 2304 837 2386 quiin
859 2311 976 2369 senatu
998 2310 1033 2368 et
1053 2305 1190 2389 reliquis
1211 2304 1296 2370 curiis

223 2404 394 2469 civitatum
423 2403 551 2486 generis
579 2403 697 2467 asserit
726 2403 929 2486 dignitatem.
973 2403 1183 2470 Consuetudo
1212 2404 1298 2469 etiem

223 2524 283 2568 nos
315 2502 451 2567 instruit
483 2502 743 2585 seripturarum,
783 2523 866 2586 quae
891 2511 1027 2593 semper
1061 2505 1123 2568 riri
1155 2505 1298 2588 originem

225 2601 386 2686 quaerit.“
431 2601 465 2667 Si
498 2600 528 2666 b.
551 2601 651 2684 Virgo
681 2601 878 2692 desponsata
908 2623 974 2666 non
1001 2601 1132 2682 fuisset,
1163 2605 1298 2671 Christus

224 2701 324 2767 etiam
356 2705 394 2764 ut
428 2721 467 2764 ex
499 2701 625 2765 incerto
665 2707 698 2766 et
730 2700 867 2766 obscuro
900 2708 995 2784 patre
1033 2703 1163 2785 genitus
1191 2703 1299 2784 ¹fuisset

222 2801 356 2866 habitus
376 2799 561 2884 Judaeique
590 2801 794 2883 accepissent
822 2801 1026 2866 occasionem
1052 2801 1207 2883 negandi,
1236 2819 1299 2864 eum

224 2921 295 2965 esse
324 2897 492 2979 Messiam,
522 2901 643 2983 quippe
672 2921 770 2983 quem
799 2900 839 2964 de
868 2901 991 2965 semine
1013 2899 1119 2964 David
1149 2917 1300 2966 essenon

224 3003 400 3064 constaret.

286 3119 313 3163 c.
346 3096 403 3162 Ad
428 3097 600 3164 tutelam
625 3098 741 3180 pueri
766 3099 860 3177 nati,
883 3119 929 3163 ne
956 3096 1143 3163 diabolus
1174 3103 1298 3164 eontra

224 3219 311 3263 eum
345 3197 621 3262 vehementius
656 3204 894 3262 nocumenta
930 3206 1177 3281 procuraret
1230 3196 1298 3260 Ideo

112 3385 113 3388 Ἴ
223 3319 248 3361 s.
271 3296 490 3380 ignatius³)
519 3297 649 3362 scribit:
680 3298 736 3379 ,R
758 3296 927 3380 Virginem
947 3296 1047 3361 fuisse
1069 3296 1297 3380 desponsatam,

222 3403 262 3461 ut
288 3401 429 3479 partus
458 3396 543 3478 ejus
573 3395 778 3461 celaretur
806 3395 997 3460 diabolo.“
1047 3396 1200 3474 Quamvis
1228 3396 1297 3460 haec

290 3597 311 3661 ¹)
337 3595 417 3648 Hom.
445 3592 465 3650 l.
508 3594 530 3660 ²)
557 3593 619 3647 Lib.
645 3592 696 3660 Ill,
722 3595 751 3648 in
777 3593 844 3648 Luc.
890 3594 912 3660 ³)
940 3594 1029 3662 Epist.
1057 3593 1093 3648 ad
1119 3594 1190 3663 pr.
1229 3592 1298 3646 Hane

222 3679 368 3748 epistolam
385 3677 421 3732 ad
435 3675 572 3746 Ephesios
586 3677 719 3746 scriptam
736 3693 898 3746 germanum
914 3693 973 3731 esse
993 3678 1082 3732 saneti
1094 3677 1170 3731 illins
1183 3671 1298 3743 martyris

222 3779 305 3830 opus,
329 3760 442 3815 invictis
469 3761 609 3815 rationum
627 3761 800 3830 argumentis
816 3761 978 3814 inter'elios
996 3751 1188 3816 demonstrent
1204 3755 1297 3813 Naulis

223 3844 385 3899 Alexander
412 3841 487 3909 (hist.
511 3842 580 3897 eccl.
604 3846 671 3899 tom.
696 3843 728 3909 1),
753 3842 886 3896 Nioolaus
910 3843 937 3897 le
961 3843 1071 3910 Nourry
1097 3843 1239 3912 (Apparet.
1266 3836 1296 3891 sd

222 3926 291 3982 bibl.
311 3944 383 3981 mox.
404 3925 519 3981 Petrum
536 3933 603 3982 tom.
624 3926 666 3992 Ι),
697 3926 862 3981 Pearsonius
879 3927 931 3996 Ep.
949 3925 1113 3982 Cestriensis
1135 3927 1164 3980 in
1181 3925 1234 3980 suis
1250 3919 1297 3988 huj.

221 4010 302 4079 epist.
320 4007 452 4064 vindiciis
469 4013 566 4064 contro
583 4005 760 4064 Blendellum
778 4013 806 4063 et
821 4009 973 4063 Deliacum.
