2718 4556
752 358 812 418 308

236 527 391 605 sponsata
424 517 590 586 commode
623 517 773 582 adhiberi
803 524 913 599 potest
944 517 987 581 ad
1018 519 1223 584 indicandam
1250 521 1297 584 iir-

236 620 358 703 ginem,
399 639 464 682 non
495 616 600 682 solum
632 616 853 698 sponsalibus,
892 617 950 682 sed
982 618 1083 683 etiam
1115 621 1297 700 matrimonio

237 720 427 784 devinctam.
471 716 638 795 Quomodo
668 737 743 798 ergo
773 716 989 782 demonstrari
1009 719 1148 799 poterit,
1177 720 1209 783 in
1234 719 1296 784 locis

237 818 278 882 ab
307 816 501 882 adversariis
530 815 680 898 allegatis
703 815 770 878 hac
802 836 879 880 voce
912 809 1088 898 significari
1116 819 1297 901 sponsalibus

194 977 195 980 ,
236 916 464 984 tantummodo
487 915 695 999 copulatam?

298 1016 486 1080 Plenissime
531 1015 694 1080 consentit
734 1013 989 1078 Maldonatus
1003 1015 1027 1097 ι)
1071 1015 1120 1080 ita
1159 1017 1297 1081 scribens:

239 1115 363 1197 ,Vocat
392 1113 579 1178 Matthaeus
606 1113 745 1178 Mariam
766 1121 1035 1198 praeaeternae
1057 1115 1078 1178 i.
1104 1137 1131 1181 e.
1160 1137 1297 1199 sponsam,

237 1235 302 1278 non
330 1213 418 1296 quod
446 1213 545 1277 ducta
573 1234 639 1277 non
668 1219 769 1292 esset,
799 1215 856 1284 sed
879 1214 966 1297 quod
994 1236 1059 1279 non
1086 1216 1188 1298 magis
1208 1238 1226 1280 a
1243 1216 1298 1279 uiro

238 1314 383 1396 cognita,
415 1334 512 1396 quam
541 1333 695 1395 sponsae,
725 1335 810 1396 quae
837 1314 982 1379 nondum
1010 1321 1134 1396 nuptae
1162 1322 1245 1392 sunt,
1270 1319 1299 1378 ut

238 1411 485 1496 Chrysostomus
507 1412 663 1477 notavit.“
706 1412 819 1496 Neque
848 1413 946 1478 aliter
967 1412 1114 1495 loquitur
1134 1413 1298 1493 Estiusd)

237 1512 311 1594 „Sic
334 1512 545 1594 desponsata,
569 1517 607 1576 ut
629 1518 663 1576 et
683 1532 766 1576 uxor
786 1512 852 1576 sive
875 1511 992 1594 conjux
1014 1518 1117 1591 esset3
1141 1562 1148 1575 .
1172 1562 1178 1576 .
1201 1562 1207 1576 .
1228 1563 1234 1575 .
1254 1511 1300 1576 sed

237 1619 271 1676 et
292 1611 389 1676 hodie
410 1632 493 1675 uxor
520 1631 639 1692 sponsa
666 1618 816 1690 vocatur,
847 1610 988 1700 quando
1004 1611 1148 1675 nondum
1176 1617 1223 1677 est
1241 1631 1300 1692 eog-

234 1711 336 1776 nita.“
379 1709 612 1792 ,Desponsata
637 1709 746 1792 inquit
765 1709 1041 1791 Menochius,³)
1063 1730 1130 1773 non
1151 1731 1209 1792 per
1227 1708 1299 1773 nuda

236 1809 415 1893 sponsalia,
446 1808 504 1873 sed
524 1829 583 1891 per
605 1829 716 1872 verum
736 1808 980 1874 matrimonium
993 1814 1035 1896 et
1057 1829 1150 1874 veras
1171 1809 1299 1892 nuptias

237 1931 312 1974 mox
351 1909 436 1974 enim
470 1914 606 1973 uocatur
642 1909 761 1992 conjux
791 1907 926 1991 Josephi
963 1913 997 1972 et
1027 1906 1151 1990 Joseph
1181 1907 1227 1971 vir
1254 1927 1299 1970 seu

237 2008 376 2072 maritus
399 2006 499 2089 ejus.“

300 2111 328 2170 2.
370 2107 400 2171 S.
435 2104 558 2188 Joseph
593 2105 816 2170 beatissimam
848 2105 1030 2188 Virginem,
1067 2126 1168 2188 quum
1201 2104 1300 2170 uiderit

237 2211 480 2288 praegnantem,
498 2202 605 2267 noluit
622 2224 694 2268 eam
710 2203 932 2270 traducere.
961 2204 1049 2270 Voce
1066 2204 1299 2285 ,traducere‘

237 2304 424 2369 nullatenus
452 2303 505 2367 hic
537 2302 814 2368 introductionem
844 2324 983 2386 sponsae
1015 2303 1050 2367 in
1081 2305 1191 2388 sponsi
1219 2304 1300 2369 aedes

238 2403 430 2485 significari,
463 2424 529 2466 non
557 2402 662 2467 solum
691 2424 714 2466 s.
742 2409 853 2468 textus
881 2404 981 2468 series
1007 2403 1225 2484 demonstrat,
1254 2402 1300 2468 sed

238 2503 338 2568 etiam
359 2500 562 2566 celeberrimi
584 2501 786 2566 contendunt
807 2501 960 2586 theologi.
1005 2503 1174 2581 Quomodo

299 2629 327 2665 α.
362 2622 385 2664 s.
413 2599 535 2682 Joseph
564 2599 595 2663 b.
624 2599 791 2682 Virginem
823 2601 989 2685 dimittere
1019 2603 1196 2685 potuisset,
1226 2600 1300 2666 siin

237 2700 369 2767 domum
390 2721 482 2764 suam
503 2720 568 2763 non
589 2698 707 2764 fuisset
728 2699 901 2766 traducta?
933 2701 1059 2784 ,Quam
1080 2702 1181 2780 enim,
1210 2698 1299 2782 inquit

238 2800 268 2864 d.
298 2798 539 2877 Ambrosius,
548 2800 575 2881 4)
607 2819 673 2863 non
704 2799 846 2882 accepit,
880 2821 974 2866 nemo
1003 2801 1143 2866 dimittit
1173 2808 1207 2868 et
1231 2800 1298 2873 ideo,

236 2899 293 2982 qui
314 2897 446 2963 volebat
468 2897 642 2976 dimittere,
664 2897 833 2964 fatebatur
854 2900 1053 2983 acceptam.“

300 3004 329 3078 β.
359 2995 526 3078 Numquid
542 2996 752 3079 Evangelista
772 3019 795 3061 s.
813 2998 992 3081 Josephum
1011 2999 1178 3080 ,virum“
1195 2995 1299 3063 Mariae

236 3096 436 3180 appellasset
455 3096 623 3178 ,loseph
643 3102 776 3160 autem
797 3097 856 3160 uir
878 3097 992 3179 ejus,“
1013 3097 1220 3162 matrimonio
1236 3115 1298 3160 non·

209 3196 314 3276 *dum
350 3195 560 3268 contracto?-
584 3196 618 3261 Si
642 3199 678 3260 s.
712 3195 835 3278 loseph
869 3197 919 3260 uir
955 3203 1027 3262 erat
1062 3197 1202 3276 Mariae,
1236 3203 1298 3260 tuuc

236 3294 342 3358 Maria
371 3292 440 3376 ejus
468 3315 558 3358 uxor.
602 3294 776 3359 Falluntur
802 3295 917 3377 igitur,
948 3296 1005 3379 qui
1027 3296 1154 3376 dicant,
1182 3295 1299 3362 Mariam

236 3400 307 3458 tum
330 3392 460 3456 demum
488 3392 688 3476 appellatam
716 3392 817 3458 fuisse
846 3415 993 3473 uxorem,
1024 3416 1125 3477 quum
1152 3395 1249 3461 redux
1266 3389 1297 3456 ab

235 3491 406 3556 Elisabeth
426 3493 590 3574 nupsisset
612 3513 635 3556 s.
659 3491 810 3574 Josepho.

296 3589 492 3672 Rejicientes
528 3611 603 3673 ergo
641 3591 807 3655 notionem
839 3592 1096 3673 ,traductionis“
1129 3595 1170 3658 ab
1206 3592 1298 3658 adrer-

236 3689 329 3765 sariis
351 3689 566 3771 propositam,
596 3688 811 3772 praeferimus
837 3691 1144 3774 interpretationem
1165 3715 1186 3758 a
1205 3715 1227 3757 s.
1247 3689 1298 3752 Au-

302 3920 321 3987 1)
339 3921 491 3975 Commeat.
509 3919 537 3972 in
554 3919 653 3974 Matth.
672 3918 694 3987 1,
713 3921 753 3974 18.
786 3922 807 3986 ²)
825 3920 869 3974 Ad
886 3920 986 3978 Matth.
1005 3922 1082 3990 1,le.
1117 3924 1138 3990 ³)
1157 3923 1199 3978 Ad
1215 3917 1297 3977 Matth

237 4001 316 4066 l,18.
347 4002 369 4068 ⁴)
387 4001 419 4054 In
437 4000 570 4056 Luc.lib.
589 4001 624 4057 ll.
