<?xml version="1.0" encoding="UTF-8"?>
<!DOCTYPE html PUBLIC "-//W3C//DTD XHTML 1.0 Transitional//EN"
    "http://www.w3.org/TR/xhtml1/DTD/xhtml1-transitional.dtd">
<html xmlns="http://www.w3.org/1999/xhtml" xml:lang="en" lang="en">
 <head>
  <title>
</title>
<meta http-equiv="Content-Type" content="text/html;charset=utf-8" />
  <meta name='ocr-system' content='tesseract 3.04.00' />
  <meta name='ocr-capabilities' content='ocr_page ocr_carea ocr_par ocr_line ocrx_word'/>
</head>
<body>
  <div class='ocr_page' id='page_1' title='image "./mariologiaseupo00stamgoog_0453.png"; bbox 0 0 2728 4554; ppageno 0'>
   <div class='ocr_carea' id='block_1_1' title="bbox 248 615 867 888">
    <p class='ocr_par' dir='ltr' id='par_1_1' title="bbox 248 615 867 888">
     <span class='ocr_line' id='line_1_1' title="bbox 467 615 645 749; baseline 0.011 -26"><span class='ocrx_word' id='word_1_1' title='bbox 467 615 570 749; x_wconf 76' lang='lat' dir='ltr'>cap.</span> <span class='ocrx_word' id='word_1_2' title='bbox 602 615 645 725; x_wconf 96' lang='grc' dir='ltr'>ΙΙ.</span> 
     </span>
     <span class='ocr_line' id='line_1_2' title="bbox 248 817 867 888; baseline 0.002 -2"><span class='ocrx_word' id='word_1_3' title='bbox 248 818 305 886; x_wconf 84' lang='lat' dir='ltr'>nn</span> <span class='ocrx_word' id='word_1_4' title='bbox 326 817 568 886; x_wconf 74' lang='lat' dir='ltr'>memsam</span> <span class='ocrx_word' id='word_1_5' title='bbox 590 817 758 886; x_wconf 73' lang='lat' dir='ltr'>rursm</span> <span class='ocrx_word' id='word_1_6' title='bbox 778 817 867 888; x_wconf 83' lang='lat' dir='ltr'>nm.</span> 
     </span>
    </p>
   </div>
   <div class='ocr_carea' id='block_1_2' title="bbox 30 981 1176 2453">
    <p class='ocr_par' dir='ltr' id='par_1_2' title="bbox 30 981 1176 2453">
     <span class='ocr_line' id='line_1_3' title="bbox 84 981 1176 1068; baseline 0 -20"><span class='ocrx_word' id='word_1_7' title='bbox 84 983 233 1066; x_wconf 90' lang='lat' dir='ltr'>Dignitas</span> <span class='ocrx_word' id='word_1_8' title='bbox 254 984 334 1048; x_wconf 90' lang='lat' dir='ltr'>haec</span> <span class='ocrx_word' id='word_1_9' title='bbox 355 983 415 1048; x_wconf 91' lang='lat' dir='ltr'>suh</span> <span class='ocrx_word' id='word_1_10' title='bbox 438 983 560 1066; x_wconf 84' lang='lat' dir='ltr'>duplici</span> <span class='ocrx_word' id='word_1_11' title='bbox 579 989 731 1066; x_wconf 84' lang='lat' dir='ltr'>respectu</span> <span class='ocrx_word' id='word_1_12' title='bbox 752 983 952 1049; x_wconf 87' lang='lat' dir='ltr'>considerari</span> <span class='ocrx_word' id='word_1_13' title='bbox 973 991 1097 1068; x_wconf 90' lang='lat' dir='ltr'>potest:</span> <span class='ocrx_word' id='word_1_14' title='bbox 1174 981 1176 984; x_wconf 70' lang='grc'><strong>’</strong></span> 
     </span>
     <span class='ocr_line' id='line_1_4' title="bbox 32 1081 1133 1169; baseline 0.005 -25"><span class='ocrx_word' id='word_1_15' title='bbox 32 1081 181 1164; x_wconf 82' lang='lat' dir='ltr'>physice</span> <span class='ocrx_word' id='word_1_16' title='bbox 209 1104 326 1166; x_wconf 87' lang='lat' dir='ltr'>nempe</span> <span class='ocrx_word' id='word_1_17' title='bbox 355 1089 389 1148; x_wconf 88' lang='lat' dir='ltr'>et</span> <span class='ocrx_word' id='word_1_18' title='bbox 417 1081 633 1147; x_wconf 79' lang='lat' dir='ltr'>moraliter.</span> <span class='ocrx_word' id='word_1_19' title='bbox 676 1081 812 1164; x_wconf 83' lang='lat' dir='ltr'>Physica</span> <span class='ocrx_word' id='word_1_20' title='bbox 838 1082 858 1146; x_wconf 93' lang='lat' dir='ltr'>i.</span> <span class='ocrx_word' id='word_1_21' title='bbox 882 1103 908 1146; x_wconf 92' lang='lat' dir='ltr'>e.</span> <span class='ocrx_word' id='word_1_22' title='bbox 938 1091 1099 1166; x_wconf 89' lang='lat' dir='ltr'>quatenus</span> <span class='ocrx_word' id='word_1_23' title='bbox 1130 1164 1133 1169; x_wconf 90' lang='lat'><em>.</em></span> 
     </span>
     <span class='ocr_line' id='line_1_5' title="bbox 32 1179 1099 1264; baseline 0.003 -20"><span class='ocrx_word' id='word_1_24' title='bbox 32 1179 167 1264; x_wconf 85' lang='lat' dir='ltr'>physicas</span> <span class='ocrx_word' id='word_1_25' title='bbox 196 1181 349 1247; x_wconf 82' lang='lat' dir='ltr'>formavit</span> <span class='ocrx_word' id='word_1_26' title='bbox 376 1181 553 1246; x_wconf 80' lang='lat' dir='ltr'>relationes</span> <span class='ocrx_word' id='word_1_27' title='bbox 582 1181 748 1246; x_wconf 77' lang='lat' dir='ltr'>Christum</span> <span class='ocrx_word' id='word_1_28' title='bbox 775 1181 863 1246; x_wconf 90' lang='lat' dir='ltr'>inter</span> <span class='ocrx_word' id='word_1_29' title='bbox 891 1188 926 1247; x_wconf 90' lang='lat' dir='ltr'>et</span> <span class='ocrx_word' id='word_1_30' title='bbox 952 1182 1099 1247; x_wconf 87' lang='lat' dir='ltr'>Mariam.</span> 
     </span>
     <span class='ocr_line' id='line_1_6' title="bbox 32 1278 1098 1364; baseline 0.003 -21"><span class='ocrx_word' id='word_1_31' title='bbox 32 1279 124 1345; x_wconf 87' lang='lat' dir='ltr'>Maria</span> <span class='ocrx_word' id='word_1_32' title='bbox 156 1282 260 1359; x_wconf 92' lang='lat' dir='ltr'>enim,</span> <span class='ocrx_word' id='word_1_33' title='bbox 293 1288 332 1347; x_wconf 94' lang='lat' dir='ltr'>ut</span> <span class='ocrx_word' id='word_1_34' title='bbox 359 1281 394 1345; x_wconf 93' lang='lat' dir='ltr'>in</span> <span class='ocrx_word' id='word_1_35' title='bbox 426 1281 533 1364; x_wconf 86' lang='lat' dir='ltr'>capite</span> <span class='ocrx_word' id='word_1_36' title='bbox 561 1279 770 1364; x_wconf 79' lang='lat' dir='ltr'>praecedenti</span> <span class='ocrx_word' id='word_1_37' title='bbox 798 1278 1098 1358; x_wconf 84' lang='lat' dir='ltr'>demonstravimus,</span> 
     </span>
     <span class='ocr_line' id='line_1_7' title="bbox 32 1372 1100 1463; baseline 0 -19"><span class='ocrx_word' id='word_1_38' title='bbox 32 1399 86 1460; x_wconf 88' lang='lat' dir='ltr'>qua</span> <span class='ocrx_word' id='word_1_39' title='bbox 111 1372 189 1445; x_wconf 83' lang='lat' dir='ltr'>vera</span> <span class='ocrx_word' id='word_1_40' title='bbox 212 1381 355 1463; x_wconf 88' lang='lat' dir='ltr'>Deipara</span> <span class='ocrx_word' id='word_1_41' title='bbox 376 1401 416 1444; x_wconf 88' lang='lat' dir='ltr'>ex</span> <span class='ocrx_word' id='word_1_42' title='bbox 436 1379 569 1462; x_wconf 87' lang='lat' dir='ltr'>propria</span> <span class='ocrx_word' id='word_1_43' title='bbox 596 1400 655 1443; x_wconf 91' lang='lat' dir='ltr'>sua</span> <span class='ocrx_word' id='word_1_44' title='bbox 683 1378 868 1444; x_wconf 85' lang='lat' dir='ltr'>substantia</span> <span class='ocrx_word' id='word_1_45' title='bbox 894 1379 938 1444; x_wconf 90' lang='lat' dir='ltr'>ad</span> <span class='ocrx_word' id='word_1_46' title='bbox 958 1378 1100 1445; x_wconf 86' lang='lat' dir='ltr'>forman·</span> 
     </span>
     <span class='ocr_line' id='line_1_8' title="bbox 32 1476 1099 1562; baseline 0.004 -23"><span class='ocrx_word' id='word_1_47' title='bbox 32 1476 98 1542; x_wconf 92' lang='lat' dir='ltr'>dum</span> <span class='ocrx_word' id='word_1_48' title='bbox 117 1479 180 1543; x_wconf 93' lang='lat' dir='ltr'>Dei</span> <span class='ocrx_word' id='word_1_49' title='bbox 210 1500 326 1562; x_wconf 89' lang='lat' dir='ltr'>corpus</span> <span class='ocrx_word' id='word_1_50' title='bbox 356 1477 521 1542; x_wconf 87' lang='lat' dir='ltr'>concurrit</span> <span class='ocrx_word' id='word_1_51' title='bbox 549 1483 583 1542; x_wconf 87' lang='lat' dir='ltr'>et</span> <span class='ocrx_word' id='word_1_52' title='bbox 603 1476 714 1560; x_wconf 93' lang='lat' dir='ltr'>aliqua</span> <span class='ocrx_word' id='word_1_53' title='bbox 742 1477 928 1542; x_wconf 86' lang='lat' dir='ltr'>substantia</span> <span class='ocrx_word' id='word_1_54' title='bbox 954 1479 1099 1561; x_wconf 89' lang='lat' dir='ltr'>corporis</span> 
     </span>
     <span class='ocr_line' id='line_1_9' title="bbox 30 1576 1100 1661; baseline 0.004 -22"><span class='ocrx_word' id='word_1_55' title='bbox 30 1576 168 1660; x_wconf 82' lang='lat' dir='ltr'>virginei,</span> <span class='ocrx_word' id='word_1_56' title='bbox 201 1599 241 1642; x_wconf 91' lang='lat' dir='ltr'>ex</span> <span class='ocrx_word' id='word_1_57' title='bbox 269 1597 335 1661; x_wconf 87' lang='lat' dir='ltr'>qua</span> <span class='ocrx_word' id='word_1_58' title='bbox 362 1593 480 1661; x_wconf 88' lang='lat' dir='ltr'>corpus</span> <span class='ocrx_word' id='word_1_59' title='bbox 508 1577 571 1642; x_wconf 91' lang='lat' dir='ltr'>Dei</span> <span class='ocrx_word' id='word_1_60' title='bbox 599 1578 815 1643; x_wconf 90' lang='lat' dir='ltr'>constitutum</span> <span class='ocrx_word' id='word_1_61' title='bbox 841 1577 966 1657; x_wconf 86' lang='lat' dir='ltr'>fuerat,</span> <span class='ocrx_word' id='word_1_62' title='bbox 1001 1579 1100 1643; x_wconf 88' lang='lat' dir='ltr'>etiam</span> 
     </span>
     <span class='ocr_line' id='line_1_10' title="bbox 30 1676 1100 1760; baseline 0.004 -22"><span class='ocrx_word' id='word_1_63' title='bbox 30 1676 241 1744; x_wconf 69' lang='lat' dir='ltr'>nunoWerho</span> <span class='ocrx_word' id='word_1_64' title='bbox 270 1678 333 1743; x_wconf 88' lang='lat' dir='ltr'>Dei</span> <span class='ocrx_word' id='word_1_65' title='bbox 360 1677 564 1760; x_wconf 86' lang='lat' dir='ltr'>hypostatice</span> <span class='ocrx_word' id='word_1_66' title='bbox 592 1677 686 1741; x_wconf 91' lang='lat' dir='ltr'>unita</span> <span class='ocrx_word' id='word_1_67' title='bbox 713 1683 909 1760; x_wconf 87' lang='lat' dir='ltr'>perseverat.</span> <span class='ocrx_word' id='word_1_68' title='bbox 920 1677 944 1759; x_wconf 89' lang='lat'>¹)</span> <span class='ocrx_word' id='word_1_69' title='bbox 993 1677 1100 1742; x_wconf 88' lang='lat' dir='ltr'>Mora-</span> 
     </span>
     <span class='ocr_line' id='line_1_11' title="bbox 30 1773 1100 1860; baseline 0.001 -21"><span class='ocrx_word' id='word_1_70' title='bbox 30 1773 110 1855; x_wconf 88' lang='lat' dir='ltr'>liter,</span> <span class='ocrx_word' id='word_1_71' title='bbox 149 1784 313 1860; x_wconf 88' lang='lat' dir='ltr'>quatenus</span> <span class='ocrx_word' id='word_1_72' title='bbox 344 1775 539 1842; x_wconf 89' lang='lat' dir='ltr'>Maternitas</span> <span class='ocrx_word' id='word_1_73' title='bbox 577 1775 608 1840; x_wconf 92' lang='lat' dir='ltr'>h.</span> <span class='ocrx_word' id='word_1_74' title='bbox 641 1775 808 1858; x_wconf 83' lang='lat' dir='ltr'>Virginem</span> <span class='ocrx_word' id='word_1_75' title='bbox 837 1783 972 1859; x_wconf 88' lang='lat' dir='ltr'>propter</span> <span class='ocrx_word' id='word_1_76' title='bbox 1007 1798 1100 1842; x_wconf 88' lang='lat' dir='ltr'>suam</span> 
     </span>
     <span class='ocr_line' id='line_1_12' title="bbox 30 1873 1101 1958; baseline 0.005 -23"><span class='ocrx_word' id='word_1_77' title='bbox 30 1873 168 1940; x_wconf 88' lang='lat' dir='ltr'>intimam</span> <span class='ocrx_word' id='word_1_78' title='bbox 196 1896 270 1940; x_wconf 91' lang='lat' dir='ltr'>cum</span> <span class='ocrx_word' id='word_1_79' title='bbox 291 1876 360 1940; x_wconf 92' lang='lat' dir='ltr'>Deo</span> <span class='ocrx_word' id='word_1_80' title='bbox 387 1874 646 1958; x_wconf 88' lang='lat' dir='ltr'>conjunctionem</span> <span class='ocrx_word' id='word_1_81' title='bbox 675 1875 709 1938; x_wconf 92' lang='lat' dir='ltr'>in</span> <span class='ocrx_word' id='word_1_82' title='bbox 731 1874 903 1940; x_wconf 83' lang='lat' dir='ltr'>excellenti</span> <span class='ocrx_word' id='word_1_83' title='bbox 931 1875 1101 1958; x_wconf 89' lang='lat' dir='ltr'>dignitatis</span> 
     </span>
     <span class='ocr_line' id='line_1_13' title="bbox 30 1972 1099 2057; baseline 0.002 -19"><span class='ocrx_word' id='word_1_84' title='bbox 30 1973 121 2054; x_wconf 87' lang='lat' dir='ltr'>gradu</span> <span class='ocrx_word' id='word_1_85' title='bbox 150 1974 332 2040; x_wconf 89' lang='lat' dir='ltr'>constituit.</span> <span class='ocrx_word' id='word_1_86' title='bbox 375 1973 464 2038; x_wconf 86' lang='lat' dir='ltr'>Haec</span> <span class='ocrx_word' id='word_1_87' title='bbox 493 1972 633 2056; x_wconf 85' lang='lat' dir='ltr'>dignitas</span> <span class='ocrx_word' id='word_1_88' title='bbox 653 1972 795 2052; x_wconf 87' lang='lat' dir='ltr'>moralis,</span> <span class='ocrx_word' id='word_1_89' title='bbox 819 1995 902 2057; x_wconf 90' lang='lat' dir='ltr'>quae</span> <span class='ocrx_word' id='word_1_90' title='bbox 923 1973 1099 2040; x_wconf 88' lang='lat' dir='ltr'>relationes</span> 
     </span>
     <span class='ocr_line' id='line_1_14' title="bbox 31 2071 1100 2158; baseline 0.003 -23"><span class='ocrx_word' id='word_1_91' title='bbox 31 2071 99 2138; x_wconf 85' lang='lat' dir='ltr'>istas</span> <span class='ocrx_word' id='word_1_92' title='bbox 125 2074 278 2158; x_wconf 88' lang='lat' dir='ltr'>physicas</span> <span class='ocrx_word' id='word_1_93' title='bbox 305 2073 470 2139; x_wconf 85' lang='lat' dir='ltr'>Christum</span> <span class='ocrx_word' id='word_1_94' title='bbox 498 2073 585 2138; x_wconf 90' lang='lat' dir='ltr'>inter</span> <span class='ocrx_word' id='word_1_95' title='bbox 614 2078 648 2137; x_wconf 89' lang='lat' dir='ltr'>et</span> <span class='ocrx_word' id='word_1_96' title='bbox 673 2072 811 2137; x_wconf 89' lang='lat' dir='ltr'>Mariam</span> <span class='ocrx_word' id='word_1_97' title='bbox 840 2072 1017 2137; x_wconf 86' lang='lat' dir='ltr'>existentes</span> <span class='ocrx_word' id='word_1_98' title='bbox 1045 2094 1100 2138; x_wconf 94' lang='lat' dir='ltr'>ne-</span> 
     </span>
     <span class='ocr_line' id='line_1_15' title="bbox 31 2169 1101 2256; baseline 0.002 -23"><span class='ocrx_word' id='word_1_99' title='bbox 31 2173 158 2239; x_wconf 82' lang='lat' dir='ltr'>cessario</span> <span class='ocrx_word' id='word_1_100' title='bbox 190 2171 443 2256; x_wconf 89' lang='lat' dir='ltr'>praesupponit,</span> <span class='ocrx_word' id='word_1_101' title='bbox 478 2171 598 2236; x_wconf 88' lang='lat' dir='ltr'>iterum</span> <span class='ocrx_word' id='word_1_102' title='bbox 630 2169 664 2234; x_wconf 93' lang='lat' dir='ltr'>in</span> <span class='ocrx_word' id='word_1_103' title='bbox 696 2170 818 2252; x_wconf 89' lang='lat' dir='ltr'>duplici</span> <span class='ocrx_word' id='word_1_104' title='bbox 854 2191 950 2235; x_wconf 89' lang='lat' dir='ltr'>sensu</span> <span class='ocrx_word' id='word_1_105' title='bbox 983 2172 1101 2254; x_wconf 83' lang='lat' dir='ltr'>exponi</span> 
     </span>
     <span class='ocr_line' id='line_1_16' title="bbox 31 2269 1101 2352; baseline 0.001 -19"><span class='ocrx_word' id='word_1_106' title='bbox 31 2277 142 2349; x_wconf 87' lang='lat' dir='ltr'>potest:</span> <span class='ocrx_word' id='word_1_107' title='bbox 172 2271 299 2336; x_wconf 91' lang='lat' dir='ltr'>scilicet</span> <span class='ocrx_word' id='word_1_108' title='bbox 326 2269 512 2335; x_wconf 91' lang='lat' dir='ltr'>absolute</span> <span class='ocrx_word' id='word_1_109' title='bbox 541 2269 561 2333; x_wconf 93' lang='lat' dir='ltr'>i.</span> <span class='ocrx_word' id='word_1_110' title='bbox 585 2291 612 2334; x_wconf 88' lang='lat' dir='ltr'>e.</span> <span class='ocrx_word' id='word_1_111' title='bbox 634 2269 756 2352; x_wconf 88' lang='lat' dir='ltr'>absque</span> <span class='ocrx_word' id='word_1_112' title='bbox 787 2269 1029 2351; x_wconf 86' lang='lat' dir='ltr'>comparatione</span> <span class='ocrx_word' id='word_1_113' title='bbox 1058 2269 1101 2334; x_wconf 88' lang='lat' dir='ltr'>ad</span> 
     </span>
     <span class='ocr_line' id='line_1_17' title="bbox 31 2366 1100 2453; baseline 0.005 -24"><span class='ocrx_word' id='word_1_114' title='bbox 31 2366 101 2434; x_wconf 87' lang='lat' dir='ltr'>alias</span> <span class='ocrx_word' id='word_1_115' title='bbox 117 2369 297 2453; x_wconf 85' lang='lat' dir='ltr'>dignitates</span> <span class='ocrx_word' id='word_1_116' title='bbox 314 2376 348 2435; x_wconf 92' lang='lat' dir='ltr'>et</span> <span class='ocrx_word' id='word_1_117' title='bbox 368 2367 539 2434; x_wconf 83' lang='lat' dir='ltr'>relative</span> <span class='ocrx_word' id='word_1_118' title='bbox 560 2367 580 2431; x_wconf 93' lang='lat' dir='ltr'>i.</span> <span class='ocrx_word' id='word_1_119' title='bbox 594 2389 621 2432; x_wconf 92' lang='lat' dir='ltr'>e.</span> <span class='ocrx_word' id='word_1_120' title='bbox 636 2367 740 2434; x_wconf 88' lang='lat' dir='ltr'>relate</span> <span class='ocrx_word' id='word_1_121' title='bbox 757 2367 800 2432; x_wconf 87' lang='lat' dir='ltr'>ad</span> <span class='ocrx_word' id='word_1_122' title='bbox 815 2366 897 2432; x_wconf 87' lang='lat' dir='ltr'>alias</span> <span class='ocrx_word' id='word_1_123' title='bbox 914 2366 1100 2451; x_wconf 87' lang='lat' dir='ltr'>dignitates.</span> 
     </span>
    </p>
   </div>
   <div class='ocr_carea' id='block_1_3' title="bbox 515 2567 600 2654">
    <p class='ocr_par' dir='ltr' id='par_1_3' title="bbox 515 2567 600 2654">
     <span class='ocr_line' id='line_1_18' title="bbox 515 2567 600 2654; baseline 0.035 -22"><span class='ocrx_word' id='word_1_124' title='bbox 515 2569 549 2654; x_wconf 67' lang='lat' dir='ltr'>g.</span> <span class='ocrx_word' id='word_1_125' title='bbox 571 2567 600 2635; x_wconf 89' lang='lat'>1.</span> 
     </span>
    </p>
   </div>
   <div class='ocr_carea' id='block_1_4' title="bbox 90 2689 1031 2798">
    <p class='ocr_par' dir='ltr' id='par_1_4' title="bbox 90 2689 1031 2798">
     <span class='ocr_line' id='line_1_19' title="bbox 90 2689 1031 2798; baseline 0.001 -19"><span class='ocrx_word' id='word_1_126' title='bbox 90 2715 277 2798; x_wconf 84' lang='lat' dir='ltr'>Dignitas</span> <span class='ocrx_word' id='word_1_127' title='bbox 305 2715 446 2782; x_wconf 92' lang='lat' dir='ltr'>Matris</span> <span class='ocrx_word' id='word_1_128' title='bbox 474 2714 623 2780; x_wconf 88' lang='lat' dir='ltr'>Mariae</span> <span class='ocrx_word' id='word_1_129' title='bbox 652 2714 837 2779; x_wconf 90' lang='lat' dir='ltr'>absolute</span> <span class='ocrx_word' id='word_1_130' title='bbox 866 2689 1031 2798; x_wconf 86' lang='lat' dir='ltr'>sumpta.</span> 
     </span>
    </p>
   </div>
   <div class='ocr_carea' id='block_1_5' title="bbox 29 2863 1104 3641">
    <p class='ocr_par' dir='ltr' id='par_1_5' title="bbox 58 2863 326 2944">
     <span class='ocr_line' id='line_1_20' title="bbox 58 2863 326 2944; baseline -0.011 -14"><span class='ocrx_word' id='word_1_131' title='bbox 58 2939 59 2944; x_wconf 8' lang='grc' dir='ltr'>η</span> <span class='ocrx_word' id='word_1_132' title='bbox 84 2864 156 2942; x_wconf 84' lang='lat' dir='ltr'>Qua</span> <span class='ocrx_word' id='word_1_133' title='bbox 176 2863 253 2928; x_wconf 87' lang='lat' dir='ltr'>talis</span> <span class='ocrx_word' id='word_1_134' title='bbox 275 2869 326 2928; x_wconf 87' lang='lat' dir='ltr'>est</span> 
     </span>
    </p>

    <p class='ocr_par' dir='ltr' id='par_1_6' title="bbox 29 2959 1104 3641">
     <span class='ocr_line' id='line_1_21' title="bbox 86 2959 1103 3047; baseline -0.002 -21"><span class='ocrx_word' id='word_1_135' title='bbox 86 2968 111 3026; x_wconf 91' lang='lat'>1.</span> <span class='ocrx_word' id='word_1_136' title='bbox 140 2961 442 3047; x_wconf 85' lang='lat' dir='ltr'>perfectissima</span> <span class='ocrx_word' id='word_1_137' title='bbox 463 2982 547 3025; x_wconf 90' lang='lat' dir='ltr'>cum</span> <span class='ocrx_word' id='word_1_138' title='bbox 567 2959 699 3024; x_wconf 89' lang='lat' dir='ltr'>trihus</span> <span class='ocrx_word' id='word_1_139' title='bbox 721 2981 766 3024; x_wconf 92' lang='lat' dir='ltr'>ss.</span> <span class='ocrx_word' id='word_1_140' title='bbox 783 2959 1001 3024; x_wconf 82' lang='lat' dir='ltr'>Trinitatis</span> <span class='ocrx_word' id='word_1_141' title='bbox 1019 2981 1103 3043; x_wconf 90' lang='lat' dir='ltr'>per·</span> 
     </span>
     <span class='ocr_line' id='line_1_22' title="bbox 30 3058 1103 3141; baseline 0.001 -18"><span class='ocrx_word' id='word_1_142' title='bbox 30 3063 128 3127; x_wconf 90' lang='lat' dir='ltr'>sonis</span> <span class='ocrx_word' id='word_1_143' title='bbox 160 3061 325 3132; x_wconf 80' lang='lat' dir='ltr'>affinitas.</span> <span class='ocrx_word' id='word_1_144' title='bbox 373 3060 469 3125; x_wconf 90' lang='lat' dir='ltr'>Bulla</span> <span class='ocrx_word' id='word_1_145' title='bbox 497 3058 769 3141; x_wconf 83' lang='lat' dir='ltr'>,ineffabilis“</span> <span class='ocrx_word' id='word_1_146' title='bbox 798 3058 992 3124; x_wconf 89' lang='lat' dir='ltr'>relationem</span> <span class='ocrx_word' id='word_1_147' title='bbox 1019 3059 1103 3132; x_wconf 84' lang='lat' dir='ltr'>hano</span> 
     </span>
     <span class='ocr_line' id='line_1_23' title="bbox 30 3157 1104 3245; baseline 0.003 -24"><span class='ocrx_word' id='word_1_148' title='bbox 30 3159 72 3224; x_wconf 85' lang='lat' dir='ltr'>ita</span> <span class='ocrx_word' id='word_1_149' title='bbox 99 3161 267 3245; x_wconf 87' lang='lat' dir='ltr'>exprimit:</span> <span class='ocrx_word' id='word_1_150' title='bbox 301 3160 382 3244; x_wconf 80' lang='lat' dir='ltr'>,Cui</span> <span class='ocrx_word' id='word_1_151' title='bbox 412 3158 563 3240; x_wconf 84' lang='lat' dir='ltr'>(Mariae)</span> <span class='ocrx_word' id='word_1_152' title='bbox 591 3157 679 3222; x_wconf 91' lang='lat' dir='ltr'>Deus</span> <span class='ocrx_word' id='word_1_153' title='bbox 700 3157 798 3222; x_wconf 88' lang='lat' dir='ltr'>Pater</span> <span class='ocrx_word' id='word_1_154' title='bbox 826 3157 958 3222; x_wconf 90' lang='lat' dir='ltr'>unicum</span> <span class='ocrx_word' id='word_1_155' title='bbox 984 3158 1104 3226; x_wconf 89' lang='lat' dir='ltr'>Filium</span> 
     </span>
     <span class='ocr_line' id='line_1_24' title="bbox 30 3255 1103 3344; baseline 0.002 -24"><span class='ocrx_word' id='word_1_156' title='bbox 30 3273 134 3340; x_wconf 90' lang='lat' dir='ltr'>suum,</span> <span class='ocrx_word' id='word_1_157' title='bbox 162 3282 259 3344; x_wconf 90' lang='lat' dir='ltr'>quem</span> <span class='ocrx_word' id='word_1_158' title='bbox 287 3260 328 3325; x_wconf 91' lang='lat' dir='ltr'>de</span> <span class='ocrx_word' id='word_1_159' title='bbox 356 3258 453 3324; x_wconf 90' lang='lat' dir='ltr'>corde</span> <span class='ocrx_word' id='word_1_160' title='bbox 482 3278 540 3322; x_wconf 93' lang='lat' dir='ltr'>suo</span> <span class='ocrx_word' id='word_1_161' title='bbox 570 3255 739 3339; x_wconf 87' lang='lat' dir='ltr'>aequalem</span> <span class='ocrx_word' id='word_1_162' title='bbox 768 3255 831 3321; x_wconf 92' lang='lat' dir='ltr'>sihi</span> <span class='ocrx_word' id='word_1_163' title='bbox 858 3257 1003 3340; x_wconf 91' lang='lat' dir='ltr'>genitum</span> <span class='ocrx_word' id='word_1_164' title='bbox 1031 3263 1103 3323; x_wconf 90' lang='lat' dir='ltr'>tan-</span> 
     </span>
     <span class='ocr_line' id='line_1_25' title="bbox 31 3355 1104 3442; baseline -0.001 -20"><span class='ocrx_word' id='word_1_165' title='bbox 31 3377 120 3439; x_wconf 88' lang='lat' dir='ltr'>quam</span> <span class='ocrx_word' id='word_1_166' title='bbox 141 3381 176 3424; x_wconf 88' lang='lat' dir='ltr'>se</span> <span class='ocrx_word' id='word_1_167' title='bbox 198 3360 305 3442; x_wconf 90' lang='lat' dir='ltr'>ipsum</span> <span class='ocrx_word' id='word_1_168' title='bbox 327 3358 444 3441; x_wconf 85' lang='lat' dir='ltr'>diligit,</span> <span class='ocrx_word' id='word_1_169' title='bbox 473 3357 521 3421; x_wconf 88' lang='lat' dir='ltr'>ita</span> <span class='ocrx_word' id='word_1_170' title='bbox 544 3355 622 3420; x_wconf 86' lang='lat' dir='ltr'>dare</span> <span class='ocrx_word' id='word_1_171' title='bbox 643 3355 819 3438; x_wconf 85' lang='lat' dir='ltr'>disposuit,</span> <span class='ocrx_word' id='word_1_172' title='bbox 847 3363 886 3420; x_wconf 91' lang='lat' dir='ltr'>ut</span> <span class='ocrx_word' id='word_1_173' title='bbox 906 3356 1104 3422; x_wconf 85' lang='lat' dir='ltr'>naturaliter</span> 
     </span>
     <span class='ocr_line' id='line_1_26' title="bbox 31 3455 1103 3543; baseline 0.004 -25"><span class='ocrx_word' id='word_1_174' title='bbox 31 3466 108 3523; x_wconf 90' lang='lat' dir='ltr'>esset</span> <span class='ocrx_word' id='word_1_175' title='bbox 140 3479 225 3524; x_wconf 86' lang='lat' dir='ltr'>unus</span> <span class='ocrx_word' id='word_1_176' title='bbox 261 3458 412 3543; x_wconf 88' lang='lat' dir='ltr'>idemque</span> <span class='ocrx_word' id='word_1_177' title='bbox 449 3456 627 3523; x_wconf 90' lang='lat' dir='ltr'>communis</span> <span class='ocrx_word' id='word_1_178' title='bbox 659 3455 721 3519; x_wconf 91' lang='lat' dir='ltr'>Dei</span> <span class='ocrx_word' id='word_1_179' title='bbox 752 3455 859 3521; x_wconf 86' lang='lat' dir='ltr'>Patris</span> <span class='ocrx_word' id='word_1_180' title='bbox 896 3461 930 3520; x_wconf 91' lang='lat' dir='ltr'>et</span> <span class='ocrx_word' id='word_1_181' title='bbox 960 3455 1103 3539; x_wconf 86' lang='lat' dir='ltr'>Virginis</span> 
     </span>
     <span class='ocr_line' id='line_1_27' title="bbox 29 3551 1104 3641; baseline 0.001 -23"><span class='ocrx_word' id='word_1_182' title='bbox 29 3553 138 3637; x_wconf 82' lang='lat' dir='ltr'>Fihus3</span> <span class='ocrx_word' id='word_1_183' title='bbox 179 3563 213 3622; x_wconf 90' lang='lat' dir='ltr'>et</span> <span class='ocrx_word' id='word_1_184' title='bbox 245 3578 343 3641; x_wconf 89' lang='lat' dir='ltr'>quam</span> <span class='ocrx_word' id='word_1_185' title='bbox 373 3557 443 3640; x_wconf 91' lang='lat' dir='ltr'>ipse</span> <span class='ocrx_word' id='word_1_186' title='bbox 474 3555 576 3620; x_wconf 88' lang='lat' dir='ltr'>Filius</span> <span class='ocrx_word' id='word_1_187' title='bbox 606 3551 868 3620; x_wconf 88' lang='lat' dir='ltr'>substantialiter</span> <span class='ocrx_word' id='word_1_188' title='bbox 900 3553 1009 3620; x_wconf 83' lang='lat' dir='ltr'>facere</span> <span class='ocrx_word' id='word_1_189' title='bbox 1041 3555 1104 3620; x_wconf 93' lang='lat' dir='ltr'>sihi</span> 
     </span>
    </p>
   </div>
   <div class='ocr_carea' id='block_1_6' title="bbox 30 3713 218 3726">
    <p class='ocr_par' dir='ltr' id='par_1_7' title="bbox 30 3713 218 3726">
     <span class='ocr_line' id='line_1_28' title="bbox 30 3713 218 3726; baseline 0.011 -2"><span class='ocrx_word' id='word_1_190' title='bbox 30 3713 218 3726; x_wconf 47' lang='lat' dir='ltr'><strong>—u—-n—</strong></span> 
     </span>
    </p>
   </div>
   <div class='ocr_carea' id='block_1_7' title="bbox 89 3798 1188 3871">
    <p class='ocr_par' dir='ltr' id='par_1_8' title="bbox 89 3798 1188 3871">
     <span class='ocr_line' id='line_1_29' title="bbox 89 3798 1188 3871; baseline -0.007 -13"><span class='ocrx_word' id='word_1_191' title='bbox 89 3807 108 3871; x_wconf 72' lang='grc'>1)</span> <span class='ocrx_word' id='word_1_192' title='bbox 126 3803 180 3858; x_wconf 76' lang='lat' dir='ltr'>cn.</span> <span class='ocrx_word' id='word_1_193' title='bbox 197 3803 317 3856; x_wconf 88' lang='lat' dir='ltr'>Perrone</span> <span class='ocrx_word' id='word_1_194' title='bbox 335 3801 370 3856; x_wconf 89' lang='lat' dir='ltr'>de</span> <span class='ocrx_word' id='word_1_195' title='bbox 388 3806 550 3868; x_wconf 67' lang='lat' dir='ltr'>resurrect:</span> <span class='ocrx_word' id='word_1_196' title='bbox 568 3799 678 3855; x_wconf 79' lang='lat' dir='ltr'>Rhodes</span> <span class='ocrx_word' id='word_1_197' title='bbox 696 3799 795 3868; x_wconf 83' lang='lat' dir='ltr'>dignit.</span> <span class='ocrx_word' id='word_1_198' title='bbox 814 3801 895 3855; x_wconf 83' lang='lat' dir='ltr'>Matr.</span> <span class='ocrx_word' id='word_1_199' title='bbox 913 3799 965 3853; x_wconf 88' lang='lat' dir='ltr'>Dei</span> <span class='ocrx_word' id='word_1_200' title='bbox 983 3805 1049 3854; x_wconf 85' lang='lat' dir='ltr'>sect.</span> <span class='ocrx_word' id='word_1_201' title='bbox 1068 3798 1104 3865; x_wconf 86' lang='lat'>11,</span> <span class='ocrx_word' id='word_1_202' title='bbox 1178 3835 1188 3858; x_wconf 74' lang='grc'><strong><em>,</em></strong></span> 
     </span>
    </p>
   </div>
   <div class='ocr_carea' id='block_1_8' title="bbox 29 3881 1202 3956">
    <p class='ocr_par' dir='ltr' id='par_1_9' title="bbox 29 3881 1202 3956">
     <span class='ocr_line' id='line_1_30' title="bbox 29 3881 1202 3956; baseline -0.007 -15"><span class='ocrx_word' id='word_1_203' title='bbox 29 3884 50 3952; x_wconf 67' lang='lat' dir='ltr'>i.</span> <span class='ocrx_word' id='word_1_204' title='bbox 65 3889 92 3953; x_wconf 78' lang='lat'>23</span> <span class='ocrx_word' id='word_1_205' title='bbox 117 3887 209 3942; x_wconf 83' lang='lat' dir='ltr'>Tract.</span> <span class='ocrx_word' id='word_1_206' title='bbox 233 3886 354 3956; x_wconf 84' lang='lat' dir='ltr'>theolog.</span> <span class='ocrx_word' id='word_1_207' title='bbox 377 3885 412 3940; x_wconf 86' lang='lat' dir='ltr'>de</span> <span class='ocrx_word' id='word_1_208' title='bbox 433 3885 464 3941; x_wconf 87' lang='lat' dir='ltr'>B.</span> <span class='ocrx_word' id='word_1_209' title='bbox 484 3885 515 3938; x_wconf 90' lang='lat' dir='ltr'>V.</span> <span class='ocrx_word' id='word_1_210' title='bbox 533 3884 570 3940; x_wconf 91' lang='lat' dir='ltr'>M.</span> <span class='ocrx_word' id='word_1_211' title='bbox 592 3889 704 3940; x_wconf 84' lang='lat' dir='ltr'>auctore</span> <span class='ocrx_word' id='word_1_212' title='bbox 728 3884 874 3939; x_wconf 83' lang='lat' dir='ltr'>Societatis</span> <span class='ocrx_word' id='word_1_213' title='bbox 896 3881 1003 3937; x_wconf 83' lang='lat' dir='ltr'>Mariae</span> <span class='ocrx_word' id='word_1_214' title='bbox 1027 3897 1106 3952; x_wconf 83' lang='lat' dir='ltr'>prae·</span> <span class='ocrx_word' id='word_1_215' title='bbox 1201 3945 1202 3952; x_wconf 8' lang='grc' dir='ltr'>ἵ</span> 
     </span>
    </p>
   </div>
   <div class='ocr_carea' id='block_1_9' title="bbox 29 3968 468 4041">
    <p class='ocr_par' dir='ltr' id='par_1_10' title="bbox 29 3968 468 4041">
     <span class='ocr_line' id='line_1_31' title="bbox 29 3968 468 4041; baseline 0.007 -22"><span class='ocrx_word' id='word_1_216' title='bbox 29 3968 143 4036; x_wconf 88' lang='lat' dir='ltr'>sbytero.</span> <span class='ocrx_word' id='word_1_217' title='bbox 177 3969 319 4040; x_wconf 81' lang='lat' dir='ltr'>(Lugduni</span> <span class='ocrx_word' id='word_1_218' title='bbox 336 3987 398 4041; x_wconf 81' lang='lat' dir='ltr'>pag.</span> <span class='ocrx_word' id='word_1_219' title='bbox 416 3969 468 4035; x_wconf 82' lang='lat'>31)</span> 
     </span>
    </p>
   </div>
   <div class='ocr_carea' id='block_1_10' title="bbox 0 0 1369 4554">
    <p class='ocr_par' dir='ltr' id='par_1_11' title="bbox 0 0 1369 4554">
     <span class='ocr_line' id='line_1_32' title="bbox 0 0 1369 4554; baseline 0 0"><span class='ocrx_word' id='word_1_220' title='bbox 0 0 1369 4554; x_wconf 95' lang='lat' dir='ltr'> </span> 
     </span>
    </p>
   </div>
  </div>
 </body>
</html>
