2728 4554
713 335 716 341 ’
744 355 805 415 ros

297 517 395 595 Sunt,
427 516 494 604 ¹qui
530 515 565 581 in
601 515 683 581 urbe
719 513 970 597 Macheronl)
1008 519 1102 580 trans
1137 512 1293 580 Jordsnem

182 645 185 650 ’
233 616 311 708 sita,
344 616 402 681 ubi
432 635 457 680 si
485 615 681 681 Praecursor
709 613 840 680 Domini
867 613 1061 680 interiectus
1090 611 1168 692 init,
1198 611 1295 677 valio

233 717 422 794 Emmaus,
432 716 457 798 2)
487 715 545 780 ubi
566 714 717 797 discipuli
738 714 914 780 Dominum
934 721 1010 797 post
1031 712 1297 778 Resurrectionem

233 835 326 880 suam
347 813 562 879 infractione
584 814 678 898 panis
701 818 930 896 cognoverunt,
960 835 984 877 s.
1006 813 1143 878 Joannis
1163 817 1298 895 parentes

219 912 400 1010 'habitasse
421 913 532 978 velint.
959 975 961 982 ,

295 1011 361 1077 Alii
377 1012 568 1095 praeferunt
589 1010 872 1093 Bethlehem;³)
893 1031 1006 1074 rursus
1028 1009 1094 1086 alii,
1115 1007 1295 1091 gravioribus

234 1109 332 1175 innisi
343 1110 535 1190 rationibus,
549 1105 679 1175 urbes-J
686 1109 882 1187 erusalem
897 1110 949 1174 vel
964 1109 1125 1173 Hebron
1140 1106 1295 1173 Zachariae

234 1217 268 1275 et
288 1209 497 1275 Elisabethae
519 1209 682 1275 domicilio
703 1211 894 1275 honestates
916 1208 1020 1274 fuisse
1042 1214 1199 1273 asserunt.

296 1308 497 1374 Sententiam
528 1308 710 1375 Jerusalem
746 1316 780 1373 et
810 1307 944 1373 Hebron
979 1307 1117 1371 urbibus
1153 1306 1296 1371 faventem

233 1408 377 1491 penitius
397 1408 556 1491 inspicere
578 1407 724 1472 sufficiet.

295 1505 394 1572 Multi
425 1505 609 1590 pernobiles
641 1507 816 1590 scriptores
849 1506 1096 1584 existimarunt,
1134 1505 1297 1569 Hieroso·

301 1753 319 1820 ¹)
340 1753 382 1808 De
404 1753 457 1807 hac
480 1753 610 1822 opinione
635 1753 832 1810 animadvertit
855 1753 1041 1808 Tillemont
1063 1752 1221 1819 (Memoires
1241 1766 1297 1819 pour

234 1836 323 1891 servir
344 1835 512 1891 bl’histoire
536 1836 743 1905 ecelesiastique
764 1841 830 1892 tom.
847 1836 870 1903 1,
887 1853 950 1906 pag.
966 1837 1040 1904 483):
1066 1839 1220 1906 „Qnelques
1239 1851 1297 1888 mar

233 1919 374 1988 tyrologes
386 1919 443 1973 fort
458 1919 570 1983 enciens
587 1925 734 1988 marquent
746 1919 775 1973 la
792 1919 960 1988 conception
973 1919 1009 1974 de
1026 1938 1048 1974 s.
1060 1921 1077 1975 J
1080 1937 1132 1975 ean
1149 1937 1184 1973 au
1199 1918 1298 1972 obitam

234 2000 270 2056 de
287 2001 469 2070 Mequercnte
487 2000 610 2067 (celebre
626 2017 679 2069 par
696 2017 726 2054 sa
742 2002 835 2070 mort),
858 2001 983 2070 scitque
1000 2002 1057 2056 l'on
1074 2019 1109 2056 en
1125 2003 1159 2057 fit
1175 1997 1298 2071 particuli·

234 2084 361 2140 crement
377 2085 405 2138 la
421 2083 477 2138 ieie
494 2101 529 2138 en
546 2099 579 2144 oe
595 2084 651 2138 lieu
667 2084 707 2149 la,
731 2084 855 2153 scitque
873 2100 905 2138 ce
927 2083 970 2138 int
987 2083 1195 2139 effectirement
1209 2083 1234 2136 le
1252 2081 1298 2133 lieu

234 2167 269 2222 dc
287 2168 315 2222 la
331 2166 463 2222 domeure
481 2166 516 2221 de
534 2167 659 2221 Zacarie:
684 2183 716 2222 ce
733 2167 780 2236 qui
797 2183 833 2220 ne
850 2166 943 2236 parsit
958 2183 1008 2235 pas
1026 2166 1167 2220 contraire
1183 2162 1297 2219 bl’Ecri·

233 2257 304 2306 ture.
338 2251 391 2305 Car
408 2249 591 2318 Mequeroute
608 2248 678 2303 itsit
694 2248 763 2303 dans
779 2267 818 2302 un
835 2265 901 2317 pays
920 2248 954 2302 de
970 2253 1144 2322 montagues,
1161 2265 1215 2302 non
1230 2243 1299 2315 past

148 2381 150 2386 .
231 2333 260 2387 la
275 2333 366 2390 verite
383 2331 452 2387 dans
468 2333 495 2386 la
508 2331 586 2388 tribu
602 2329 638 2385 de
652 2329 735 2398 Juda,
750 2331 866 2400 puisque
884 2331 978 2386 c'ttait
995 2347 1031 2384 au
1048 2328 1112 2384 del'a
1129 2329 1168 2384 du
1180 2327 1299 2384 Jourdain

233 2415 304 2470 daus
325 2414 353 2468 la
372 2414 451 2470 tribu
474 2413 510 2468 de
530 2412 642 2481 Ruben;
667 2413 736 2466 mais
756 2412 919 2467 neanmoins
944 2411 1012 2466 dans
1036 2412 1063 2466 le
1086 2429 1156 2480 pays
1178 2413 1212 2466 de
1231 2409 1298 2473 Juds,

234 2495 303 2554 c'est
323 2496 341 2551 b
361 2496 423 2551 dire
444 2497 513 2551 dens
532 2496 560 2550 la
577 2495 674 2552 Judee.
714 2495 736 2562 ²)
758 2495 844 2549 Poza
866 2495 928 2561 (lib.
947 2498 959 2548 l
977 2499 1060 2550 tract
1078 2498 1107 2549 11
1126 2511 1169 2564 cp.
1187 2497 1221 2562 ὃ),
1237 2508 1298 2548 acer·

234 2581 321 2636 fimus
344 2579 424 2650 hujus
455 2580 611 2636 sententiae
634 2578 741 2645 fautor,
772 2579 812 2633 its
840 2579 952 2635 scribit:
989 2579 1156 2646 „Vatusium
1184 2578 1255 2632 adest
1277 2577 1299 2628 et

234 2662 377 2718 ruinosum
402 2663 538 2731 templum
568 2662 667 2732 majori
699 2679 734 2716 ex
759 2665 839 2731 parte
865 2661 1005 2726 dirutum,
1038 2661 1112 2730 quod
1138 2661 1205 2716 olim
1232 2657 1299 2713 aedes

233 2746 384 2802 Zachariae
409 2747 533 2814 parentis
557 2745 699 2816 Baptistae
730 2746 770 2799 ibi
800 2745 958 2812 extiterint,
990 2745 1026 2799 ad
1052 2760 1119 2812 quas
1146 2743 1230 2814 Virgo
1253 2739 1299 2794 Eli·

235 2829 376 2884 sabetham
395 2829 548 2883 salutatura
564 2830 713 2890 accessisse
730 2829 864 2884 creditur.
897 2829 970 2883 Fons
988 2845 1074 2898 aquae
1092 2828 1186 2893 rivae,
1207 2827 1298 2894 Naptos

235 2912 301 2966 clim
318 2916 445 2977 vocatus,
467 2911 515 2979 qui
536 2911 572 2964 sd
590 2912 697 2980 jactum
719 2911 784 2966 inde
805 2911 906 2980 lapidis
928 2911 1065 2973 excurrit,
1089 2909 1174 2964 hodie
1193 2905 1298 2976 Virginis

235 2992 342 3048 Mariae
363 2993 408 3047 vel
429 3010 450 3047 s.
468 2993 584 3048 Josnnis
601 2994 743 3063 Baptistae
764 2993 799 3048 ab
821 2994 960 3064 indigenis
982 2995 1152 3065 appellatur,
1174 2995 1202 3047 in
1217 3005 1298 3046 monu-

234 3080 359 3130 mentum
376 3091 471 3130 sacrae
492 3077 732 3145 peregrinationis.
766 3076 855 3131 Adest
874 3093 963 3147 prope
979 3078 1090 3132 Fanum·
1104 3075 1298 3132 celeberrimum

235 3159 321 3216 natali
342 3157 485 3226 Baptistae
507 3163 755 3215 consecratum'eo
775 3160 852 3225 loco,
876 3177 931 3228 quo
954 3178 1016 3215 eum
1037 3162 1121 3216 fuisse
1144 3165 1236 3216 ustum
1254 3169 1298 3209 mc

235 3242 325 3296 moria
349 3246 404 3295 est:
430 3257 500 3310 quae
525 3243 618 3296 omnis
640 3243 723 3298 libuit
747 3260 925 3312 percurrere,
950 3247 990 3300 ut'
1004 3262 1056 3314 per
1078 3262 1177 3300 manus
1201 3239 1298 3308 accepte

234 3325 360 3379 iocorum
385 3323 499 3378 traditio
528 3329 639 3378 nostrae
669 3325 822 3380 sententiae
848 3326 1053 3382 firmamentum
1082 3329 1146 3382 sit.“
1188 3329 1224 3379 At
1245 3320 1297 3376 urbs

235 3408 377 3472 Emmaus,
393 3406 422 3460 in
439 3411 533 3461 monte
550 3407 664 3462 minime
681 3410 780 3478 posita,
797 3409 871 3463 iuter
887 3416 1020 3464 montana
1035 3409 1161 3466 iudaeae
1178 3397 1298 3463 recenseri

235 3489 340 3558 nequit.
383 3489 404 3556 ³)
422 3489 515 3556 „Quae
532 3490 626 3557 lectio,
647 3491 671 3544 si
692 3508 759 3545 vera
776 3495 861 3556 esset,
882 3497 979 3546 monet
1001 3492 1142 3546 Toletus
1166 3492 1206 3556 (in
1222 3487 1297 3542 annot

236 3574 284 3627 116
308 3573 344 3624 ad
368 3570 390 3636 1,
414 3571 509 3638 Luc),
535 3571 702 3628 dubitationi
724 3591 781 3628 non
805 3574 1034 3631 deretur-locus:
1061 3591 1124 3628 cum
1150 3568 1298 3628 eonomine

235 3651 378 3707 Bethleem
402 3652 479 3707 dieta
501 3654 611 3724 legetur
631 3656 693 3711 Jos.
717 3657 764 3711 VI.
802 3657 901 3712 Nonne
922 3657 1067 3726 Scriptura
1090 3658 1172 3724 dicit,
1195 3654 1253 3724 (luis
1270 3649 1297 3703 de

235 3735 340 3790 semine
361 3734 451 3788 David
476 3741 505 3790 et
525 3738 561 3792 ds
583 3739 711 3805 castello,
735 3739 783 3796 ubi
803 3745 865 3796 erat
884 3740 993 3796 David?
1025 3741 1115 3809 Quum
1136 3755 1202 3794 vero
1222 3749 1297 3790 exem·

234 3818 324 3886 plaria
344 3816 402 3872 iere
425 3820 530 3886 omnia,
555 3824 584 3875 et
607 3839 707 3890 graeca
731 3827 760 3877 et
782 3823 882 3890 latina,
908 3823 1030 3879 habeant
1054 3823 1196 3877 civitatem
1215 3816 1296 3878 ouda,

235 3899 330 3968 sicque
348 3900 455 3967 antiqui
472 3901 606 3957 Doctores
623 3903 854 3971 interpretentur,
878 3905 993 3960 minime
1011 3905 1181 3960 censendum
1197 3905 1247 3970 eat,
1264 3893 1296 3951 ibi

235 3980 386 4049 significari
403 3981 576 4037 Bethleem.“
