2814 4548
599 318 659 376 643

78 473 241 558 legendas
272 473 425 540 fidelibus
457 475 576 555 tradit,
616 497 700 559 quae
732 498 807 541 cum
843 498 978 560 corpore
1011 481 1108 546 simul
1141 488 1175 546 et

79 574 196 644 anima
223 580 425 655 assumptam
456 574 679 639 disertissimis
702 575 809 640 verbis
838 575 1009 658 affirmant,
1042 579 1082 643 de
1103 579 1174 662 ejus

80 673 286 742 auctoritate
315 679 350 739 et
378 672 533 756 suffragio
561 673 755 757 neutiquam
783 673 1000 740 dubitandum
1029 697 1100 741 esse
1129 677 1176 742 vi·

82 771 215 836 deturf‘

149 869 275 936 Exinde
287 869 385 951 plano
400 876 530 936 constat
539 871 602 937 hoc
618 872 833 955 privilegium,
847 871 934 954 quod
948 872 982 936 in
998 879 1175 955 systemate

83 968 235 1038 Mariano
257 968 434 1050 conspicua
454 990 531 1051 pars
554 974 612 1048 est,
636 970 790 1053 quodque
811 976 985 1053 tantopere
1008 992 1082 1034 cum
1102 971 1176 1036 aliis

85 1068 246 1137 doctrinis
268 1067 421 1135 revelatis
443 1069 606 1148 cohaeret,
624 1070 809 1152 Apostolos
826 1070 1000 1153 ipsumque
1016 1070 1178 1135 Joannem

83 1168 193 1232 latere
214 1188 279 1232 non
300 1167 464 1249 potuisse,
493 1168 696 1252 proindeque
725 1190 766 1232 ex
788 1168 977 1251 Apostolica
997 1169 1177 1234 traditione

85 1265 254 1332 Ecclesiae
276 1266 467 1332 innotuisse.

150 1365 200 1430 Ex
220 1365 271 1429 his
293 1364 433 1448 aliisque
461 1365 614 1448 gravibus
634 1365 824 1443 momentis,
855 1385 939 1448 quae
967 1365 1009 1430 ab
1032 1366 1178 1449 antiquis

88 1463 316 1547 sexcentisque
345 1483 455 1528 rerum
487 1463 784 1529 ecclesiasticarum
812 1461 1028 1545 scriptoribus
1056 1466 1179 1547 passim

89 1562 289 1641 afferuntur,
318 1562 402 1626 hanc
423 1561 513 1643 piam
539 1567 767 1644 vetustamque
795 1563 993 1628 sententiam
1015 1565 1103 1629 omni
1124 1562 1179 1628 fir·

89 1662 206 1726 mitate
228 1661 349 1725 muniri
370 1666 470 1742 atque
493 1658 532 1724 de
553 1659 617 1724 fide
641 1659 841 1724 definibilem
864 1682 935 1726 esse
958 1663 1115 1726 novimus.

153 1759 369 1842 Quapropter,
378 1758 572 1823 Beatissime
583 1758 691 1838 Pater,
708 1760 764 1843 qui
779 1781 798 1824 a
811 1762 925 1842 paucis
941 1761 1059 1826 abhinc
1074 1762 1178 1840 annis,

90 1865 185 1924 tuum
206 1856 380 1922 infallibile
402 1857 579 1935 oraculum,
598 1858 695 1942 longo
711 1859 780 1942 jam
797 1858 993 1941 populorum
1016 1859 1178 1926 desiderio

90 1963 300 2041 expectatum
332 1955 501 2038 effusaque
537 1956 685 2038 gentium
721 1956 953 2040 deprecatione
985 1958 1177 2039 expetitum,

90 2057 236 2122 maximo·
254 2056 481 2137 episcoporum
510 2061 544 2118 et
566 2043 825 2120 christifidelium
856 2055 973 2138 plausu
997 2062 1179 2138 exceptum,

92 2154 319 2238 Dogmaticam
351 2174 467 2236 nempe
501 2152 725 2218 definitionem
759 2153 798 2218 de
827 2154 1041 2219 Immaculato
1073 2154 1179 2236 primo

92 2255 256 2337 Deiparae
289 2253 458 2334 Conceptu
494 2253 649 2332 emisisti;
689 2273 709 2316 a
744 2259 778 2317 te
811 2252 878 2317 Nos
915 2258 949 2316 et
983 2252 1181 2317 christianae

91 2353 205 2437 plebes
234 2351 447 2417 sollicitudini
475 2357 608 2416 nostrae
638 2352 829 2415 commissae
852 2371 950 2433 quam
971 2350 1182 2416 vehementer

93 2450 353 2534 expostulamus,
391 2456 430 2514 ut
458 2449 622 2528 Ecclesia,
660 2450 770 2515 omnia
799 2449 962 2532 Deiparae
991 2456 1183 2514 ornamenta

93 2557 128 2614 et
147 2548 332 2632 triumphos
361 2548 394 2610 in
417 2569 518 2612 unum
547 2569 741 2631 congerens,
772 2548 863 2613 illam
891 2548 1001 2612 anima
1029 2549 1182 2613 simulet

92 2668 229 2730 corpore
250 2646 416 2711 coelorum
438 2645 570 2710 sedibus
592 2645 693 2712 fuisse
716 2653 884 2729 receptam
906 2646 1051 2711 definiat.

154 2745 269 2828 Neque
296 2745 383 2809 enim
405 2745 466 2810 hoc
493 2745 671 2829 gloriosum
697 2745 825 2811 facinus
852 2746 1014 2811 immerito
1037 2745 1183 2830 postula·

92 2855 163 2926 tur,
192 2845 313 2929 quippe
343 2845 428 2910 sicut
454 2845 599 2928 virgineo
628 2846 712 2929 pede
741 2845 872 2929 antiqui
900 2845 1061 2928 serpentis
1083 2850 1184 2926 caput

92 2946 198 3010 Beata
218 2944 317 3026 Virgo
340 2944 509 3023 contrivit,
539 2944 588 3010 ita
608 2945 746 3010 solemni
765 2944 827 3009 hac
855 2965 939 3010 nova
959 2944 1082 3026 gloriae
1104 2963 1184 3008 suae

92 3041 360 3108 manifestatione
393 3042 517 3106 Christi
548 3042 624 3107 Filii
657 3043 709 3106 sui
739 3063 881 3125 suosque
912 3042 1024 3107 hostes
1056 3041 1090 3104 in
1122 3040 1184 3106 hac

92 3141 254 3226 piaculari
275 3146 386 3204 aetate
415 3146 602 3223 grassantes
624 3142 745 3205 invicte
771 3145 929 3206 conteret.
974 3139 1008 3204 si
1029 3139 1092 3203 Illa
1113 3139 1185 3221 qui-

93 3241 169 3306 dem
189 3239 233 3304 ad
253 3259 313 3303 nos
334 3238 562 3304 misericordes
584 3238 696 3304 oculos
717 3244 901 3316 convertat,
931 3237 1099 3315 immanes,
1127 3237 1185 3319 qui

93 3337 338 3405 debacchantur
368 3357 509 3416 errores,
539 3337 804 3403 rationalismum
830 3336 1026 3421 praesertim
1055 3341 1090 3400 ot
1117 3356 1186 3401 ma·

92 3437 319 3514 terialismnm,
340 3456 400 3500 ceu
417 3440 584 3500 tumentes
607 3437 759 3520 aequoris
780 3435 900 3500 fluctus
922 3433 1184 3516 confringendos

92 3537 239 3619 vitiaque
260 3532 412 3612 nefanda,
432 3553 516 3616 quae
538 3533 641 3598 veluti
659 3533 776 3599 Noiimi
797 3554 876 3599 aevo
897 3540 1023 3599 terram
1039 3531 1186 3615 undique

91 3636 261 3722 polluunt,
295 3633 470 3699 exulatura
502 3631 575 3698 fore
608 3633 809 3699 confidimus.
860 3631 946 3710 Quin
977 3630 1076 3696 immo
1104 3629 1186 3713 ipsis

92 3735 276 3803 catholicae
297 3731 376 3798 fidei
396 3730 609 3811 adversariis,
637 3732 850 3816 praelucente
870 3729 971 3796 maris
1000 3728 1113 3807 stella,
1143 3726 1187 3793 ad

90 3834 185 3900 Petri
205 3832 371 3916 navigium
398 3827 596 3896 festinanter
616 3830 855 3911 remeantibus,
885 3849 988 3896 unum
1017 3827 1081 3894 erit
1102 3825 1186 3894 ovile

92 3940 129 4000 et
150 3953 236 3998 unus
257 3936 381 4016 pastor.
982 4022 1034 4079 4¹⁸
