2814 4548
589 345 648 406 629

237 514 276 584 st,
302 527 341 571 ea
362 506 553 572 coelestium
575 505 718 571 omnium
741 505 899 571 donorum
921 506 962 584 vi,
983 527 1021 570 ea
1038 506 1165 594 gratiae

267 627 297 683 e,
332 627 434 688 eaque
463 605 651 670 innocentia
682 604 866 683 emicuisse,
899 627 964 688 qua
994 605 1097 670 veluti
1117 605 1166 668 in·

321 704 530 783 miraculum,
560 705 625 769 imo
655 705 798 768 omnium
828 705 1060 770 miraculorum
1081 724 1165 786 apex

328 804 335 851 i
370 810 477 869 mater
509 804 658 869 extiterit
691 811 725 869 et
756 804 799 869 ad
827 805 934 868 Deum
965 804 1073 886 ipsum
1105 824 1164 885 pro

373 908 521 981 naturae,
541 903 806 985 quamproxime
828 902 986 967 accedens
1006 901 1164 980 omnibus,

331 1053 338 1080 ,
376 1023 441 1085 qua
469 1002 624 1084 angelicis
653 1003 835 1084 praeconiis
868 1003 985 1067 celsior
1013 1000 1164 1065 evaserit.

254 1122 339 1165 circo
368 1101 410 1165 ad
439 1099 631 1183 originalem
653 1102 716 1166 Dei
738 1099 914 1166 Genitricis
946 1100 1164 1165 innocentiam

176 1222 304 1283 ⁴cunique
336 1201 563 1265 vindicandam
600 1222 665 1266 non
697 1201 798 1266 Evam
834 1201 930 1265 modo
969 1221 1042 1264 curn
1074 1199 1165 1263 Heva

111 1321 184 1364 aruc
216 1299 356 1383 virgine,
395 1299 502 1364 adhuc
537 1299 727 1378 innocente,
766 1300 873 1364 adhuc
908 1300 1100 1380 incorrupta
1131 1304 1165 1362 et

75 1397 221 1462 nondum
243 1398 421 1462 mortiferis
450 1397 745 1462 fraudulentissimi
773 1399 934 1481 serpentis
961 1398 1088 1462 insidiis
1111 1396 1165 1460 de-

76 1503 174 1578 cepta
196 1497 384 1579 saepissime
407 1497 633 1576 contulerunt,
662 1519 775 1561 verum
797 1499 897 1562 etiam
918 1498 1001 1560 mira
1023 1495 1165 1578 quadam

75 1595 249 1660 verborum
271 1597 577 1680 sententiarumque
605 1597 766 1661 varietate
793 1596 1030 1680 praetulerunt.
1074 1594 1165 1658 Heva

77 1694 164 1758 enim
192 1696 337 1777 serpenti
366 1696 483 1760 misere
513 1696 697 1779 obsequuta
727 1703 760 1760 et
788 1696 829 1760 ab
859 1692 1010 1777 originali
1041 1693 1163 1756 excidit

76 1794 265 1858 innocentia
302 1802 335 1859 et
366 1793 455 1858 illius
491 1795 689 1877 mancipium
726 1796 845 1872 evasit,
883 1793 940 1858 sed
973 1792 1164 1856 beatissima

76 1891 176 1974 Virgo
199 1893 356 1975 originale
379 1893 500 1958 donum
513 1895 636 1977 jugiter
654 1916 784 1976 augens,
804 1894 881 1976 quin
904 1892 1050 1974 serpenti
1068 1911 1164 1954 aures

76 2012 222 2072 unquam
256 1991 465 2074 praebuerit,
507 1993 596 2056 illius
635 1993 699 2055 vim
738 1998 1003 2074 potestatemque
1042 1990 1163 2053 virtute

78 2088 233 2153 divinitus
255 2096 392 2171 accepta
412 2089 562 2155 funditus
583 2089 805 2155 labefactavit.

141 2187 348 2270 Quapropter
382 2211 550 2272 nunquam
585 2196 754 2254 cessarunt
784 2190 960 2271 Deiparam
996 2186 1163 2270 appellare

76 2285 182 2350 lilium
202 2287 289 2351 inter
307 2288 416 2369 spinas
433 2288 485 2352 vel
502 2294 624 2352 terram
643 2288 772 2351 omnino
789 2289 957 2366 intactam,
976 2286 1162 2369 virgineam,

77 2385 254 2464 illibatam,
284 2387 541 2465 immaculatam,
573 2409 700 2470 semper
721 2387 928 2451 benedictam
956 2393 990 2450 et
1011 2385 1052 2449 ab
1076 2384 1164 2448 omni

76 2483 206 2566 peccati
227 2485 419 2566 contagione
448 2485 602 2564 liberam,
637 2506 676 2549 ex
706 2507 770 2568 qua
800 2506 900 2548 novus
929 2484 1090 2548 formatus
1113 2487 1163 2546 est

78 2581 192 2660 Adam,
210 2582 262 2646 vel
283 2583 611 2667 irreprehensibilem,
628 2585 864 2650 lucidissimum
885 2581 1163 2648 amoenissimum-

77 2702 142 2764 que
163 2681 384 2762 innocentiae,
414 2683 674 2749 immortalitatis
702 2706 740 2748 ac
763 2683 953 2748 deliciarum
975 2681 1164 2764 paradisum

77 2803 98 2846 a
120 2781 190 2844 Deo
220 2781 290 2863 ipso
321 2783 482 2847 consitum
511 2790 545 2847 et
574 2783 614 2846 ab
645 2785 794 2848 omnibus
821 2781 975 2846 venenosi
1002 2778 1164 2861 serpentis

76 2879 204 2944 insidiis
227 2880 406 2959 defensum,
423 2881 475 2944 uel
492 2881 616 2963 lignum
634 2881 910 2959 immarcescibile,
931 2879 1018 2962 quod
1036 2877 1164 2961 peccati

75 2979 195 3044 vermis
222 3001 391 3062 nunquam
419 2981 618 3062 corruperit,
648 2981 699 3045 vel
725 2982 850 3045 fontem
880 2999 1008 3061 semper
1028 2976 1164 3041 illimem

77 3085 112 3142 et
145 3077 286 3159 Spiritus
320 3079 432 3144 Sancti
467 3080 589 3144 virtute
625 3081 805 3162 signatum,
841 3080 892 3144 vel
929 3076 1164 3142 divinissimum

76 3177 236 3259 templum
257 3178 309 3241 vel
326 3177 584 3244 immortalitatis
606 3179 804 3257 thesaurum,
823 3179 874 3243 vel
890 3197 988 3241 unam
1010 3180 1044 3250 et
1061 3172 1164 3238 solam

74 3297 143 3340 non
164 3277 279 3340 mortis
302 3276 359 3340 sed
381 3278 467 3342 vitae
488 3278 598 3357 filiam,
617 3300 681 3343 non
703 3279 782 3356 irae,
800 3278 857 3342 sed
876 3277 1002 3360 gratiae
1020 3293 1161 3356 germen,

75 3375 166 3460 quod
194 3397 322 3458 semper
349 3377 455 3442 virens
485 3399 524 3442 ex
557 3385 713 3461 corrupta
741 3377 929 3458 infectaque
958 3373 1070 3438 radice
1099 3371 1163 3434 sin-

74 3475 184 3560 gulari
206 3477 267 3539 Dei
290 3476 497 3558 providentia
518 3483 650 3559 praeter
675 3483 780 3542 statas
802 3491 1053 3555 communesque
1075 3471 1164 3552 leges

74 3573 264 3641 effloruerit.
316 3575 380 3640 Sed
409 3577 502 3658 quasi
533 3577 629 3654 haec,
663 3576 742 3641 licet
770 3572 1048 3658 splendidissima,
1082 3569 1163 3633 satis

72 3695 143 3738 non
174 3673 300 3750 forent,
340 3674 482 3756 propriis
522 3673 730 3758 definitisque
770 3674 941 3740 sententiis
980 3671 1162 3747 edixerunt,

72 3772 202 3837 nullam
222 3793 366 3854 prorsus,
390 3794 489 3856 quum
512 3773 552 3837 de
574 3775 718 3856 peccatis
739 3775 864 3856 agitur,
886 3770 1071 3837 habendam
1094 3787 1164 3832 esse
1242 3856 1244 3862 Α

73 3870 304 3955 quaestionem
336 3870 376 3934 de
405 3877 518 3935 sancta
538 3871 672 3953 Virgine
701 3872 823 3952 Maria,
854 3873 905 3936 cui
934 3869 1008 3953 plus
1037 3867 1163 3951 gratiae

72 3969 235 4036 collatum
266 3968 331 4034 fuit
363 3969 405 4033 ad
436 3967 630 4033 vincendum
663 3971 750 4034 omni
783 3993 822 4034 ex
850 3977 945 4052 parte
974 3975 1163 4051 peccatum3
