2726 4560
548 380 587 438 47

38 538 92 619 ipse
116 536 396 620 dispensationem
417 536 475 602 illa
502 560 602 621 snper
622 539 693 623 lege
723 541 786 606 sibi
807 551 962 610 reservat.
1006 545 1108 612 Audi·

37 659 113 702 amus
140 659 164 702 s.
188 636 471 718 Augustinum
499 639 649 722 apposite
669 639 731 706 hac
753 640 793 706 de
817 663 852 707 re
874 642 1105 727 disputantem.

37 736 212 819 ,Princeps,
242 735 399 818 inquit,¹)
429 742 541 818 potest
569 758 590 801 a
617 737 688 821 lege
717 761 777 804 sua
802 741 950 806 subditos
972 764 1047 809 snos
1068 744 1107 809 li·

36 837 134 900 berare
167 842 204 900 et
236 835 324 899 circa
354 834 459 918 ipsam
491 835 596 918 legem
628 836 817 921 dispensare
850 847 884 904 et
915 863 987 908 eam
1015 843 1107 908 aunis

36 935 151 1000 hilare.“
197 933 280 1018 Ejus
301 934 389 1021 enim
410 942 469 1013 est,
494 942 531 1000 ut
551 943 647 1003 notat
668 937 688 1000 l.
713 960 739 1002 c.
762 938 949 1019 Morales,
979 941 1105 1022 tollere,

35 1037 110 1118 cnjus
132 1041 184 1100 est
207 1035 301 1112 dare,
325 1039 358 1098 et
380 1054 465 1117 quae
486 1056 551 1099 uno
570 1036 644 1118 jure
666 1037 919 1117 contrahuntur,
942 1041 1106 1106 contrario

32 1137 90 1216 jure
106 1141 260 1218 pereunt.
294 1133 388 1210 Quod
406 1155 482 1216 ergo
501 1134 542 1198 de
560 1143 695 1218 peccato
713 1137 865 1220 originali
879 1159 940 1221 per
955 1139 1107 1221 generale

35 1235 83 1298 Dei
102 1235 275 1300 decretum
301 1238 463 1298 statutum
485 1240 548 1312 est,
578 1234 689 1317 potuit
708 1256 768 1317 per
794 1236 884 1300 aliud
904 1239 1107 1303 contrarium

34 1333 108 1412 tolli3
129 1334 177 1397 im
198 1332 365 1416 potuisset
386 1332 489 1410 Deus,
512 1353 733 1424 quoscumque
754 1333 867 1413 vellet,
890 1335 932 1399 ab
955 1336 1107 1420 originali

33 1439 152 1513 peccato
170 1451 394 1515 praeservare.
428 1429 502 1496 Non
519 1437 570 1496 est
595 1453 670 1514 ergo
689 1434 906 1516 repugnantia
923 1434 1000 1513 nlla,
1019 1437 1107 1519 qnod

8 1531 56 1592 rb.
75 1532 170 1615 Virgo
202 1531 307 1596 fuerit
334 1530 394 1594 sub
422 1529 481 1595 illa
506 1529 577 1612 lege
607 1536 762 1622 contenta
789 1539 823 1597 et
852 1532 941 1616 quod
968 1532 1042 1599 ideo
1071 1537 1107 1601 in

33 1631 122 1694 Adam
137 1630 326 1714 peccaverit
347 1635 381 1694 et
401 1627 611 1692 nihilominus
630 1631 778 1712 potnerit
793 1631 883 1696 Dens
900 1632 1107 1716 privilegium

33 1729 101 1793 illud
122 1729 313 1808 concedere,
336 1749 377 1792 ne
398 1749 434 1792 re
454 1728 527 1811 ipsa
547 1735 720 1810 peccatum
741 1731 959 1796 contraheret.

82 1858 106 1913 y.
136 1831 230 1895 Deus
252 1849 318 1893 non
338 1827 501 1910 potuisset
521 1827 552 1891 b.
565 1827 733 1911 Virginem
753 1851 972 1911 praeservare,
995 1831 1023 1895 si
1044 1832 1106 1896 hoc

34 1927 118 1992 ullam
149 1927 342 1993 involvisset
376 1927 635 2009 repugnantiam.
672 1928 734 1992 'At
764 1929 855 1994 nulla
889 1931 1107 2012 repugnantia

34 2049 122 2110 neque
145 2051 187 2094 ex
210 2031 306 2111 parte
328 2026 390 2090 Dei
411 2047 510 2108 ,non
532 2027 618 2090 enim
640 2034 703 2092 est
723 2027 980 2110 impossibile
1002 2028 1106 2111 apud

35 2146 107 2191 enm
138 2147 260 2193 omne
293 2125 538 2209 verbnm,“²)
577 2141 684 2210 neque
720 2148 759 2191 ex
790 2133 885 2210 parte
917 2134 1105 2207 creaturae3

35 2226 100 2290 nihil
133 2228 224 2292 enim
264 2224 389 2304 obstat,
431 2225 603 2308 quominus
643 2226 757 2290 eodem
795 2227 951 2311 temporis
983 2233 1107 2310 puncto

35 2325 126 2391 anima
146 2324 321 2391 rationalis
342 2346 363 2388 a
385 2324 454 2390 Deo
476 2331 607 2389 creetur
627 2325 799 2408 gratiaque
820 2325 995 2408 repleatur.

82 2425 110 2488 b.
139 2424 293 2492 Docuit
319 2423 350 2487 b.
373 2422 539 2506 Virginem
568 2425 779 2507 praeservari.
823 2424 991 2505 „Docebat
1020 2425 1106 2490 enim

34 2520 133 2602 Deum,
145 2523 304 2608 puritatis
321 2529 354 2588 et
369 2523 554 2588 sanctitatis
567 2530 755 2602 amatorem,
768 2524 883 2590 scribit
893 2524 1106 2607 Morales,⁸)

33 2621 118 2687 talem
146 2624 215 2689 sibi
235 2622 378 2687 formare
400 2629 555 2701 matrem,
588 2643 672 2706 qnae
701 2624 831 2689 omnino
860 2629 947 2689 esset
966 2643 1050 2706 pura
1072 2630 1107 2688 et

33 2729 134 2786 sancta
152 2729 188 2787 et
207 2721 249 2787 ab
272 2722 360 2786 omni
377 2728 512 2804 peccato
530 2721 645 2786 aliene.
680 2721 774 2800 Quod
793 2722 941 2806 exemplo
959 2743 980 2786 a
994 2722 1108 2786 verisi-

33 2819 206 2886 militudine
227 2827 359 2902 sumpto
388 2821 628 2903 comprobatur.
671 2820 756 2886 Nam
777 2823 805 2886 si
827 2822 901 2906 quis
921 2820 1106 2886 nobilitatis

33 2917 131 2983 avidus
154 2927 190 2984 et
211 2919 344 2984 honoris
365 2926 476 3002 posset
496 2919 562 2984 sibi
583 2920 723 2984 condere
745 2927 779 2985 et
800 2921 920 3004 eligere
941 2925 1105 3002 parentes,

33 3016 89 3080 sine
104 3018 206 3084 dnbio
224 3018 369 3101 eligeret,
386 3026 544 3102 qnantum
558 3026 678 3102 posset,
695 3020 783 3084 omni
800 3041 840 3084 ex
853 3026 948 3103 parte
966 3019 1106 3099 nobiles;

34 3134 96 3198 ergo
128 3118 249 3184 melius
280 3118 370 3182 Dens
402 3119 488 3200 ipse,
521 3119 651 3201 ,apud
684 3140 801 3202 quem
832 3139 911 3183 non
944 3124 1009 3184 est
1040 3118 1108 3182 im·

33 3217 217 3292 possibile
238 3239 350 3282 omne
371 3216 553 3282 verbum“
576 3223 610 3282 et
628 3219 720 3300 cnjus
738 3217 887 3300 perfecta
908 3223 985 3282 sunt
1007 3237 1108 3300 opera

33 3311 74 3377 hd
105 3317 303 3401 dignitatem
338 3337 415 3399 ergo
447 3316 571 3382 Christi
604 3317 736 3381 Domini
769 3315 831 3380 filii
861 3315 1005 3399 Virginis
1040 3336 1107 3381 non

33 3419 149 3482 tantum
177 3417 323 3501 pertinet
350 3416 478 3500 puritas
506 3416 622 3482 matris
654 3438 692 3482 eo
722 3423 886 3500 tempore,
920 3436 984 3499 quo
1012 3415 1105 3480 illum

33 3517 186 3598 concepit,
221 3515 277 3580 sed
307 3515 499 3598 simpliciter
530 3522 602 3581 toto
630 3516 716 3580 vitae
748 3523 904 3599 tempore.
954 3514 1038 3579 Nam
1067 3536 1105 3581 eo

34 3617 181 3696 tempore,
213 3636 276 3698 quo
298 3614 329 3678 b.
352 3614 450 3698 Virgo
474 3622 632 3698 concepta
652 3614 731 3695 fuit,
758 3616 826 3700 jam
848 3613 1011 3678 existebat
1032 3635 1106 3696 per·

33 3730 100 3776 sona
129 3713 205 3792 illa,
242 3735 325 3796 quae
359 3735 431 3778 eam
463 3713 525 3778 sibi
559 3713 721 3779 condebat
753 3722 787 3779 et
818 3712 1039 3802 praeparabat
1071 3712 1106 3776 in

36 3861 220 3874 w

33 4027 43 4076 t
89 3944 108 4010 ¹)
118 3946 168 4082 1De
185 3945 321 4015 regimine
338 3944 498 4015 principum
514 3945 564 4001 lib.
581 3946 602 4000 1.
636 3945 657 4012 ²)
674 3944 741 4000 Luc.
760 3944 781 4013 1,
795 3948 836 4000 37.
871 3947 893 4012 ⁸)
912 3943 943 3999 L.
956 3959 979 3998 c.
992 3943 1040 3998 lib.
1055 3941 1105 4007 111,

43 4031 101 4080 ract.
133 4069 140 4084 .
