2730 4564
605 362 665 422 135

90 529 241 588 terorum
263 528 361 587 natus
390 521 507 587 luisset
526 521 708 601 hominum,
737 521 819 587 nihil
844 521 879 585 in
907 521 976 605 ejus
996 521 1177 587 Nativitate

92 643 169 686 eum
202 643 273 686 esse
303 618 409 686 Deum
441 620 647 686 ostendisset.
696 619 747 686 Ex
774 620 906 704 Virgine
938 640 1013 685 vero
1042 639 1177 684 nascens

90 720 254 786 infinitam
280 719 468 786 Divinitatis
490 740 568 784 suae
597 719 819 802 comprobavit
839 718 1029 803 potentiam.
1071 717 1178 800 ,Talis

91 821 259 898 nativitas,
278 820 388 903 inquit
405 818 478 883 ideo
497 817 573 883 Leo
592 817 793 902 Magnus,¹)
813 818 924 883 decuit
942 817 1004 883 Dei
1022 817 1177 882 virtutem

91 928 125 986 et
156 920 219 984 Dei
251 919 446 1002 sapientiam
474 917 656 996 Christum,
689 939 755 1000 qua
782 917 876 982 nobis
909 924 943 982 et
969 916 1175 982 humanitate

89 1026 287 1102 congrueret
308 1027 342 1083 et
365 1017 536 1082 divinitate
558 1016 803 1099 praecelleret.“

588 1208 620 1292 s.
642 1205 676 1274 a

183 1365 220 1428 B.
250 1363 375 1429 Maria
404 1370 494 1446 post
522 1369 678 1446 parturn
707 1360 826 1442 Virgo
855 1362 1082 1443 permansit.

154 1513 185 1578 S.
216 1512 403 1594 Scripturae
432 1516 470 1574 ut
499 1511 606 1575 desint
635 1509 838 1586 testimonia,
869 1509 987 1592 quibus
1013 1517 1173 1593 perpetua

88 1635 113 1676 s.
139 1612 302 1694 Deiparae
332 1609 513 1674 evinciatur
532 1609 717 1695 virginitas,
747 1607 930 1673 sufficerent
951 1609 993 1673 ad
1014 1609 1097 1674 hanc
1118 1609 1172 1674 de·

88 1709 335 1775 monstrandam
353 1709 423 1774 sinc
440 1708 508 1773 ullo
527 1708 626 1773 dubio
646 1714 680 1772 et
695 1713 856 1790 perpetua
873 1706 1019 1772 fidelium
1037 1708 1172 1773 traditio

89 1817 123 1875 et
146 1809 278 1892 publica
299 1807 463 1873 Ecclesiae
485 1829 546 1872 vox
568 1807 772 1891 praedicans:
803 1806 900 1888 ,Post
920 1814 1052 1889 partum
1073 1807 1171 1891 Virgo

87 1908 246 1973 inviolata
266 1907 505 1991 pe1·mansisti.“
547 1906 602 1972 Nil
623 1928 699 1989 ergo
721 1907 854 1983 mirum,
886 1907 974 1990 quod
994 1929 1034 1972 ss.
1058 1905 1171 1972 Patres

87 2009 123 2071 in
157 2006 362 2072 defendendo
394 2006 456 2072 hoc
486 2005 564 2070 fidei
598 2006 749 2089 dogmate
781 2026 847 2070 non
878 2013 946 2070 tam
976 2012 1115 2088 urgeant
1146 2028 1170 2071 s.

88 2106 290 2189 Scripturas,
321 2127 419 2188 quam
446 2105 656 2170 traditionem
684 2105 725 2170 ab
747 2105 912 2189 Apostolis
941 2112 1109 2188 acceptam
1137 2113 1171 2170 et

87 2206 129 2271 ab
152 2206 304 2270 universa
324 2204 471 2270 Ecclesia
493 2205 745 2287 comprobatam.

151 2305 258 2383 Quum
279 2304 352 2369 ideo
374 2326 486 2369 versus
508 2305 619 2387 quarti
639 2305 761 2369 saeculi
782 2304 879 2368 finem
902 2303 1017 2384 ,homo
1038 2304 1171 2387 quidam

85 2404 273 2469 rusticanus
295 2411 329 2469 et
348 2405 402 2468 vix
423 2405 535 2487 primis
557 2403 701 2469 imbutus
722 2404 863 2481 literis,“
890 2404 1020 2468 nomine
1041 2402 1170 2468 Helu-i·

86 2502 186 2580 dius,
204 2503 317 2566 Ariani
336 2502 521 2585 discipulus,
535 2502 687 2567 'libellum
704 2501 879 2585 scripserit,
896 2523 960 2585 quo
978 2509 1170 2585 perpetuam

85 2625 109 2668 s.
146 2603 308 2685 Deiparae
340 2603 560 2686 virginitatem
596 2623 636 2667 ex
667 2625 691 2667 s.
726 2602 894 2685 Scriptura
926 2607 1074 2666 evertere
1105 2622 1170 2665 non

84 2700 236 2779 erubuit,
266 2703 407 2766 maxima
427 2702 548 2785 ubique
578 2702 723 2784 gentium
752 2701 959 2767 excitabatur
978 2700 1168 2783 indignatio.

83 2801 184 2865 Haud
205 2801 368 2865 immerito
390 2822 414 2864 s.
434 2799 705 2884 Hieronymus,
724 2800 940 2865 validissimus
958 2800 1055 2882 hujus
1076 2821 1169 2882 prae-

84 2899 253 2982 rogativae
282 2899 448 2978 defensor,
482 2900 738 2965 nefastissimum
764 2900 1026 2966 haeresiarcham
1055 2900 1168 2965 infami

84 2999 281 3064 Harostrato
303 2999 431 3082 putavit
459 2999 606 3064 similem.
651 3000 754 3066 Sicuti
774 3001 840 3078 hic,
870 3007 909 3065 ut
937 3000 1075 3065 nominis
1104 3000 1168 3064 cla-

83 3099 219 3162 ritatem
248 3096 310 3162 sihi
339 3099 524 3181 acquireret
554 3107 586 3164 et
608 3100 797 3164 memoriam
825 3099 1055 3177 immortalem,
1085 3098 1168 3163 cele·

83 3199 264 3264 berrimum
292 3198 417 3263 Dianae
449 3199 607 3282 templum
638 3201 712 3283 igne
744 3199 879 3278 delevit,
913 3199 961 3263 ita
989 3197 1166 3282 Helvidius,

84 3298 267 3381 cupiditate
286 3298 407 3380 gloriae
426 3297 653 3377 inflammatus,
673 3300 773 3365 aliurn
791 3299 1017 3382 funestiusque
1036 3297 1167 3381 quidem

83 3398 242 3464 excitavit
261 3397 459 3476 incendium,
483 3420 561 3481 quo,
584 3399 611 3463 si
633 3407 757 3482 posset,
778 3399 986 3464 beatissimae
1009 3405 1042 3462 et
1062 3398 1167 3480 puris-

83 3499 185 3563 simae
207 3498 334 3580 Virgini
354 3497 476 3580 templo
499 3499 651 3581 injuriam
673 3521 770 3582 quam
791 3499 965 3564 maximam
985 3498 1132 3577 inferret,
1140 3502 1165 3582 ²)

83 3597 355 3681 blasphemando,
389 3620 413 3662 s.
444 3597 619 3681 Deiparam
647 3605 722 3681 post
750 3599 872 3664 Christi
900 3605 1030 3681 partum
1058 3619 1083 3662 s.
1111 3599 1166 3665 Jo-

85 3698 164 3781 seph
204 3697 380 3762 carnaliter
419 3700 618 3782 cognovisse,
661 3699 773 3782 itaque
812 3698 1066 3781 pulcherrimum
1104 3701 1165 3764 vir-

149 3933 170 3996 ¹)
194 3929 284 3984 Serm.
304 3931 315 3981 l
334 3929 369 3983 da
390 3930 482 3986 Nativ.
526 3934 547 3996 ²)
571 3931 625 3988 Cir.
647 3933 831 4002 Hieronymus
856 3927 952 3986 contra
974 3931 1163 3998 Joviniarum;

84 4029 143 4066 sen.
161 4012 287 4066 Carisius
303 4012 322 4067 l.
340 4029 363 4068 c.
380 4015 466 4069 sectio
485 4012 521 4080 ll,
538 4030 582 4082 cp.
601 4013 674 4070 Vlll.
