2726 4560
775 357 933 436 oo¹

256 534 364 579 nem:
407 514 508 595 haec
547 514 656 579 enim
691 515 778 582 sibi
822 516 1002 582 invicem
1041 517 1329 596 adversantur,

151 679 152 682 ,
256 619 302 678 ut
333 634 426 692 non,
468 633 755 696 quaecumque
787 614 936 694 vultis,
976 614 1056 680 illa
1086 614 1329 698 faciatis.“¹)

255 711 370 776 Fomes
391 711 446 776 ille
468 712 594 794 peccati
620 711 668 776 nil
688 712 778 777 aliud
800 721 865 792 est,
895 735 993 798 quam
1020 715 1187 798 appetitus
1208 715 1331 780 sensiti-

255 833 332 889 vus,
372 817 533 894 quatenus
569 811 754 876 inordinate
791 813 920 895 appetit
956 812 1122 879 interdum
1158 813 1349 884 sensibilia.2

255 908 396 998 Habitus
417 908 465 974 ita
486 909 644 974 inclinans
672 910 715 975 ad
736 911 902 994 appetitus
923 911 1126 978 inordinatos
1146 913 1349 978 nominatur

255 1007 357 1072 fomes
386 1008 422 1072 in
450 1014 527 1074 actu
553 1009 701 1090 primo;
735 1017 827 1075 actus
855 1031 930 1076 vero
958 1011 1055 1094 hujus
1078 1010 1212 1076 habitus
1233 1011 1349 1076 fomes

256 1108 290 1171 in
311 1113 388 1172 actu
409 1107 600 1172 secundo.
644 1107 768 1185 Quibus
788 1110 992 1192 praenotatis
1014 1109 1149 1174 dicimus
1348 1113 1349 1136 ³

318 1229 344 1286 1.
376 1223 412 1286 Β.
438 1221 566 1304 Virgo
595 1224 739 1288 caruit
766 1223 916 1289 fomite
945 1227 986 1289 in
1015 1233 1114 1292 actu
1142 1226 1349 1312 secundo}

254 1322 308 1386 lta
325 1321 490 1386 sententia
507 1323 695 1386 communis.
729 1323 938 1405 „Dicendum
957 1325 1065 1409 inquit
1082 1326 1111 1391 d.
1129 1326 1328 1407 Thomaa2)
1348 1333 1349 1414 i

254 1421 342 1506 quod
362 1422 396 1486 in
417 1421 448 1485 b.
471 1421 604 1504 Virgine
625 1429 701 1506 post
722 1423 1012 1489 sanctificationem
1034 1425 1069 1488 in
1090 1431 1185 1490 utero
1207 1437 1349 1490 reman-

163 1595 165 1602 y
253 1522 298 1585 sit
319 1520 451 1605 quidem
473 1520 575 1586 fornes
596 1521 731 1602 peccati,
752 1521 809 1586 sed
830 1521 958 1604 ligatus,
977 1543 1019 1587 ne
1041 1523 1165 1588 scilicet
1187 1523 1349 1605 prorum-i

253 1627 347 1703 peret
367 1621 401 1684 in
423 1619 566 1704 aliquem
586 1627 711 1685 motum
732 1619 963 1699 inordinatum,
982 1622 1039 1704 qui
1060 1621 1223 1686 rationem
1241 1642 1328 1704 prae·
1348 1605 1349 1658 l

253 1720 407 1784 veniret.“
436 1720 513 1785 Ideo
533 1720 633 1784 etiarn
648 1719 874 1784 Mellifluus
894 1718 992 1802 profit
978 1721 1041 1785 teri
1059 1742 1122 1785 non
1141 1720 1326 1800 haesitat:³)

253 1819 391 1901 „Nihil
383 1841 417 1883 m
439 1839 491 1898 ea,
514 1840 579 1883 nou
602 1818 673 1882 dico
695 1819 918 1898 tenebrosum,
941 1819 998 1883 sed
1020 1819 1192 1884 obscurum
1215 1820 1349 1904 saltem}

251 1917 302 1982 vel
323 1918 430 1982 minus
450 1916 610 1995 lucidum,
642 1917 699 1981 sed
720 1938 779 1982 nec
807 1917 959 2050 tepidum
976 1918 1106 2001 quidem
1127 1919 1255 2002 aliquid
1275 1925 1327 1983 aut
1348 1887 1349 2004 i

251 2037 317 2080 non
344 2015 617 2081 ferventissimum
645 2015 743 2080 liceat
771 2016 959 2099 suspicarif‘
1003 2017 1238 2098 Immaculata
1262 2023 1327 2084 erat
1314 2005 1349 2090 tl

251 2114 281 2178 b
297 2115 396 2198 Virgo
420 2121 551 2180 testes.
569 2115 820 2193 Damasceno
845 2135 928 2198 quae
950 2137 1025 2180 cum
1045 2116 1184 2181 terrenis
1197 2116 1326 2182 .ti-affec
1348 2093 1349 2178 i

252 2214 367 2279 onibus
388 2214 469 2278 nihil
489 2213 607 2278 habuit
628 2234 805 2278 commune.
811 2215 827 2248 “
869 2214 1032 2280 Probatur

311 2330 486 2394 rationo
542 2330 578 2393 Β.
610 2329 777 2412 Virginem
814 2351 853 2395 ea
890 2330 1000 2396 decuit
1030 2331 1136 2396 nitere
1174 2333 1324 2415 puritate,

251 2449 316 2512 qua
336 2428 441 2512 major
468 2427 529 2492 sub
551 2428 620 2492 Deo
650 2427 787 2511 cogitari
815 2429 946 2512 nequit3
976 2450 1051 2513 ergo
1073 2452 1139 2495 non
1167 2431 1325 2496 contraxit

223 2595 225 2601 ,
250 2521 405 2592 fomitem.
456 2526 546 2591 Alias
577 2527 612 2590 in
644 2528 763 2592 creatis
794 2529 930 2593 inveniri
956 2529 1062 2612 possit
1093 2530 1172 2614 quid
1200 2532 1322 2614 puriusq

250 2625 354 2708 major
382 2625 469 2690 enirn
499 2626 677 2691 certissime
703 2628 830 2710 puritas
859 2628 893 2702 in
923 2635 977 2707 e03
1011 2629 1067 2713 qui
1093 2629 1208 2695 fomite
1232 2636 1323 2722 caret,

250 2745 349 2806 quam
370 2723 426 2806 qui
447 2744 486 2796 eo
510 2723 674 2790 inficitur
706 2727 851 2794 Dicimus

312 2844 340 2903 2.
373 2840 409 2904 B
436 2840 561 2923 Virgo
590 2842 730 2929 caruit
759 2850 924 2925 peccati
893 2842 1102 2910 tifomite
1133 2847 1296 2912 etiam
1289 2868 1334 2910 ru

249 2945 346 3003 actu
373 2939 515 3021 primo

310 3053 472 3119 Probatur
504 3077 576 3120 cum
610 3032 815 3140 Sedlmayrp
851 3079 879 3122 a.
914 3079 954 3122 ex
985 3080 1039 3138 eo,
1077 3061 1164 3144 quod
1197 3061 1323 3128 Gabriel

248 3151 393 3234 Angelus
426 3174 497 3217 eam
525 3154 594 3237 jam
629 3161 705 3219 ante
736 3155 998 3221 Incarnationem
1031 3157 1153 3224 factam
1184 3161 1323 3225 nominet

249 3251 406 3333 „gratia
436 3252 630 3334 plenams‘
661 3253 734 3319 Jam
763 3276 853 3334 vero,
884 3256 911 3320 si
940 3257 1066 3338 „gratia
1093 3257 1322 3340 planatum

248 3349 363 3434 nequit
349 3350 472 3429 tdici
506 3373 577 3417 earn
605 3353 834 3418 incarnatione
865 3353 967 3420 fuisse
999 3355 1173 3421 liberatam
1201 3357 1321 3442 peccati
1348 3383 1349 3416 r

248 3448 377 3529 fomite;
399 3451 570 3533 plenitudo
594 3453 680 3518 enirn
700 3460 773 3536 grat
775 3453 825 3518 iae
848 3476 941 3520 omne
964 3457 1150 3538 oppositum
1171 3480 1191 3521 1
1213 3480 1241 3523 e.
1262 3479 1321 3522 nou

248 3541 353 3612 solum
373 3557 552 3631 peccatum,
575 3551 633 3616 sed
655 3552 753 3616 etiam
774 3553 902 3634 peccati
921 3553 1069 3619 fomitem
1091 3556 1244 3623 excludit.

236 3694 238 3700 ¹
309 3662 340 3727 b
370 3664 642 3770 Concupiscentia
669 3667 720 3732 vel
747 3667 888 3734 lomes'
875 3678 971 3753 Juxta
936 3671 1172 3737 tOoncilium
1193 3674 1320 3738 Triden-

314 3913 334 3977 1)
358 3911 416 3966 au.
435 3912 471 3977 v,
496 3915 534 3967 17.
576 3914 597 3981 2)
621 3913 674 3979 m,
698 3931 725 3982 p.
750 3931 776 3983 q.
800 3915 920 3982 xrvu,
945 3935 969 3972 a.
986 3922 1003 3970 4
1020 3919 1063 3974 aa.
1082 3923 1104 3974 1.
1147 3921 1168 3989 8)
1192 3921 1225 3976 ln
1243 3921 1321 3976 versa

246 3991 379 4062 „Signum
396 3995 553 4062 magnum.“
588 3995 609 4062 ⁴)
628 3995 658 4050 L.
677 4012 701 4049 o.
718 4014 745 4065 p.
763 3996 809 4052 1v.
827 4003 894 4054 sect
912 3999 932 4066 l,
950 4004 1001 4057 art.
1022 4000 1097 4056 vul.
1345 3989 1349 4178 Ι

1348 4472 1349 4529 l
