2728 4560
737 348 794 406 198

226 514 292 590 est,
327 529 398 573 eam
426 507 464 572 in
490 507 551 571 hao
584 507 705 573 virtute
736 506 902 575 sonanda
930 506 1069 589 primam
1101 528 1167 571 non
1198 507 1300 572 fuisse.

226 606 334 672 Prima
355 628 431 671 uero
454 613 525 671 erat
548 607 582 670 in
604 607 662 671 illa
683 606 831 676 vovenda
854 606 1041 690 etquidem

287 728 315 770 a.
345 713 531 788 tempore.
569 706 658 771 Haeo
679 707 844 771 sententia
865 707 1126 771 communissima
1146 707 1301 790 probatur

288 826 328 870 ex
356 825 400 869 ss.
428 804 625 870 Patribus.
668 805 847 871 Audiamus
868 827 892 870 s.
916 805 1177 877 Bernardum:
1209 807 1300 888 „Pro-

122 941 131 954 ·
225 904 384 986 positum,
416 905 539 986 inquit,
572 904 768 988 virginitatis
797 911 831 970 et
858 905 959 987 ipsius
988 926 1116 988 quoque
1144 905 1301 987 propositi

225 1004 352 1068 novitas
384 1004 604 1086 virginitatem
635 1004 742 1068 earnis
774 1003 936 1082 illustrat,
969 1003 1057 1086 quod
1088 1004 1243 1069 videlieet
1273 1005 1300 1067 in

225 1103 380 1168 libertate
413 1103 563 1186 spiritm,
595 1103 675 1185 legis
703 1102 865 1167 Mosaioae
898 1103 1031 1167 decreta
1061 1103 1300 1180 transcendens,

225 1203 388 1266 illibatam
416 1202 485 1266 Deo
515 1202 659 1284 eorporis
689 1209 722 1266 et
748 1202 882 1285 spiritus
911 1202 1159 1267 sanctimoniam
1186 1203 1299 1267 vovit.“

226 1301 390 1366 Consonat
418 1300 617 1365 Honorius
646 1301 693 1365 ita
721 1301 916 1381 scribens:²)
949 1300 1057 1381 „Haeo
1084 1301 1191 1383 prima
1219 1301 1301 1366 inter

225 1399 376 1464 mulieres
394 1399 481 1464 vovit
498 1400 566 1465 Deo
583 1400 805 1483 virginitatem
824 1407 858 1465 et
873 1399 946 1464 ideo
965 1399 1035 1463 sola
1050 1399 1136 1464 inter
1152 1399 1301 1464 mulieres

225 1500 345 1563 meruit
373 1499 461 1582 virgo
491 1521 635 1565 summae
663 1500 764 1582 prolis
792 1499 1079 1564 foecunditatem.“
1121 1498 1214 1564 [dem
1244 1500 1300 1581 sig·
1363 1544 1364 1549 κ

225 1597 336 1663 nificat
357 1621 381 1662 s.
404 1599 718 1683 Ildephousus23)
741 1601 852 1682 „Siout
874 1600 914 1664 de
936 1599 1040 1664 altera
1057 1598 1162 1663 Maria
1180 1599 1300 1664 dietum

225 1702 291 1763 est:
328 1697 397 1762 Ista
428 1699 585 1781 optimam
613 1705 739 1781 partem
772 1699 884 1781 elegit,
917 1699 995 1780 quia
1023 1698 1128 1781 prima
1161 1699 1300 1763 omnium

225 1795 420 1860 feminarum
441 1798 510 1862 Deo
532 1799 752 1881 virginitatem
773 1797 894 1862 obtulit
916 1797 1090 1862 etidcirco
1113 1799 1298 1879 promeruit
1362 1850 1363 1855 ,

224 1901 263 1959 ut
284 1895 348 1960 Dei
374 1896 461 1962 filius
489 1898 604 1980 angelo
625 1897 799 1962 nuntiante
828 1917 868 1961 ex
897 1917 935 1960 aa
963 1917 1079 1979 corpus
1101 1903 1234 1961 nostrae
1256 1918 1300 1961 re-

225 1993 419 2076 demptionis
441 1997 650 2080 susciperet.“

285 2093 357 2158 Huc
379 2117 514 2179 quoque
530 2102 657 2178 spectat
677 2116 756 2160 ven.
779 2094 909 2159 Bedae
930 2093 1169 2159 testimonium:
1199 2094 1301 2176 „Vere

224 2194 331 2274 gratia
358 2194 469 2277 plana,
500 2195 652 2279 inquit‚4)
681 2195 734 2259 oui
762 2194 869 2259 divino
897 2214 1030 2258 munere
1059 2194 1214 2258 collatum
1245 2201 1300 2271 est,

225 2296 263 2355 ut
290 2293 395 2374 prima
426 2295 513 2358 inter
543 2294 680 2359 feminas
711 2293 978 2376 gloriosissimum
1006 2292 1075 2356 Deo
1106 2292 1301 2375 virginitatis

224 2412 340 2455 munus
359 2391 523 2457 offerret.“
557 2393 601 2458 Et
619 2393 661 2457 ad
678 2392 777 2457 verba
800 2392 1018 2474 „Quomodo
1039 2390 1115 2457 fiet
1137 2391 1299 2457 istud?“:

224 2489 450 2572 „Propositum
478 2513 556 2556 suae
579 2491 697 2556 mentis
725 2497 911 2555 reverenter
940 2490 1105 2573 exposuit,
1136 2491 1238 2555 vitam
1258 2489 1301 2554 vi-

224 2588 343 2654 delieet
364 2591 607 2673 virginalemse
627 2590 744 2655 ducere
763 2589 950 2654 decrevisse.
990 2589 1080 2666 Quae
1102 2589 1181 2672 quia
1198 2589 1301 2673 prima

223 2687 418 2753 feminarum
438 2695 550 2755 tantae
572 2709 606 2753 se
633 2689 748 2753 virtuti
769 2688 954 2770 mancipare
976 2687 1117 2765 ouravit3
1145 2688 1219 2771 jure
1240 2687 1302 2752 sin-

224 2786 329 2868 gulari
349 2807 428 2869 prae
457 2787 595 2852 caeteris
623 2786 753 2852 feminis
774 2787 935 2852 beatitate
963 2787 1084 2851 meruit
1113 2786 1301 2852 excellere.“

224 2884 337 2968 Neque
374 2886 472 2950 aliter
509 2887 655 2969 loquitur
691 2886 913 2950 Richardus
953 2907 973 2950 a
1009 2907 1033 2950 s.
1066 2885 1300 2952 Laurentio:

224 2983 320 3066 „Ipsa
350 2985 467 3049 merito
500 2985 620 3051 dieitur
648 2985 746 3068 Virgo
778 2984 953 3068 virginum,
988 2983 1064 3068 quia
1092 2985 1199 3067 prima
1229 3006 1302 3050 oon·

224 3083 363 3146 sacravit
384 3089 418 3147 et
438 3083 525 3148 vovit
546 3084 766 3166 virginitatem
787 3084 909 3166 absque
935 3085 1023 3148 omni
1044 3083 1189 3162 oonsilio,
1210 3103 1302 3166 prae-

225 3188 320 3264 cepto
353 3188 387 3246 et
415 3181 571 3265 exemplo.
620 3182 733 3247 Gloria
761 3183 879 3247 Libani
910 3182 989 3247 data
1021 3189 1071 3247 est
1100 3183 1146 3260 ei;
1179 3182 1303 3248 scilicet

224 3281 354 3363 quando
381 3281 576 3364 inspiratum
604 3281 696 3346 oordi
723 3282 792 3364 ejus
821 3280 1018 3346 desiderium
1045 3282 1242 3364 virginitatis
1266 3287 1302 3344 et

223 3379 328 3462 prima
349 3379 437 3444 vovit
458 3380 693 3463 virginitatem,
716 3401 799 3464 quae
820 3380 980 3462 figuratur
999 3381 1034 3444 iu
1054 3380 1196 3460 Libano,
1218 3375 1302 3465 quae

223 3479 463 3562 iuterpretatur
483 3481 605 3546 candor
626 3479 677 3544 vel
698 3479 916 3544 candidatio.“

287 3577 317 3642 S.
340 3578 547 3646 Anselmus
568 3581 603 3645 in
624 3580 755 3645 stimulo
777 3579 897 3644 amoris
918 3577 1099 3661 alloquitur
1119 3577 1300 3644 Christum:

290 3826 309 3893 ¹)
328 3827 414 3882 Serm.
432 3826 466 3880 de
485 3825 614 3893 virginit.
637 3825 666 3880 iu
690 3825 776 3881 verba
800 3824 919 3892 Apoeal:
943 3824 1077 3894 „Signum
1101 3839 1232 3892 maguum
1254 3839 1303 3890 sp·

223 3908 317 3976 paruit
334 3909 362 3962 in
381 3909 485 3964 eoelo.“
524 3911 545 3974 ⁹)
563 3907 624 3964 Lib.
643 3907 677 3962 de
694 3911 797 3962 aetem.
815 3906 897 3976 gaud.
935 3908 956 3973 ⁸)
974 3907 1061 3961 Serm.
1078 3909 1094 3960 5
1110 3906 1146 3960 de
1164 3910 1303 3973 assumpt.

222 3990 244 4057 ⁴)
261 3989 341 4045 Hom.
359 3990 393 4044 de
410 3989 481 4044 festo
500 3991 622 4045 Annunt.
