2728 4560
555 364 613 424 221
689 339 693 346 ’

64 525 107 608 qui
125 525 292 603 dixerunt,
322 524 411 608 quod
432 523 614 590 consentire
636 524 669 589 in
691 525 948 606 matrimonium,
979 534 1029 592 θεῖ
1049 549 1124 594 con·

62 625 165 691 sentire
197 625 231 688 in
263 625 427 689 carnalem
464 623 615 707 copulam
645 624 818 706 implicite,
856 647 921 690 non
953 626 1123 709 explicite:

63 723 217 788 nonenim
247 723 345 788 debet
365 720 520 803 intelligi,
549 722 613 785 nisi
641 721 726 786 sicut
753 722 910 806 implicite
939 725 1126 791 continetur

62 822 179 889 effectus
202 823 236 886 in
258 844 317 886 sua
339 843 452 898 causa,
482 820 560 904 quia
581 828 727 904 potestas
749 821 888 886 carnalis
910 823 1061 905 copulae,
1091 825 1126 889 in

64 943 144 1002 quam
166 921 385 998 consentitur,
417 927 468 986 est
489 941 586 985 causa
614 921 753 985 carnalis
783 921 934 1004 copulae:
963 922 1048 988 sicut
1069 945 1127 1007 po·

61 1025 147 1084 testas
164 1007 283 1086 'utendi
304 1040 340 1085 re
362 1041 429 1097 sua,
454 1026 503 1084 est
528 1041 626 1084 causa
648 1021 756 1082 usus.“

110 1120 170 1185 Sed
197 1119 273 1182 hinc
306 1119 453 1183 exoritur
481 1117 628 1200 quaestio
660 1118 747 1181 inter
778 1117 947 1200 theologos
973 1119 1041 1202 jam
1069 1119 1125 1184 diu

60 1218 178 1301 agitata,

110 1325 217 1382 utrum
246 1336 421 1380 consensus
450 1314 505 1379 ille
534 1314 758 1397 implicitus
787 1323 943 1399 exparte
972 1324 1126 1382 contra-

60 1415 223 1482 hentium
250 1415 348 1480 sicuti
369 1436 409 1479 ex
429 1420 524 1496 parte
552 1419 794 1493 contractus,
817 1436 860 1478 an
882 1415 1125 1481 solummedo

61 1524 223 1600 exparte
242 1519 476 1580 contractus
494 1512 537 1576 ad
554 1512 704 1595 copulam
720 1513 884 1578 carnalem
900 1513 980 1578 ferri
997 1515 1136 1590 debeat„

112 1616 309 1682 Consensum
341 1635 380 1678 ex
411 1619 506 1695 parte
538 1619 725 1676 contractus
757 1619 887 1678 tantum
917 1612 1042 1678 habent
1072 1636 1128 1679 ne-

60 1715 221 1780 cessarium
258 1713 346 1777 inter
382 1711 464 1776 alios
502 1711 644 1776 Sancheu
682 1718 716 1775 et
750 1711 893 1776 Pontius.
947 1712 1128 1778 Audiamus

60 1813 254 1895 Sanohen¹)
276 1812 337 1876 hae
356 1811 396 1875 de
418 1831 453 1874 re
474 1811 522 1874 ita
544 1810 771 1874 disserentem:
794 1810 875 1892 ,Pro
894 1810 990 1892 hujus
1012 1812 1128 1894 majori

60 1911 264 1996 intelligentia
293 1909 529 1974 observandum
557 1916 622 1988 est,
652 1909 826 1991 dupliciter
854 1909 995 1992 intelligi
1022 1931 1127 1992 posse,

60 2017 92 2074 ut
111 2033 281 2076 consensus
301 2008 479 2091 implicitus
500 2009 534 2072 in
555 2009 704 2091 copulam
731 2006 934 2073 desideretur
954 2008 997 2072 ad
1017 2030 1129 2073 verum

60 2111 299 2175 matrimonium.
347 2108 455 2172 Primo
483 2107 593 2186 modo,
623 2107 784 2190 loquendo
813 2107 853 2172 de
884 2129 1042 2173 consensu
1063 2109 1128 2186 ,im-

60 2208 170 2288 plicito,
193 2214 353 2293 quantum
379 2213 429 2271 est
451 2227 490 2270 ex
511 2214 606 2289 parte
633 2211 865 2278 contractus
893 2212 927 2270 et
947 2206 1008 2271 hcc
1030 2207 1128 2272 veris-

60 2307 164 2371 simum
186 2315 251 2386 est,
283 2329 357 2371 eum
379 2306 572 2385 desiderari;
602 2327 703 2388 quum
731 2305 815 2368 enim
844 2310 1033 2370 contractus
1061 2327 1128 2370 ma·

59 2406 192 2471 trimonii
224 2406 400 2470 intrinsece
429 2405 599 2470 ordinetur
626 2404 668 2468 ad
700 2403 866 2487 copulam,
896 2405 953 2487 qui
975 2404 1128 2487 explicite

60 2508 208 2571 consentit
235 2507 269 2569 in
296 2505 402 2582 illum,
434 2509 671 2586 consequenter
696 2503 730 2566 in
757 2503 841 2566 hanc
869 2502 1026 2586 implicite
1053 2525 1129 2568 con-

60 2606 149 2671 sentit
175 2629 214 2671 ex
242 2606 274 2669 vi
300 2605 376 2670 talis
406 2611 600 2668 contractus.
646 2601 793 2668 Secundo
822 2601 918 2666 modo
945 2607 1055 2684 potest
1081 2603 1128 2666 in·

60 2704 152 2788 telligi
182 2728 222 2770 ex
254 2709 348 2787 parte
381 2701 660 2767 contrahentis
693 2707 727 2765 et
758 2701 819 2766 hoc
851 2708 947 2783 pacto
979 2722 1045 2765 non
1078 2707 1128 2765 est

59 2805 247 2870 necessarius
279 2824 453 2868 consensus
484 2801 661 2884 implicitus
694 2800 727 2864 in
758 2799 923 2883 copulam,
956 2800 1021 2864 imo
1050 2800 1128 2864 licet

59 2905 241 2968 contrahens
268 2903 390 2968 habeat
417 2902 632 2966 intentionem
663 2921 729 2964 non
762 2898 993 2970 consentiendi,
1013 2899 1047 2962 in
1076 2919 1128 2964 co·

59 3001 166 3082 pulum,
190 3009 241 3069 est
261 3025 372 3067 verum
393 3000 666 3066 matrimonium.“

115 3102 213 3180 Quam
246 3101 442 3168 sententiam
477 3099 713 3165 studiosissime
745 3095 894 3161 defendit
924 3095 1127 3180 Pontius2)

60 3199 178 3267 citando

116 3304 139 3363 l.
171 3301 297 3383 aliquot
318 3299 505 3364 testimonia
526 3320 550 3362 s.
574 3295 747 3379 Augustini
770 3294 924 3372 dicentis,
953 3293 996 3358 ad
1017 3315 1129 3359 verum

60 3400 290 3464 matrimonium
328 3397 473 3462 sufficere
512 3396 717 3461 amicabilem
757 3394 939 3458 animarum
977 3393 1128 3474 conjunc-

61 3493 171 3560 tionem
207 3497 276 3561 sine
315 3497 431 3580 copula
468 3495 601 3560 car-nali.
654 3495 763 3559 Unum
800 3493 978 3558 alterumve
1012 3492 1128 3556 horum

60 3596 308 3661 testimoniorum
337 3597 389 3661 hic
422 3596 579 3679 allegasse
609 3593 760 3659 sufficiet:
794 3594 1023 3675 ,Consequens
1052 3611 1127 3674 ergo

61 3699 104 3756 est
123 3696 276 3760 connexio
303 3696 470 3761 societatis
497 3696 530 3759 in
548 3695 633 3772 filiis,
653 3694 710 3777 qui
727 3715 810 3758 unus
827 3692 984 3756 honestus
1001 3689 1129 3754 fructus

65 3843 247 3858 Q*—

119 3927 137 3994 ¹)
154 3927 214 3982 Lib.
231 3926 268 3994 ll,
286 3927 321 3981 de
345 3925 523 3981 matrimonio
541 3924 611 3993 disp.
630 3922 757 3989 XXVlll,
774 3939 801 3976 u.
817 3924 842 3976 4.
882 3923 905 3988 ²)
923 3920 1020 3974 Basilii
1036 3919 1130 3974 Pontii

62 4002 91 4058 de
106 4006 280 4065 Sacramenta
298 4008 469 4065 matrimonii
485 4013 621 4096 tractatus
639 4007 688 4062 lib.
706 4006 727 4073 l,
746 4022 788 4074 cp.
808 4004 910 4060 XVlll.
