2728 4560
575 345 636 404 245

77 513 104 570 ct
122 507 190 590 ipsa
211 505 331 583 Maria,
362 524 446 586 quae
474 503 599 568 sciebat
625 525 659 568 se
691 503 730 568 de
753 503 877 586 Spiritu
898 510 1010 568 sancto
1033 525 1146 568 concc-

75 605 166 687 pisse,
197 611 231 668 et
258 602 473 685 responderat
502 602 642 685 Angelo:
677 602 895 685 „Quomodo
926 603 1004 667 erit
1031 602 1145 682 istud,

77 705 249 786 quoniam
277 703 401 766 virum
429 720 502 765 non
531 703 766 784 cognosco?“
794 701 941 784 loquitur
962 701 1003 765 ad
1024 699 1145 765 filium:

75 803 172 883 ,Fili
195 800 290 884 quid
317 797 458 864 fecisti
484 799 598 865 nobis
625 801 705 865 sic?
737 801 836 864 Ecce
866 821 934 882 ego
963 806 1002 863 et
1031 807 1146 883 pater

76 908 157 965 tuus
185 900 369 964 dolentes
398 900 686 980 quaerehamus
712 901 782 964 te.“
825 899 856 964 S.
878 899 1075 982 Hieronymo
1096 919 1146 962 re-

76 1000 204 1081 spondet
225 999 254 1063 d.
277 997 578 1080 Augustinus21)
602 998 729 1080 ,Quum
749 998 854 1062 Lucas
876 1005 998 1076 narret,
1019 1019 1086 1062 non
1107 1018 1147 1060 ex

76 1097 239 1162 concubitu
260 1095 391 1178 Joseph,
414 1096 472 1160 sed
494 1117 534 1160 ex
555 1096 660 1160 Maria
680 1096 813 1178 Virgine
834 1103 949 1160 netum
971 1096 1145 1172 Christum,

75 1196 151 1260 unde
170 1217 243 1260 eum
260 1201 390 1278 patrem
409 1195 478 1276 ejus
497 1195 651 1276 appellat,
671 1195 735 1259 nisi
754 1195 830 1277 quia
849 1201 883 1259 et
900 1196 1004 1258 virum
1022 1194 1146 1258 Mariae

28 1299 31 1314 '
75 1303 155 1361 recte
166 1295 375 1377 intelligimus
387 1295 455 1358 sine
473 1295 699 1359 commixtione
718 1295 833 1373 carnis,
850 1295 922 1376 ipsa
939 1294 1145 1376 copulatione

76 1395 220 1477 conjugii;
251 1401 284 1458 et
307 1393 347 1457 ob
369 1394 430 1457 hoc
458 1394 558 1458 etiam
580 1394 701 1459 Christi
721 1401 849 1476 patrem
870 1393 973 1457 multo
996 1394 1146 1475 conjunc-

76 1493 143 1572 tius,
161 1495 215 1576 qui
237 1514 277 1557 ex
300 1493 368 1576 ejus
392 1493 525 1575 conjuge
546 1499 644 1557 natus
666 1493 718 1571 sit,
739 1514 837 1575 quam
858 1493 886 1556 si
907 1499 993 1556 esset
1014 1492 1145 1556 aliunde

76 1591 262 1673 adoptatus?
301 1591 395 1655 Unde
427 1590 636 1656 manifestum
668 1598 718 1655 est
749 1590 846 1668 illud,
880 1591 967 1673 quod
999 1592 1047 1654 ait
1076 1590 1146 1672 ,Ut

76 1690 286 1771 putabatur
317 1689 434 1753 filius
461 1690 628 1772 Joseph“
660 1697 795 1772 propter
823 1690 896 1754 illos
925 1691 1059 1768 dixisse,
1090 1691 1146 1772 qui

77 1810 142 1853 eum
172 1791 211 1852 ex
241 1788 379 1870 Joseph,
416 1789 501 1853 sicut
532 1789 590 1852 alii
621 1788 768 1853 homines
802 1795 996 1868 nascuntur,
1032 1796 1146 1853 natum

77 1887 340 1952 arbitrabantur.“
403 1886 527 1951 Similia
565 1887 743 1972 habentur
767 1888 802 1951 in
840 1888 924 1952 libro
965 1894 992 1952 5.
1034 1894 1147 1952 contra

76 1985 240 2050 lulianum.

130 2087 226 2151 Juxta
254 2085 454 2168 Originem
483 2107 506 2150 s.
534 2084 657 2168 Joseph
685 2086 792 2150 dictus
821 2093 871 2150 est
898 2091 993 2169 pater
1015 2085 1145 2163 Christi,

79 2183 145 2263 quia
172 2185 324 2250 Christi
352 2185 551 2249 nutritius
579 2184 652 2249 fuit.
703 2185 955 2267 „Quamobrem
985 2185 1145 2267 inquit,²)

79 2283 248 2349 mirabatur
270 2290 304 2348 et
324 2288 435 2366 pater:
465 2284 510 2348 sic
533 2283 619 2347 enim
640 2284 825 2367 appellatus
847 2290 897 2350 est
917 2284 1047 2366 Joseph,
1070 2282 1148 2366 quia

78 2383 220 2448 nutritius
241 2383 336 2447 fuitf‘
373 2382 417 2444 At
437 2381 518 2446 haec
540 2382 626 2446 ratio
648 2388 793 2447 testante
812 2383 938 2466 Estioi)
960 2383 1147 2447 nullatenus

80 2480 196 2561 sufficit,
227 2483 305 2565 quia
336 2503 364 2547 a.
395 2481 558 2562 scriptura
588 2481 761 2546 nutritium
782 2483 949 2546 nominare
978 2502 1042 2545 non
1064 2481 1148 2545 solet

79 2585 192 2656 patrem
220 2581 271 2645 vel
297 2581 460 2645 nutricem
488 2588 634 2645 matrem.
682 2581 713 2645 b.
744 2582 826 2659 Quia
854 2583 885 2645 b.
912 2582 1011 2664 Virgo
1041 2603 1065 2645 s.
1092 2580 1147 2644 Jo-

80 2679 199 2759 sephum
229 2681 330 2744 etiam
359 2681 392 2744 in
413 2680 518 2762 patris
548 2680 705 2744 vocabulo
734 2681 798 2745 sibi
818 2681 991 2763 praeponit
1019 2679 1146 2742 dicens:

82 2777 206 2857 ,Pater
234 2785 327 2843 tuus
356 2785 395 2843 et
423 2780 521 2861 ego.“
564 2779 654 2842 Idem
680 2778 761 2844 facit
782 2780 990 2862 Evangelista
1020 2778 1146 2841 dicens:

81 2876 209 2956 ,Erant
236 2884 354 2961 pater,
385 2878 469 2960 ejus
502 2884 541 2942 et
572 2885 698 2944 mater
729 2879 958 2957 mirantes,“
992 2898 1032 2941 ne
1060 2876 1159 2951 forte·

81 2984 217 3057 putetur,
251 2976 282 3041 b.
312 2977 477 3058 Virginem
506 2977 540 3040 id
567 2976 762 3042 humilitatis
795 2999 893 3042 causa
920 2975 1147 3042 tantummodo

80 3063 190 3142 iecisse.
233 3099 260 3142 c.
285 3077 314 3141 S.
338 3076 442 3140 Lucas
463 3083 557 3140 vocat
579 3077 690 3142 ambos
712 3085 880 3160 parentes,
903 3097 1018 3160 graece
1041 3089 1146 3159 γονεῖς

80 3175 160 3253 quasi
180 3176 358 3258 genitores,
389 3175 466 3258 quia
495 3175 556 3239 filii
583 3177 750 3258 generatio
776 3177 849 3259 jure
879 3176 1019 3259 conjugii
1048 3177 1146 3240 etiam

79 3271 113 3334 ad
142 3295 163 3338 s.
191 3275 313 3357 Joseph
341 3275 508 3358 pertinuit.
553 3275 582 3338 d.
616 3276 841 3358 Evangehstae
869 3277 974 3341 Lucas
1003 3283 1037 3340 et
1063 3276 1147 3340 Mat-

78 3369 181 3436 thaeus
203 3373 326 3438 Christi
350 3374 572 3457 genealogiam
593 3397 652 3457 per
671 3376 793 3458 loseph
819 3376 959 3455 ducunt3
988 3376 1049 3440 hoc
1071 3397 1146 3439 vero

78 3470 204 3538 absurde
232 3473 329 3539 fieret
349 3496 408 3556 per
430 3496 518 3554 eum,
549 3477 576 3540 si
603 3497 668 3539 non
697 3476 762 3540 alia
783 3476 911 3540 ratione
932 3481 1027 3557 pater
1050 3482 1144 3552 esset,
1267 3507 1272 3520 ·

81 3585 169 3650 quam·
187 3573 264 3656 quia
285 3574 451 3638 nutritius.

131 3669 200 3734 Non
238 3673 340 3755 igitur
382 3696 405 3738 s.
438 3674 559 3756 Joseph
603 3673 813 3756 putativus
856 3679 986 3738 tantum
1025 3673 1148 3738 Christi

81 3817 263 3832 *Q—

137 3905 154 3967 ι)
171 3903 230 3958 Lib.
250 3905 286 3969 11,
309 3903 344 3956 de
362 3905 440 3958 Cous.
458 3904 565 3972 Evang.
588 3919 630 3971 cp.
648 3903 669 3969 Ι,
692 3919 717 3957 n.
735 3907 758 3958 3.
801 3905 821 3968 ²)
841 3902 871 3954 ln
890 3903 955 3956 Luc.
979 3902 1053 3957 hon.
1075 3902 1145 3956 xvi.

33 4031 34 4034 ,
79 3981 96 4046 ³)
111 3981 140 4036 ln
155 3986 199 4040 lib.
218 3987 266 4052 lV,
284 3987 358 4041 Sent.
377 4003 445 4040 com.
464 3986 526 4040 dist.
546 3981 630 4051 XXX,
648 3985 672 4053 ᾗ.
690 3990 728 4040 10.
