2728 4560
574 344 632 403 199

70 503 286 568 ..Descendisti
301 523 319 568 e
334 503 437 585 regali
451 502 531 568 solio
547 501 695 568 sublimis
709 503 832 587 gloriae
844 509 922 568 tuae
937 504 971 568 in
982 505 1139 571 humilem

68 611 95 667 ct
125 603 286 687 abjectam
317 603 352 666 in
384 603 485 667 oculis
518 603 585 668 suis
614 603 772 686 puellam,
805 601 910 686 primo
941 604 1138 687 'virginitatis

67 703 280 768 continentiae
309 708 385 767 voto
414 701 620 784 sigillatam.“
663 701 711 784 ,0
732 702 897 784 Virgines,
926 702 1086 769 exclamat
1112 725 1136 768 s.

67 802 220 866 Thomas
243 802 288 866 de
310 800 419 865 Villa
438 800 584 883 Nova,¹)
608 807 766 884 quantam
783 800 912 865 habetis
934 802 1137 884 magistram!

67 900 130 964 Non
151 907 247 984 pater
267 900 483 983 Augustinus,
507 911 574 964 non·
593 921 617 964 s.
641 900 852 978 Benedictus,
875 901 1065 966 Franciscus
1087 900 1138 966 vel

69 1000 246 1064 llominicus
267 999 319 1063 vel
341 988 444 1081 quivis
466 998 550 1063 alius
578 997 618 1064 de
641 1020 776 1064 numero
798 1005 987 1064 sanctorum
1006 1006 1138 1082 patrum

67 1099 290 1163 custodiendae
328 1096 525 1179 virginitatis
561 1097 733 1162 institutor
769 1098 912 1176 exstitit,
954 1099 1012 1163 sed
1047 1099 1136 1182 virgo

67 1219 157 1276 sacra,
181 1198 244 1262 Dei
264 1203 378 1273 mater,
400 1196 485 1260 hanc
506 1196 611 1279 prima
637 1197 762 1261 invenit
782 1197 875 1275 viam,
899 1203 933 1262 et
954 1218 1026 1262 earn
1046 1197 1138 1262 Adae

66 1295 132 1360 filiis
154 1297 404 1375 demonstravit3
426 1297 498 1378 ipsa
515 1297 620 1379 prima
642 1296 753 1360 docuit
772 1295 919 1362 homines
940 1298 1137 1362 coelibatum

67 1402 96 1459 ct
114 1397 264 1460 incarne
293 1395 472 1478 angelicam
497 1395 599 1460 vitam
625 1395 741 1478 degere
772 1403 806 1460 et
823 1392 1016 1461 'coelestium
1044 1397 1137 1479 spiri·

55 1500 147 1577 ¹tuum
170 1495 330 1566 aemulari
350 1495 545 1577 puritatem:
575 1494 655 1558 haec
676 1494 783 1577 prima
803 1494 1025 1577 virgi-nitatem
1045 1517 1137 1560 suam

67 1593 127 1659 Deo
148 1597 235 1660 vovit
254 1603 288 1659 ct
306 1615 364 1658 suo
384 1592 464 1658 alios
484 1593 632 1676 exemplo
646 1581 685 1657 'id
702 1595 809 1676 ipsum
826 1615 922 1676 agere
940 1595 1136 1677 provocavit.

68 1692 148 1758 Sicut
166 1695 325 1777 scripturn
348 1699 411 1758 est:
434 1692 581 1757 Astitit
601 1693 751 1776 Regina
772 1715 792 1758 a
813 1693 967 1758 dextris
990 1695 1134 1759 tuis...

68 1790 322 1858 Addueentur
349 1791 446 1874 Regi
473 1791 648 1874 virgines
676 1798 767 1874 post
795 1792 907 1856 eam.“

119 1891 241 1970 Multae
273 1890 413 1973 virgines
444 1890 606 1955 adductae
642 1897 718 1956 sunt
749 1890 792 1955 ad
823 1891 981 1974 templum
1015 1891 1136 1957 Christi

67 1988 166 2073 ibique
187 1995 441 2074 praesentatae,
462 1990 586 2055 multae
614 1990 657 2054 ad
683 1989 782 2054 finem
809 2011 912 2072 usque
940 1990 1053 2054 mundi
1080 1991 1136 2055 ad-

68 2087 217 2155 ducentur
239 2096 273 2154 et
293 2088 600 2172 praesentabuntur.
644 2088 762 2154 Omnes
787 2094 897 2152 temen
917 2095 992 2171 post
1012 2111 1036 2152 s.
1060 2089 1136 2154 Dei-

68 2207 184 2267 param,
216 2210 293 2253 narn
324 2188 381 2251 illa
414 2187 495 2265 dun,
527 2187 586 2251 illa
613 2188 763 2270 princeps
795 2187 947 2251 omnium.
996 2187 1046 2250 Ex
1073 2188 1135 2253 hoc

68 2286 223 2351 oriebatur
260 2286 460 2351 consuetudo
499 2287 533 2350 in
570 2286 716 2352 Ecclesia
751 2287 917 2370 primitiva
953 2288 1133 2368 observata,

69 2385 144 2465 quod
164 2407 280 2469 nempe
301 2386 439 2470 virgines
461 2386 530 2450 Deo
553 2407 587 2450 se
616 2406 805 2451 consecrare
834 2386 1071 2467 desiderantes,
1100 2388 1135 2452 in

69 2486 185 2550 nominc
216 2485 356 2565 Mariae,
394 2486 535 2570 Virginis
573 2486 747 2569 virginum,
786 2487 973 2552 castitatem
1006 2509 1134 2554 servare

68 2584 295 2663 pollicerentur.

119 2684 237 2750 Verum
258 2685 385 2769 longior
406 2692 492 2750 esset
514 2705 635 2764 senno,
665 2685 773 2751 omnia
795 2692 928 2768 patrum
949 2685 1136 2750 testimonia

68 2780 91 2842 si
108 2783 226 2849 referre
247 2785 411 2850 vellemus.
422 2787 447 2868 2)
482 2784 575 2849 Hanc
598 2805 668 2849 esse
686 2805 876 2868 graecorum
893 2785 1135 2867 latinorumque

68 2889 187 2960 patrum
218 2885 429 2963 sententiam,
462 2889 607 2949 testatur
637 2883 870 2966 Beroniusu
903 2905 943 2966 ,a
975 2905 1040 2967 qua
1067 2883 1134 2948 scio

68 2981 215 3048 neminem
252 2984 442 3061 dissentire,
479 2982 544 3047 nisi
580 2983 864 3049 stolidissimorum
896 2983 1135 3048 haereticorum

69 3075 231 3146 factionem
257 3089 291 3148 et
312 3082 518 3161 satellitium,
550 3083 607 3166 qui
634 3083 677 3147 ad
698 3084 918 3168 impugnanda
945 3105 1039 3148 sacra
1059 3090 1135 3148 vota

69 3177 250 3261 virginitatis
297 3188 331 3246 et
374 3182 593 3248 continentiae
638 3183 800 3266 egregiam
843 3183 973 3249 diabolo
1014 3190 1134 3248 navant

70 3280 218 3356 operam.“
261 3279 323 3344 cui
349 3288 482 3363 patrum
510 3285 543 3344 et
569 3280 837 3347 scholasticorum
864 3281 1032 3348 doctrinae
1059 3303 1134 3346 con-

70 3372 159 3442 forme
193 3386 259 3459 est,
299 3379 388 3462 quod
422 3381 457 3444 in
495 3379 563 3444 vita
602 3402 626 3446 s.
666 3381 908 3447 Catharinae
947 3381 1133 3446 Senensis

126 3578 143 3646 ¹)
159 3581 240 3634 Cone.
256 3582 273 3632 2
290 3579 325 3633 de
339 3579 463 3633 Annunt
495 3579 518 3645 ²)
536 3577 591 3633 Cfr.
606 3579 764 3647 Reppertus
780 3577 830 3632 lib.
843 3581 858 3632 3
873 3578 903 3631 in
915 3578 1020 3634 Cautio.
1034 3577 1133 3634 Petrus

70 3655 190 3714 blesensis
214 3677 296 3716 serm.
323 3665 335 3713 Ι
359 3662 389 3714 in
414 3661 476 3716 adv.
503 3662 623 3717 Domini.
657 3661 720 3716 Alb.
744 3660 863 3730 Magnus
888 3661 924 3714 de
948 3661 1077 3716 laudibus
1101 3662 1132 3718 B.

71 3738 159 3798 Mariae
175 3761 219 3814 cp.
237 3747 284 3798 182
303 3748 332 3798 e't
348 3744 377 3797 in
395 3761 439 3812 cp.
459 3748 490 3799 10
507 3743 574 3799 Luc.
604 3744 685 3814 Hugo
702 3744 783 3800 Car-d.
800 3744 829 3797 in
847 3743 890 3797 Ps.
908 3745 949 3797 18.
974 3743 1134 3799 Alexander

70 3819 98 3874 de
112 3824 189 3880 Helen
212 3828 241 3880 in
260 3827 301 3880 Ps.
322 3829 359 3882 18.
393 3827 420 3882 S.
438 3827 535 3883 Thom.
552 3845 579 3896 p.
598 3827 651 3888 ΙΙΙ,
677 3846 702 3898 q.
720 3829 753 3882 28
774 3843 798 3883 a.
815 3831 832 3880 4
848 3826 884 3882 ad
900 3829 924 3882 2.
958 3827 1087 3882 Testatus
1102 3828 1134 3882 in

70 3909 244 4051 {p.5;81ib.4
262 3910 330 3980 Reg.
348 3925 374 3979 q.
392 3911 436 3978 193
458 3911 488 3964 in
505 3927 549 3982 cp,
567 3914 581 3965 1
600 3911 666 3968 Luc.
708 3913 730 3977 8)
750 3910 782 3964 ln
799 3912 943 3980 Apparatu
960 3909 996 3963 ad
1012 3910 1134 3965 Annales
