2728 4554
497 388 556 448 461

10 579 21 616 ι.
53 553 228 635 Deiparam.
282 549 437 630 ,Coacte,
471 547 638 631 scribit,¹)
675 549 877 632 Scripturam
908 556 1065 633 torquent

10 651 168 734 catholici)
198 651 234 714 in
261 648 414 726 Mariam,
449 669 532 730 quae
562 648 689 713 divinae
720 649 906 732 Sapientiae
934 657 1065 714 tantum

10 757 191 833 tompetunt,
220 747 284 830 ipsi
304 746 457 811 videlicet
478 745 625 826 Ohristo;
654 746 707 811 hic
729 749 815 812 enim
837 755 913 813 ante
935 748 1065 813 saecula

10 850 71 926 'uit,
100 848 133 912 in
159 868 221 931 quo
251 845 359 910 omnia
387 845 519 909 condita
548 852 633 910 sunt.
682 846 775 923 Quod
805 853 915 911 autem
942 848 1066 912 Mariae

10 949 150 1030 leiparae
171 947 232 1011 hoo
258 944 429 1021 tribuitur,
460 965 585 1007 merum
613 945 818 1008 mendacium
846 951 883 1009 et
906 945 941 1010 in
962 946 1067 1011 Deum

10 1044 187 1128 lasphemia
209 1043 288 1107 est.“
331 1043 445 1107 Latuit
467 1063 541 1106 eum
563 1044 742 1109 certissime
764 1043 878 1127 regula
906 1046 1067 1128 generalis

10 1193 13 1211 .
37 1169 61 1210 s.
85 1142 262 1226 Augustino
285 1148 420 1220 statuta,
429 1143 454 1225 2)
483 1142 592 1225 ,quod
613 1165 707 1207 sacra
728 1144 898 1226 Scriptura
923 1150 975 1209 tot
996 1166 1068 1209 sen-

10 1267 45 1308 us
74 1242 191 1307 habeat
212 1240 252 1304 ab
282 1240 353 1323 ipso
383 1240 483 1305 etiam
505 1241 629 1323 Spiritu
660 1249 772 1307 sancto
795 1243 956 1322 intentos,
987 1249 1068 1327 quot
1153 1229 1157 1238 ’

10 1345 104 1408 iterae
126 1345 306 1423 congruunt
327 1339 505 1404 secundum
531 1345 655 1404 rectam
676 1340 901 1406 charitatem.“
944 1341 1068 1418 Quibus

10 1441 177 1506 uaemissis

10 1541 159 1623 uaeritur

10 1707 37 1768 ⁰:
69 1703 208 1768 Utrum
228 1701 258 1765 b.
275 1701 395 1784 Virgo
417 1701 723 1784 praedestinata
743 1700 870 1767 fuerit
891 1711 983 1769 ante
1005 1705 1067 1770 vel

167 1805 258 1884 post
285 1801 511 1882 praevisum
538 1800 644 1865 Adae
673 1808 888 1885 peccatum.

49 1918 198 1982 Admisso
226 1916 388 1982 decreto
409 1916 646 1982 incarnationis
673 1916 894 2000 absolutol)
923 1917 945 1981 i.
968 1939 995 1982 e.
1018 1919 1066 1982 in·

11 2017 211 2100 ependonter
239 2016 281 2080 ab
310 2015 461 2098 originali
481 2022 632 2098 peccato,
662 2015 901 2080 admittendum
928 2017 1066 2097 videtur,

11 2167 17 2179 .
49 2116 219 2198 Virginem
253 2113 402 2178 absolute
434 2114 711 2196 praedestinatam
742 2113 843 2179 fuisse
878 2114 921 2179 ad
952 2115 1068 2182 Matris

10 2217 47 2280 lei
76 2214 281 2297 dignitatem.
325 2212 408 2276 Nam
431 2212 595 2290 Christus,
626 2212 726 2276 etiam
747 2212 872 2279 Adamo
901 2235 966 2279 non
993 2236 1067 2298 peo-

10 2321 96 2392 ante‚
131 2333 197 2376 non
225 2317 356 2376 tantum
384 2311 622 2394 praedestinari
654 2310 768 2375 debuit
799 2318 837 2377 ut
864 2312 976 2393 homo,
1010 2313 1068 2378 sed

10 2421 22 2479 t
47 2413 137 2477 filius
165 2411 314 2477 hominis.
358 2410 464 2487 Quare
492 2410 523 2473 b.
545 2409 644 2492 Virgo
673 2410 716 2474 ad
737 2411 853 2476 Matris
875 2412 937 2477 Dei
964 2412 1067 2495 digni·

10 2519 87 2577 utem
121 2511 271 2576 absolute
299 2508 545 2593 praedestinata
578 2514 636 2573 est.
687 2508 920 2576 Antecedentis
947 2512 1067 2576 veritas

10 2612 141 2677 lcillime
174 2610 341 2693 probatur.
380 2609 428 2674 ¹Si
463 2609 549 2673 enim
582 2609 671 2673 Deus
705 2609 800 2673 illum
829 2610 1067 2675 Incamationis

10 2713 119 2776 rodum
148 2709 230 2792 (scil.
254 2731 293 2774 ex
321 2709 470 2792 muliere)
499 2731 566 2773 non
587 2709 832 2792 praeelegisset,
861 2709 922 2774 hoo
943 2708 1068 2776 iactum

10 2812 117 2889 risset,
162 2809 239 2892 quia
277 2807 333 2872 ille
374 2807 518 2890 aliquam
555 2808 741 2872 inclusisset
778 2809 1066 2892 imperfectionem.

10 2911 117 2975 'ullam
149 2929 225 2975 vero
254 2907 394 2971 includit
425 2906 721 2988 imperfectionem,
754 2929 854 2990 quum
881 2908 1068 2974 nullatenus

10 3008 145 3074 edoceat
167 3006 346 3085 Christum,
377 3007 478 3072 etiam
505 3006 540 3070 in
565 3005 738 3089 hypothesi
759 3008 876 3072 Adami
904 3030 968 3072 non
994 3029 1068 3091 pec·

10 3109 103 3185 tntis,
136 3093 296 3172 viatorem
316 3104 417 3170 fuisse
437 3104 655 3189 habuisseque
687 3128 803 3188 corpus
831 3108 934 3172 statui
954 3115 1067 3172 nostro

10 3205 249 3282 {comodatum
287 3210 358 3269 tum
394 3209 432 3268 ut
466 3225 526 3286 pro
562 3204 656 3269 nobis
692 3203 888 3284 mereretur,
925 3212 996 3270 tum
1030 3211 1069 3270 ut

46 3375 66 3439 ¹)
85 3373 121 3426 ln
139 3371 257 3425 Postilla
274 3371 309 3424 de
326 3370 397 3424 festo
414 3369 502 3424 Natae
519 3368 642 3438 Virginis
659 3370 733 3438 apud
750 3371 894 3440 Sedlmayr
910 3372 929 3426 l.
941 3388 965 3428 c.
978 3390 1005 3441 p.
1019 3371 1068 3439 IV,

10 3460 46 3508 ct.
61 3455 84 3521 I,
98 3471 127 3523 q.
141 3453 180 3520 ll,
195 3471 219 3508 a.
235 3457 256 3508 1.
290 3455 311 3518 2)
329 3453 370 3506 De
388 3452 516 3507 doctrina
533 3451 691 3506 Christiana
707 3453 754 3508 lib.
773 3452 822 3510 111.
840 3471 883 3522 cp.
900 3457 940 3510 27.
974 3455 995 3521 ³)
1013 3454 1068 3510 Cfr.

10 3543 59 3591 sot.
82 3537 175 3592 theol.
196 3553 259 3606 pag.
282 3537 323 3590 69.
360 3535 411 3602 ,ha
436 3534 466 3602 ill
491 3533 543 3590 ciue
566 3533 684 3590 totototo
706 3533 865 3605 theologiltbe
887 3535 1068 3604 boobotoctlr,

10 3621 75 3672 cibit
100 3618 216 3674 Oswald
240 3619 269 3686 (l.
291 3635 315 3673 o.
339 3635 400 3687 pag.
420 3621 471 3672 210
494 3617 544 3686 sq),
577 3617 609 3672 ob
633 3617 675 3672 ter
700 3617 781 3684 &otu
802 3617 906 3684 Sabat,
930 3627 1003 3675 meno
1027 3617 1069 3674 ter

10 3701 144 3769 lobenich
162 3701 205 3756 brt
222 3701 298 3768 ersten
315 3701 405 3757 dltern
428 3699 464 3756 bu
481 3697 615 3766 Sorthida
630 3698 696 3766 nicht
713 3697 804 3769 adalgi
821 3703 900 3772 rotro,
925 3701 982 3767 oud)
1000 3699 1070 3758 boon

10 3797 14 3833 e
38 3784 201 3854 mentulicbe
225 3784 313 3840 natat
338 3796 518 3851 ragennarum
541 3780 623 3848 buben
647 3782 698 3837 unt
722 3781 828 3849 litbtbor
851 3784 926 3839 auter
948 3786 999 3837 nus
1024 3781 1070 3847 oui

10 3864 60 3920 ter
79 3867 221 3935 criminoso
237 3866 287 3933 bio
304 3863 397 3921 tollrbe.
432 3863 493 3920 {bit
510 3861 627 3930 ltbliebett
643 3867 694 3919 uua
711 3866 753 3918 ber
771 3863 898 3933 meiano
916 3880 957 3931 ou,
982 3865 1070 3932 belbe

10 3945 34 4011 le
51 3948 143 4019 &tage
168 3948 266 4017 baloth
289 3947 321 4016 fre
337 3945 428 4014 mtrbte
445 3945 503 4013 auct
520 3944 571 4018 iebt
589 3945 715 4013 matthie
736 3947 909 4002 sententia
931 3963 1069 4002 commu-

13 4047 51 4084 or
75 4031 159 4099 ltin!
311 4048 316 4063 '
