2718 4556
764 336 824 396 284
903 329 908 342 '

248 495 405 568 charistia
442 495 485 560 sit
521 495 719 578 virginitatis
758 517 890 580 germen
929 503 962 561 et
1000 498 1181 563 remedium
1217 505 1308 563 contra

247 595 425 676 luxuriam,
464 594 550 659 unde
582 596 692 661 vinum
728 597 912 678 germinans
949 597 1089 678 virgines
1121 618 1142 661 a
1157 597 1308 680 ‘propheta

249 694 452 777 appellatur:
481 694 530 758 ita
550 695 809 773 matrimonium,
833 695 921 778 quod
941 702 992 760 est
1012 695 1243 760 infensissimus
1260 695 1308 759 111-

247 794 396 876 ginitatis
427 793 532 884 hostis
564 794 699 877 ejusque
730 795 826 858 ruina
858 801 892 858 et
923 795 1079 876 perditio,
1112 795 1147 859 in
1178 794 1307 878 mysterio

247 893 486 958 lucarnationis
508 893 597 957 etin
619 893 798 963 castissimo
815 893 949 976 Josephi
971 901 1004 958 et
1022 894 1146 958 Mariae
1170 893 1307 959 connubio

249 994 398 1058 columen
420 999 454 1057 et
474 993 674 1076 integritatis
695 1000 863 1076 protector
885 993 1037 1058 effectum
1059 995 1140 1058 est.“

308 1092 445 1156 Praeter
464 1091 549 1155 hanc
571 1091 733 1173 triplicem
756 1091 955 1155 matrimonii
976 1090 1210 1175 perfectionem
1229 1092 1308 1156 etiam

247 1190 425 1255 charitas
451 1197 587 1254 mutua
615 1191 702 1254 inter
723 1191 875 1272 conjuges
898 1191 1046 1274 conjugio
1069 1191 1213 1274 aliquam
1232 1190 1308 1255 attri-

246 1290 319 1354 buit
339 1288 582 1372 perfectionem.
625 1289 714 1353 Haec
738 1289 880 1353 charitas
905 1310 942 1353 10
965 1290 1069 1372 maj0r
1091 1311 1194 1374 eoque
1214 1290 1308 1373 purior

246 1388 448 1470 resplendet,
489 1409 551 1470 quo
584 1388 690 1451 minus
727 1387 829 1452 fuerit
859 1388 1021 1469 permixta
1053 1410 1163 1454 amore
1196 1387 1307 1454 carnali.

217 1571 218 1574 Ἴ
248 1487 355 1564 Quare
382 1487 492 1568 Hugo
520 1509 540 1550 a
568 1488 634 1552 Sto
656 1487 854 1567 Victore¹)
883 1487 1043 1552 disserens
1067 1489 1106 1553 de
1129 1489 1186 1553 illo
1208 1489 1307 1564 debito,

246 1587 334 1669 quod
369 1587 418 1649 vir
454 1585 584 1651 mulieri
621 1593 655 1650 et
685 1587 802 1650 mulier
838 1587 906 1650 vir‘o
944 1608 1010 1650 non
1047 1587 1167 1652 debeat
1198 1607 1307 1670 negare,

244 1685 390 1767 perbelle
418 1687 465 1749 ita
492 1684 654 1768 loquitur:
688 1685 773 1765 „Sed
794 1684 891 1767 hujus
920 1685 1024 1749 debiti
1049 1688 1226 1752 necessitas
1250 1687 1308 1750 illos

246 1783 434 1868 conjugatos¹
462 1784 523 1848 sibi
552 1783 752 1847 adinvicem
779 1805 845 1848 non
873 1784 1017 1866 subjicit,
1047 1785 1082 1847 in
1112 1786 1308 1868 quibusdum

245 1883 431 1966 conjugium
453 1881 701 1946 contraheretur
721 1882 772 1945 vel
794 1884 983 1961 sanciretur,
1004 1883 1101 1964 hujus
1124 1886 1230 1967 operis
1251 1905 1308 1948 con·

245 2003 358 2047 sensus
386 2003 451 2045 non
478 1980 664 2062 praecessit.
715 1979 782 2043 Nec
814 1987 925 2045 tamen
953 1981 1013 2045 hoc
1043 1981 1146 2048 officio
1180 1989 1308 2048 cessante

244 2081 416 2144 veritatem
445 2079 512 2142 sive
534 2079 688 2143 virtutem
717 2079 859 2162 conjugii
888 2102 1016 2144 cessare
1046 2082 1243 2147 credendum
1262 2088 1307 2155 est,

243 2178 307 2242 imo
332 2179 442 2261 potius
464 2184 556 2241 tanto
578 2178 685 2242 verius
708 2184 741 2241 et
763 2179 906 2249 sanctius
930 2179 1114 2262 conjugium
1138 2203 1216 2261 esse,
1238 2177 1309 2263 quod

243 2278 277 2340 in
298 2276 366 2341 solo
389 2276 559 2340 charitatis
579 2276 716 2355 vinculo,
742 2282 775 2340 et
796 2298 860 2341 non
882 2278 916 2340 in
939 2280 1201 2362 concupiscentia
1222 2279 1309 2344 carnis

245 2383 279 2441 et
298 2375 444 2440 libidinis
473 2375 589 2440 ardore
609 2376 814 2441 foederatum
844 2384 901 2442 est.
946 2378 1031 2455 Quid
1054 2378 1161 2442 enim?
1194 2379 1229 2443 ln
1248 2399 1309 2442 con·

244 2475 444 2557 cupiscentia
460 2474 566 2538 carnis
585 2475 770 2557 conjugium
788 2482 936 2540 sanetum
955 2484 1049 2555 esset,
1065 2478 1147 2556 etin
1167 2479 1309 2542 charitate

242 2594 307 2638 non
330 2572 436 2637 esset?
457 2572 566 2637 Absit!
590 2573 654 2638 Sed
673 2574 777 2638 multo
795 2575 902 2638 verius
925 2582 958 2640 11
971 2576 1091 2658 justius
1113 2577 1161 2641 ibi
1179 2585 1310 2642 sanctum

244 2679 277 2737 et
295 2693 408 2736 11111111
429 2672 558 2751 dicitur,
575 2672 633 2735 ubi
653 2672 735 2735 nihil
752 2672 854 2738 habet
872 2675 1015 2753 castitas,
1035 2675 1122 2740 unde
1145 2677 1309 2750 erubescat

243 2772 300 2836 sed
321 2771 472 2849 charitas,
492 2771 578 2835 unde
595 2770 761 2854 glorietur.
780 2821 786 2834 .
807 2821 813 2834 .
834 2822 840 2835 .
883 2773 997 2836 Nonne
1015 2775 1118 2839 multo
1141 2777 1239 2858 magis
1261 2780 1309 2848 est,

242 2871 270 2935 si
292 2870 354 2934 duo
376 2869 458 2934 fiant
479 2891 580 2934 unum
608 2878 732 2947 mente,
763 2873 910 2954 quamsi
932 2893 1028 2936 carne
1057 2897 1158 2938 unum
1186 2873 1309 2940 fierent?

243 2969 278 3034 Si
299 2968 594 3051 participem'facit
616 2969 701 3033 alter
723 2970 863 3033 alterum
886 2972 991 3035 carnis
1014 2993 1100 3051 suae,
1121 2981 1155 3039 11
1176 2981 1310 3038 sanctum

241 3089 311 3132 esse
333 3074 458 3151 potest3
486 3068 680 3150 participem
706 3066 787 3134 facit
813 3069 898 3133 alter
918 3070 1064 3134 alterum
1091 3073 1216 3137 animae
1242 3090 1309 3136 suae

242 3174 276 3232 et
308 3174 456 3232 sanctum
487 3189 553 3231 non
585 3168 656 3232 est?
696 3168 808 3232 Absit!
846 3169 993 3250 „Erunt
1025 3169 1099 3234 duo
1136 3172 1174 3234 in
1206 3189 1309 3236 carue

241 3288 325 3344 uua,
347 3267 642 3331 Sacramentum
663 3266 734 3330 hoc
756 3288 934 3349 magnum
957 3269 1076 3333 estin
1099 3269 1257 3335 Christo
1277 3275 1309 3331 11

240 3364 488 3447 Ecclesia.“2)
537 3366 644 3430 Erunt
674 3365 738 3430 duo
766 3367 801 3428 in
833 3368 929 3431 corde
961 3388 1041 3432 uno:
1076 3369 1307 3434 Sacramentum

239 3462 300 3527 hoc
321 3463 427 3547 majus
454 3462 559 3527 estin
582 3464 650 3529 Deo
681 3471 714 3528 et
735 3466 852 3529 anima.
895 3467 979 3531 Ecce
1007 3489 1071 3550 quo
1092 3476 1197 3550 pacto¹
1212 3491 1244 3532 se
1264 3489 1309 3530 vo·

239 3560 381 3626 luntario
403 3562 574 3644 sponsione
593 3563 797 3646 astringunt,
820 3571 858 3628 ut
880 3565 999 3630 abhinc
1022 3567 1174 3649 deinceps
1195 3587 1310 3648 semper

238 3661 273 3724 in
295 3661 382 3724 omui
404 3661 592 3726 sinceritate
615 3661 807 3740 dilectionis,
819 3662 855 3730 in
873 3665 961 3727 omni
982 3686 1061 3729 cura
1082 3666 1307 3739 sollicitudinis,

133 3763 137 3772 '
189 3751 192 3757 ⁴
238 3759 273 3824 in
295 3760 382 3824 omni
404 3759 526 3824 affectu
546 3761 694 3842 pietatm,
724 3761 757 3825 in
779 3762 867 3825 omni
888 3763 997 3827 studio
1019 3767 1261 3848 compassionis
1281 3764 1309 3826 in

305 3973 325 4039 ¹)
342 3973 383 4027 De
400 3974 431 4028 B.
448 3973 552 4029 Mariae
569 3975 736 4046 virginitate
755 3976 865 4030 libellus
883 3979 1067 4046 epistolarius.
1101 3979 1122 4046 ²)
1139 3978 1211 4047 Eph.
1229 3979 1258 4043 V,
1274 3979 1307 4030 31.
