2718 4556
569 309 629 372 295

76 473 242 557 ,hgnosco,
272 470 430 556 inquit,¹)
460 476 494 534 et
521 470 673 553 angelum
699 469 886 536 Gabrielem
911 470 954 536 ad
974 470 1141 554 Virginem

75 572 201 638 missum.
246 570 311 638 Sed
332 591 433 654 quum
452 569 618 636 benedicit
638 569 743 649 illam,
772 571 860 636 inter
879 570 1046 648 mulieres,
1074 592 1140 636 non

75 671 150 735 inter
162 670 310 754 Virgines
328 669 467 751 deputat
482 668 722 750 „Benedicta
738 675 780 733 tu
798 669 906 734 inter
922 669 1139 734 1111111111.α

76 769 191 833 Sciebat
219 776 253 833 et
275 768 416 851 Angelus
446 767 614 832 mulierem
643 768 742 833 etiam
763 767 931 851 Virginem
958 768 1033 832 dici.
1077 768 1141 834 Sed

75 868 159 932 etad
178 867 258 933 haec
288 866 351 932 duo
373 866 537 950 ingeniose
566 866 699 949 quidam
728 867 932 950 respondisse
958 866 1045 932 visus
1073 875 1138 932 est:

75 967 212 1048 quoniam
241 965 373 1049 quidem
415 966 611 1049 desponsata
648 972 697 1036 est
725 965 844 1044 Maria,
879 966 998 1031 idcirco
1036 974 1069 1031 et
1097 966 1138 1030 ab

74 1065 182 1148 Angelo
224 1073 258 1130 et
298 1066 339 1130 ab
378 1065 534 1148 Apostolo
574 1066 744 1130 mulierem
782 1066 1042 1148 pronuntiatam:
1085 1065 1139 1130 de·

74 1170 213 1245 sponsata
235 1164 321 1228 enim
342 1165 579 1247 quodammodo
601 1166 735 1248 11111.α

126 1261 160 1326 D.
195 1262 426 1346 Hilarius,⁹)
465 1265 763 1347 praestantissimus
802 1263 966 1328 Ecclesiae
1006 1263 1136 1341 Doctor,
1244 1351 1248 1358 ι

73 1359 141 1426 haec
167 1361 284 1426 refert:
318 1362 456 1446 ,igitur,
485 1383 526 1427 ne
555 1384 619 1446 qua
649 1363 688 1426 de
717 1367 816 1444 partu
845 1361 914 1445 ejus
942 1361 1138 1444 ambiguitas

73 1461 229 1540 existeret,
269 1461 340 1545 ipse
372 1461 559 1544 (Josephus)
598 1461 747 1544 concepti
785 1459 824 1524 de
863 1460 988 1542 Spiritu
1025 1466 1137 1525 sancto

73 1557 181 1624 Christi
207 1561 302 1626 testis
328 1560 519 1639 assumitur,
554 1559 669 1624 dehinc
691 1559 839 1642 (Maria),
870 1559 947 1642 quia
976 1559 1137 1641 despon-

72 1664 147 1722 sata
168 1666 246 1738 1111,
269 1659 308 1723 11
331 1659 536 1742 conjugem
556 1658 744 1742 1111111111.α

124 1755 232 1841 Neque
248 1758 345 1822 aliter
360 1759 507 1841 loquitur
523 1758 752 1824 celeberrimus
767 1758 823 1822 ille
840 1757 1138 1840 Hierosolymorum

72 1856 212 1935 antistes,
243 1879 267 1922 s.
291 1857 474 1940 Cyrillus,
483 1858 509 1940 ³)
538 1859 596 1941 qui
623 1858 798 1941 Deiparam
825 1857 1056 1939 desponsatam
1082 1855 1138 1920 Jo-

72 1955 159 2036 sepho
200 1961 328 2021 tantum
361 1956 496 2036 habuit,
530 1979 631 2040 quum
651 1957 795 2040 Angelus
824 1956 991 2038 apparuit:
1024 1954 1138 2036 ,Sicut

72 2054 147 2118 enim
175 2055 232 2120 illa
269 2057 397 2139 (nempe
429 2055 564 2139 Rachel)
602 2062 679 2120 ante
710 2056 917 2138 nuptiarum
936 2055 1136 2120 sanctionem

71 2160 191 2236 propter
212 2155 329 2234 solam,
359 2176 442 2238 quae
474 2155 721 2233 intercesserat,
755 2155 1001 2238 promissionem
1021 2152 1145 2218 Jacobi'

71 2271 142 2316 uxor
173 2253 413 2337 appellabatur,
447 2255 493 2319 sic
525 2260 559 2319 et
587 2253 693 2318 Maria
720 2259 856 2337 propter
888 2251 1136 2336 desponsati-

72 2369 167 2416 onem
187 2374 269 2418 uxor
288 2352 423 2436 Josephi
444 2352 533 2418 dicta
553 2351 648 2418 fuit.“

123 2451 242 2528 Quibus
263 2451 427 2517 addantur
452 2475 476 2518 1.
499 2451 676 2517 Basilius
703 2457 782 2517 ets.
806 2450 1022 2534 Gregorius
1043 2449 1135 2534 Nys-

72 2568 187 2630 senus,
217 2573 356 2634 quorum
384 2550 473 2634 ille4)
503 2551 543 2615 de
570 2550 601 2615 b.
624 2551 773 2634 Virgine:
806 2551 870 2632 ,Et
891 2550 981 2634 virgo
1010 2556 1044 2616 et
1064 2549 1133 2615 tiro

71 2645 306 2732 desponsata,
334 2650 451 2734 inquit,
478 2650 593 2715 habita
615 2657 665 2716 est
686 2650 803 2714 idonea
824 2649 868 2713 ad
888 2649 984 2732 hujus
1006 2648 1134 2730 dispen-

72 2748 191 2814 sationis
228 2749 475 2815 ministerium.“
527 2749 726 2832 Nyssenus5)
764 2770 840 2813 vero
873 2748 1049 2830 Deiparam
1086 2747 1134 2810 ita

72 2843 311 2931 interrogantem
341 2846 484 2912 inducit:
525 2847 692 2926 Quomodo
730 2847 800 2912 sine
831 2847 900 2912 viro
931 2852 1037 2910 mater
1068 2867 1132 2924 ero,

70 2942 231 3028 Josephum
264 2946 349 3011 enim
381 2947 572 3031 Sponsum
610 2948 699 3024 novi,
743 2946 801 3010 sed
831 2946 935 3011 virum
965 2966 1031 3010 non
1062 2966 1135 3029 cog-

71 3045 194 3108 nosco?“

119 3142 304 3209 Plenissime
333 3144 541 3209 consentiunt
568 3165 592 3208 s.
615 3143 914 3225 Hieronymusss)
944 3147 977 3206 et
999 3163 1022 3206 s.
1046 3142 1132 3225 Epi-

70 3240 267 3326 phaniusl)
303 3244 430 3326 ,Quum
449 3243 554 3308 virum
575 3242 726 3321 audieris,
750 3243 846 3308 docet
867 3263 890 3306 1.
909 3241 1131 3325 Hieronymus,

71 3343 194 3423 suspicio
223 3342 285 3408 tibi
313 3364 378 3406 non
406 3342 522 3407 subeat
543 3343 747 3425 nuptiarum,
780 3341 837 3405 sed
858 3341 1029 3406 recordare
1058 3363 1133 3406 con-

70 3441 236 3518 suetudinis
260 3442 527 3524 'Scripturarum,
566 3441 654 3524 quod
685 3441 796 3525 sponsi
833 3441 893 3505 viri
930 3448 964 3506 et
996 3463 1133 3524 sponsae

72 3605 251 3621 *Q—

125 3707 142 3774 ¹)
158 3707 197 3762 De
214 3708 323 3777 Virgin.
340 3708 463 3762 velandis
484 3725 528 3778 cp.
546 3709 594 3764 Vl.
636 3710 656 3775 2)
675 3706 706 3761 11
724 3707 823 3765 Metth.
842 3725 901 3763 can.
920 3710 942 3764 1.
982 3709 1003 3774 ³)
1022 3706 1132 3763 Catech.

70 3782 121 3839 ΧΠ.
157 3791 178 3850 ⁴)
196 3789 227 3843 In
245 3788 319 3845 hum.
338 3789 440 3845 Christi
456 3788 581 3861 generat.
598 3810 625 3846 1.
642 3795 667 3845 3.
707 3793 728 3858 ⁵)
747 3792 822 3848 Cret.
838 3793 866 3847 in
885 3792 930 3846 die
949 3797 1005 3846 not.
1022 3791 1132 3846 Christi.

69 3866 276 4008 {lxlixdwvlprbctss
293 3872 393 3927 Virum
417 3873 537 3941 Mariae,
563 3875 598 3930 de
623 3892 676 3944 qua
701 3879 781 3930 natus
805 3882 849 3931 est
872 3876 962 3930 Jesus.
1004 3877 1024 3941 ⁷)
1050 3874 1133 3930 Haec.

57 3999 58 4002 ,
216 3973 243 4009 n.
277 3993 284 4007 .
