2728 4554
524 387 584 446 447

36 561 96 604 1111
116 543 314 634 contrarium
335 551 525 624 asserentes,
548 546 578 610 b.
596 545 762 630 Virginem
782 549 1002 632 virginitatem
1020 554 1089 620 Deo

35 639 156 704 dicatam
177 639 278 706 fnisse
301 643 488 708 electuram.

82 785 107 828 a.
143 764 296 830 Prioris
328 766 510 830 sententiae
541 767 672 850 patroni
701 768 785 833 hanc
818 791 856 835 eo
887 772 1092 854 potissimum

33 861 220 930 demonstare
242 887 281 930 ao
302 887 509 948 propugnare
531 873 698 945 conantur,
722 868 810 951 quod
831 869 950 950 dicant,

83 1009 108 1046 a.
139 981 361 1046 beatissimam
382 980 547 1062 Virginem
574 981 695 1046 bonum
723 983 839 1048 melius
868 991 902 1050 11
926 995 1094 1068 praestan-

32 1079 84 1144 tius
103 1081 187 1146 bono
216 1079 334 1144 minori
356 1078 522 1161 praeferre
552 1079 720 1160 debuisse;
752 1083 997 1149 maternitatem
1017 1108 1093 1152 vero

31 1176 155 1243 divinam
182 1177 305 1242 bonum
337 1198 406 1241 esse
439 1177 568 1242 omnino
596 1180 816 1260 praestantius
845 1180 931 1246 bono
962 1184 1092 1267 virgini-

29 1278 107 1357 tatis,
135 1278 257 1362 quippe
286 1297 370 1360 quae
399 1274 441 1340 ad
470 1275 615 1339 ordinem
644 1276 772 1341 unionis
800 1279 966 1361 pertineat
992 1282 1093 1366 hypo·
1134 1297 1136 1302 ’

30 1377 160 1442 statione.

78 1483 104 1557 β.
136 1477 173 1542 Β.
189 1474 355 1557 Virginem
372 1471 522 1537 debuisse
538 1471 704 1554 praeferre
723 1494 797 1538 eum
816 1481 952 1556 statum,
975 1477 1009 1541 in
1028 1500 1092 1562 quo
1145 1502 1147 1506 ·

28 1573 119 1639 Deum
147 1573 316 1639 ardentius
345 1570 511 1654 diligeret,
541 1592 642 1653 quum
669 1572 789 1637 caritas
817 1575 861 1639 sit
881 1575 1093 1657 perfectionis

26 1695 173 1739 mensura.
217 1672 399 1750 Quaenam,
428 1671 647 1752 interrogant,
676 1671 806 1737 institui
831 1674 978 1754 potuerit
1007 1693 1092 1738 11111-

25 1774 139 1853 paratio
170 1772 257 1836 inter
285 1770 474 1848 caritatem,
504 1790 569 1851 qua
597 1769 830 1852 gloriosissima
858 1771 941 1835 coeli
969 1774 1091 1856 regina,

24 1877 127 1953 utpote
149 1877 255 1936 mater
273 1869 343 1946 Dei,
363 1889 448 1932 nunc
469 1866 586 1950 flagrat
608 1873 642 1932 11
663 1869 843 1948 caritatem,
865 1891 929 1954 qua
950 1871 1096 1950 arderet,

24 1969 46 2031 si
69 1970 298 2052 Virginitatem
326 1973 547 2031 conservasset
574 1966 749 2046 illibatam,
780 1968 857 2052 quin
886 1967 1000 2034 Matris
1030 1970 1092 2034 Dei

29 2067 140 2151 adepta
160 2066 262 2132 fuerit
283 2065 498 2148 dignitatem?
903 2089 905 2092 ·

74 2193 103 2257 b.
135 2192 197 2269 Qui
219 2190 386 2255 alteram
413 2193 595 2271 sequuntur
615 2190 831 2272 sententiam,
844 2212 867 2255 s.
892 2191 1093 2274 Scripturam

22 2291 186 2373 praecipue
208 2287 384 2371 appellant.
420 2286 525 2364 Quum
547 2286 633 2350 enim
651 2286 785 2352 Gabriel
803 2288 945 2372 Angelus
963 2291 1092 2356 nomine

22 2387 75 2454 Dei
101 2391 132 2454 b.
154 2387 281 2471 Virgini
302 2385 552 2464 annuntiaverit,
581 2385 686 2467 ipsam
715 2395 946 2471 concepturam
966 2390 1092 2472 paritu-

21 2507 146 2572 ramque
165 2485 325 2560 Altissimi
340 2484 459 2549 Filium
486 2505 523 2549 ac
544 2490 683 2548 matrem
709 2484 779 2550 fore
807 2487 908 2570 ipsius
931 2487 1001 2566 Dei,
1024 2494 1092 2552 tnr-

21 2583 91 2651 bata
122 2584 350 2667 interrogauit:
390 2581 608 2665 ,Quomodo
641 2581 717 2648 fiet
749 2583 873 2664 istud,
906 2586 1091 2669 quoniam

20 2685 138 2749 uirum
164 2706 241 2750 non
270 2682 505 2765 1111111111(ί
518 2683 542 2763 ¹)

74 2773 154 2848 Non*
174 2803 267 2865 ergo,
300 2781 412 2846 dicunt
440 2780 506 2858 illi,
536 2785 604 2845 tam
633 2779 806 2845 excellenti
834 2781 989 2864 dignitati
1018 2783 1092 2847 sub-

18 2883 153 2948 scribere
181 2903 241 2946 nec
273 2880 406 2946 coelesti
434 2880 548 2944 nuntio
580 2879 684 2945 voluit
711 2880 868 2964 praebere
901 2901 1093 2946 consensum

17 2981 117 3060 prius,
148 3001 245 3065 quam
273 2979 394 3044 certior
414 2979 504 3044 faeta
526 2986 626 3057 11111,
657 2979 786 3062 integra
813 2999 872 3066 sua
892 2980 1091 3063 uirginitate,

17 3079 100 3144 saluo
128 3077 323 3161 uirginitatis
351 3084 427 3143 uoto
460 3078 494 3141 id
523 3099 592 3144 esse
621 3077 778 3142 futurum.
828 3079 880 3142 lta
907 3078 1091 3160 praecitato

16 3197 37 3239 s.
66 3176 292 3259 Euangelistae
323 3175 424 3242 uerba
455 3177 691 3261 interpretatus
724 3183 775 3242 est
806 3199 830 3241 s.
861 3176 1092 3260 Gregorius

15 3273 231 3357 Nyssenus.
285 3274 409 3358 „nuda
447 3275 569 3358 inquit,
607 3275 759 3358 pudicam
787 3274 929 3358 Virginis
965 3296 1092 3341 vocem:

15 3373 153 3459 Angelus
180 3379 313 3457 partum
340 3374 487 3454 nuntiat;
519 3380 556 3439 at
581 3374 639 3438 illa
670 3372 850 3456 virginitati
876 3372 1027 3438 inhaeret
1059 3379 1093 3439 11

14 3472 235 3556 integritatem
262 3472 427 3556 angelicae
456 3473 728 3539 demonstrationi
755 3473 1017 3556 anteponendam
1040 3473 1092 3556 ju-

14 3571 131 3638 dicat.“
164 3573 329 3638 Consonat
352 3571 382 3636 d.
403 3573 640 3638 Bernardus.
679 3572 868 3655 „Immobile
889 3573 1093 3655 propositum

14 3671 216 3753 uirginitatis,
239 3671 363 3750 scribit,
373 3673 399 3756 2)
422 3673 510 3756 quod
529 3694 590 3737 1111
611 3670 734 3754 Angelo
755 3671 859 3736 filium
879 3673 1092 3754 promittente

13 3769 218 3854 aliquatenus
239 3771 404 3844 titubavit.
449 3772 669 3855 ,Quomodo
695 3771 773 3836 t'iet
799 3770 947 3836 istud?“
978 3769 1093 3852 Neque

81 4020 99 4089 ¹)
115 3985 182 4078 Luc.
198 4020 221 4087 l,
237 4023 277 4078 34.
312 4022 334 4089 ²)
353 4020 395 4076 De
412 4020 609 4089 Assumptione
626 4017 700 4074 hom.
720 4019 745 4073 4.
