2730 4564
755 363 814 421 lm

265 591 266 594 ,
303 522 378 588 Jam
409 543 485 586 vero
515 521 702 602 nullatenus
732 543 813 604 opus
843 528 927 600 erat,
961 527 999 585 ut
1026 542 1065 585 ex
1096 544 1200 606 usque
1227 524 1310 588 modo

242 621 418 704 disputatis
439 626 590 703 apparet,
620 620 681 685 tali
710 620 843 703 speciali
870 619 1076 685 revelatione.
1119 621 1230 686 Etiam
1251 621 1310 686 abs·
1363 665 1364 674 ¹

243 740 306 803 que
336 741 375 784 ea
394 719 605 784 beatissimae
625 720 753 803 Virgini
774 719 883 798 licuit,
912 719 1099 784 absolutum
1118 719 1240 785 habere
1261 722 1310 784 vir-

242 819 390 903 ginitatis
417 819 593 884 servandae
614 819 818 901 propositum
838 819 964 901 hocque
989 817 1105 882 melius
1134 825 1214 883 erat.
1257 821 1310 883 An·

243 917 386 995 diamus,
420 916 581 1000 quomodo
612 916 816 981 doctissimus
846 917 991 982 Suarez
1023 924 1279 999 argumentetur:
1293 918 1309 999 ¹)
1362 990 1363 995 η

243 1017 415 1100 „Quamvis
436 1009 583 1080 fortasse
604 1016 638 1079 in
666 1022 756 1081 statu
784 1016 931 1099 integrae
956 1021 1093 1080 naturae
1120 1022 1226 1082 status
1248 1039 1310 1082 oon·
1363 1007 1364 1012 ¹

242 1114 402 1181 tinentiae
429 1137 494 1179 non
527 1121 613 1180 esset
640 1114 769 1193 melior,
803 1115 880 1198 quia
907 1121 986 1179 tuno
1019 1114 1164 1179 actiones
1197 1117 1249 1198 (ut
1271 1117 1310 1179 ita

243 1215 363 1296 dicam)
393 1214 548 1278 animales
580 1220 614 1278 et
647 1234 747 1278 onera
777 1213 977 1278 matrimonii
1009 1220 1044 1278 et
1073 1211 1216 1278 fihorum
1242 1212 1311 1278 nihil

243 1313 417 1397 impediret
444 1313 579 1396 spiritus
607 1312 856 1395 perfectionem,
889 1319 928 1378 ut
957 1313 1059 1377 sensit
1086 1333 1109 1376 s.
1139 1313 1283 1392 Thomas,
1292 1313 1310 1394 ²)
1359 1346 1362 1365 ι

125 1445 127 1449 ⁴
242 1419 353 1478 tamen
389 1413 423 1476 in
455 1417 546 1477 statu
582 1417 720 1476 naturae
757 1410 868 1499 lapsae
903 1412 1072 1494 virginitas
1110 1419 1160 1478 est
1195 1435 1234 1477 ex
1261 1421 1310 1476 sno

243 1533 362 1596 genere
393 1511 509 1576 melior
546 1516 580 1575 et
615 1509 826 1592 appetibilior
863 1509 1040 1574 secundum
1070 1510 1240 1575 honestam
1267 1533 1311 1575 ra·

242 1612 381 1690 tionem,
412 1610 489 1694 quia
509 1609 613 1692 magis
635 1607 798 1673 abstrahit
819 1607 983 1672 hominem
1004 1630 1024 1673 a
1045 1609 1195 1674 sensibili
1215 1613 1311 1674 amore

243 1717 277 1775 et
298 1709 473 1774 dilectione
502 1715 536 1773 et
557 1729 577 1772 a
598 1709 737 1772 terrenis
765 1707 851 1772 curis
873 1714 908 1772 et
928 1707 1218 1774 sollicitudinibus:
1247 1730 1311 1792 ergo

243 1809 343 1874 etiam
364 1807 398 1871 in
418 1807 490 1890 lege
511 1807 622 1885 veteri,
646 1828 746 1889 quum
766 1827 832 1870 non
858 1812 944 1871 esset
965 1809 1115 1889 specialis
1137 1809 1311 1892 prohibitio,

242 1908 304 1972 hoo
327 1914 399 1972 erat
420 1927 460 1970 ex
486 1926 544 1969 suo
572 1924 690 1987 genere
711 1903 827 1968 melius
854 1910 888 1969 et
907 1905 1099 1985 consultius,
1130 1909 1312 1990 praesertim

242 2012 318 2090 post
337 2005 425 2070 illius
446 2003 561 2087 populi
581 2001 793 2068 sufficientem
813 2005 1095 2086 propagationem:
1125 2027 1203 2089 ergo
1225 2007 1312 2071 etiam

242 2106 277 2170 in
304 2105 335 2169 b.
357 2103 491 2186 Virgine
518 2101 581 2166 hoc
611 2101 675 2166 fuit
703 2101 819 2166 melius
848 2108 881 2167 et
906 2101 1092 2184 perfectius.
1136 2105 1210 2169 Non
1237 2105 1312 2170 enim

243 2203 353 2282 refert,
377 2201 464 2286 quod
485 2201 557 2283 ipsa
581 2207 652 2265 erat
672 2200 774 2265 veluti
794 2201 828 2264 in
851 2207 941 2266 statu
962 2208 1098 2266 naturae
1120 2203 1265 2286 integrae
1285 2208 1312 2266 et

242 2303 316 2368 ideo
339 2302 462 2384 absque
490 2299 722 2384 impedimento
750 2299 884 2383 spiritus
910 2299 1040 2368 videtur
1060 2301 1207 2383 potuisse
1227 2322 1311 2384 gene-

242 2402 364 2468 rationi
397 2400 521 2466 carnali
555 2399 757 2479 incumbere,
794 2399 856 2464 hoc
889 2421 954 2464 non
986 2400 1112 2479 obstat,
1152 2402 1312 2483 quominus

243 2501 359 2566 melius
399 2500 430 2564 ei
465 2498 567 2563 fuerit
602 2498 822 2581 virginitatem
860 2519 1003 2578 servare,
1041 2505 1112 2563 tum
1150 2501 1228 2582 quia
1259 2500 1311 2564 hoc

243 2623 283 2666 ex
315 2620 349 2665 se
381 2606 416 2664 et
448 2619 488 2663 ex
519 2597 647 2680 objecto
677 2618 735 2661 suo
768 2603 818 2662 est
847 2597 976 2677 melino,
1010 2597 1157 2680 quamvis
1184 2597 1311 2664 fortasse

242 2699 369 2782 Virgini
393 2703 530 2780 propter
555 2695 696 2779 speciale
724 2695 882 2760 auxilium
908 2697 1032 2780 gratiae
1061 2717 1126 2760 non
1157 2703 1242 2762 esset
1265 2716 1312 2760 ne·

243 2796 450 2862 cessarium.“

182 2955 185 2960 ·
306 2927 518 2994 Sanctissima
532 2925 631 3008 Virgo
654 2923 844 2989 sublimiora
862 2946 989 3008 semper
1009 2927 1157 3010 cogitans
1175 2949 1195 2992 a
1211 2926 1313 3011 primis

243 3025 403 3092 infantiae
421 3025 514 3090 annis
532 3024 719 3090 absolutum
740 3045 816 3106 ergo
833 3024 950 3090 habuit
967 3027 1180 3109 propositum,
1199 3027 1313 3092 nullum

244 3146 399 3209 umquam
429 3125 534 3189 virum
565 3123 780 3207 cognoscendi
810 3122 988 3209 floremque
1019 3125 1215 3207 virginitatis
1244 3142 1313 3189 suae

243 3224 497 3308 pulcherrimum
529 3224 597 3288 Deo
636 3223 856 3288 consecrandi.
909 3220 977 3289 Nec
1008 3224 1142 3288 mirum!
1181 3224 1314 3290 Verbum

244 3323 331 3388 enim
358 3322 440 3386 illud
461 3322 524 3386 Dei
552 3329 722 3387 aeternum
750 3328 784 3386 et
813 3321 924 3386 efficax
950 3323 1042 3405 prius
1072 3323 1141 3406 ejus
1168 3324 1232 3389 fuit
1254 3343 1314 3386 ma-

242 3421 353 3504 gister,
375 3441 472 3504 quam
489 3419 599 3500 Filius,
621 3421 711 3504 prius
733 3428 876 3486 mentem
897 3422 966 3504 ejus
987 3422 1151 3501 instruxit,
1172 3443 1263 3506 quam
1284 3440 1314 3483 se

245 3521 314 3603 ejus
337 3541 435 3584 carne
457 3521 595 3584 vestivit.

247 3671 443 3682 ...n——

210 3769 211 3772 ’
310 3750 1314 3824 ίΗηΜψΛωᾸὴῳΗἩψαᾸῆὥψῨᾙῆὴμᾳ

242 3833 532 3916 mwma2m2
908 3853 909 3856 ¹
