2728 4560
746 329 807 390 254

233 491 429 560 sententiam
452 488 646 572 conspirare,
670 495 703 554 et
725 511 835 556 omnes
850 497 985 556 sanctos
1004 491 1118 558 Patres
1137 492 1213 559 bene
1229 516 1288 576 per-

233 613 351 677 pensos
372 590 459 654 idem
481 588 619 654 dicere.“

729 782 762 865 1.
784 777 817 846 a.

237 933 532 1000 Matrimonium
559 932 818 999 beatissimae
845 933 1023 1016 Virginis
1051 940 1090 999 et
1118 957 1141 998 1.
1167 934 1290 1017 Joseph

263 1045 265 1052 ‘
651 1031 731 1096 fuit
757 1032 904 1101 licitum.

231 1177 232 1182 ’
299 1180 529 1246 Beatissimam
549 1179 715 1263 Virginem
743 1181 856 1245 statim
877 1202 897 1244 a
917 1181 1095 1245 tenerrima
1123 1187 1226 1246 aetate
1243 1181 1292 1244 rir-

238 1280 385 1364 ginitatis
412 1285 524 1344 votum
553 1279 712 1357 emisisse,
738 1280 807 1362 jam
833 1278 937 1344 fusius
966 1280 1186 1362 exposuimus3
1212 1301 1232 1344 1.
1250 1281 1292 1344 Jo

238 1379 319 1461 seph
347 1379 462 1443 eodem
490 1397 559 1442 sese
586 1377 776 1442 astrinxisse
804 1384 893 1456 voto,
923 1376 1009 1442 infra
1030 1378 1293 1444 demonstrabitur.

237 1478 276 1541 In
296 1477 357 1542 tali
373 1483 448 1542 voto
466 1477 683 1560 nuncupando
702 1477 896 1542 saorifioium
914 1479 1059 1561 oorporis
1078 1479 1147 1544 Deo
1166 1479 1293 1557 offertur

237 1577 271 1640 in
298 1575 505 1641 matrimonio
535 1575 754 1640 contrahendo
785 1575 868 1640 duae
896 1597 1055 1659 personae
1090 1577 1153 1642 sibi
1180 1579 1294 1643 invicem

238 1697 411 1758 oorporum
432 1674 568 1740 tradunt
588 1681 795 1758 potestatem.

302 1776 335 1840 Si
357 1797 431 1858 ergo
461 1797 485 1840 1.
508 1775 651 1857 Deipara
673 1795 790 1856 eorpus
812 1795 907 1838 suum
927 1773 969 1837 ab
991 1773 1131 1841 infantia
1152 1777 1218 1841 Deo
1239 1796 1295 1840 oon-

238 1875 377 1939 seoravit
394 1881 469 1940 voto
488 1874 693 1956 virginitatis,
714 1872 873 1956 quomodo
891 1872 979 1936 idem
996 1895 1114 1957 oo1pus
1136 1897 1160 1940 1.
1176 1875 1295 1958 Josepho

238 1973 369 2038 tradere
396 1973 526 2056 potuit?
559 1974 593 2039 si
621 1972 679 2037 1111
707 1972 775 2036 Deo
803 1973 837 2034 in
858 1971 1058 2036 ‘sacrificium
1086 1995 1159 2039 sese
1187 1974 1295 2050 obtulit,

237 2073 394 2155 numquid
427 2074 466 2138 de
498 2074 560 2138 1111
597 2073 711 2138 eadem
745 2071 877 2136 viotima
914 2071 948 2134 in
978 2072 1118 2138 hominis
1151 2074 1298 2158 cujusdam

237 2170 382 2236 favorem
424 2173 595 2255 disponere
637 2171 761 2236 valuit?
809 2169 923 2234 Nonne
962 2172 1208 2253 promissionem
1243 2172 1297 2236 Deo

238 2268 360 2334 factam
387 2271 526 2354 pedibus
555 2271 649 2354 quasi
677 2267 873 2335 conterendo
901 2269 1047 2349 violavit,
1078 2292 1179 2354 quum
1205 2269 1299 2336 matri·

238 2370 383 2433 monium
403 2371 550 2452 personis
572 2371 641 2434 Deo
664 2369 781 2434 dioatis
802 2368 1003 2451 prohibitum
1024 2369 1157 2435 inierit?

300 2467 479 2533 Audiamus
490 2468 582 2552 ‚illud
609 2469 639 2532 d.
661 2469 849 2550 Hieronymi
869 2467 930 2531 hao
960 2467 1000 2531 de
1026 2488 1062 2530 re
1084 2470 1135 2534 uti
1155 2467 1299 2534 Ecclesiae

238 2565 509 2632 considerandum
548 2567 731 2632 oraoulum:
773 2565 992 2648 ,Vorentibus
1032 2567 1229 2646 uastitatem,
1262 2565 1299 2628 in·

239 2664 322 2754 quit,
334 2665 358 2746 1)
388 2687 453 2730 non
482 2666 588 2730 solum
615 2665 754 2743 nubere,
784 2664 841 2728 sed
863 2663 962 2728 etiam
983 2663 1065 2729 velle
1085 2666 1209 2730 nubere
1229 2665 1300 2728 darn·

238 2764 347 2828 nubile
370 2767 449 2830 111.α
485 2766 619 2830 Femina
641 2787 725 2848 ergo,
746 2785 828 2847 quae
851 2763 919 2828 viro
940 2762 1038 2828 fidem
1056 2763 1187 2846 jurarit,
1206 2760 1300 2846 nequit

239 2884 309 2927 sese
342 2863 438 2928 alteri
471 2865 565 2944 dare,
600 2865 678 2947 quin
708 2862 768 2928 fiat
800 2863 959 2928 adultera.
1008 2861 1122 2928 Nonne
1153 2862 1221 2928 filia
1247 2861 1300 2936 illa,

239 2983 322 3045 quae
358 2969 432 3028 voto
463 2963 660 3046 virginitatis
693 2963 761 3027 Deo
797 2968 986 3026 consecrata
1018 2983 1090 3026 oum
1122 2962 1247 3027 homine
1273 2977 1300 3022 se

239 3061 433 3144 conjungere
454 3063 562 3142 audet,
586 3061 765 3145 spiritualis
787 3082 844 3125 rea
865 3061 928 3126 erit
949 3060 1126 3125 adulterii?

300 3158 387 3224 Num
413 3161 617 3226 sanctissima
636 3161 751 3243 Virgo,
782 3181 866 3243 quae
894 3180 1022 3242 semper
1047 3161 1149 3225 vitam
1170 3159 1211 3225 ab
1230 3154 1301 3224 omni

239 3280 372 3341 prorsus
393 3259 467 3324 labe
488 3260 662 3325 immunem
680 3259 782 3337 duxit,
802 3258 869 3322 tale
891 3259 1013 3322 orimen
1034 3259 1236 3324 committere
1250 3274 1301 3320 non

240 3358 443 3423 erubuisset?
464 3359 567 3438 Absit,
585 3358 699 3441 procul
716 3357 811 3436 absit,
830 3364 898 3423 tam
916 3358 1071 3445 injuriose
1090 3358 1130 3422 de
1147 3355 1302 3440 purissima

241 3456 417 3522 Salvatoris
439 3465 558 3537 matre,
588 3479 654 3522 non
675 3458 823 3540 inquam,
853 3456 958 3539 loqui,
993 3457 1051 3521 sed
1069 3457 1138 3538 jam
1158 3447 1300 3537 cogitare!

239 3555 420 3621 Axiomatis
438 3558 640 3621 meminimus
661 3579 680 3621 a
701 3578 725 3621 1.
745 3556 924 3638 Augustino
934 3557 960 3638 2)
982 3556 1016 3619 in
1034 3554 1178 3619 favorem
1200 3577 1222 3619 1.
1244 3547 1301 3616 Dei·

239 3675 338 3736 parae
360 3657 535 3738 propositi:
570 3657 736 3740 ,Excepta
756 3655 889 3737 Virgine
910 3654 1029 3732 Maria,
1059 3653 1099 3718 de
1121 3676 1200 3738 qua,
1229 3647 1301 3717 side

239 3760 374 3836 peccato
396 3755 518 3839 agitur,
540 3763 676 3839 propter
695 3756 852 3850 honorem
874 3754 1017 3833 Domini,
1045 3752 1169 3818 nullam
1188 3768 1301 3835 prorsus

307 3970 326 4036 ²)
345 3971 377 4024 In
391 3971 544 4026 comment.
561 3988 643 4040 super
656 3974 669 4024 1
684 3971 754 4025 Tim.
772 3987 815 4039 op.
830 3969 863 4024 V.
897 3970 918 4038 ²)
936 3968 997 4023 Lib.
1011 3968 1045 4023 de
1061 3973 1162 4024 natura
1178 3970 1205 4021 et
1218 3958 1301 4034 gratis.
