2730 4564
549 369 606 427 115

47 549 129 610 quem
156 528 306 593 creditur
332 527 448 592 fecisse
481 526 522 592 de
553 527 710 613 pulvere?
748 527 782 593 Si
811 528 1067 612 Omnipotentis,
1097 555 1116 600 o

46 625 135 706 horno,
157 626 220 692 tali
241 626 276 690 in
295 627 428 710 negotio
451 646 521 690 esse
541 626 700 709 perspicis
721 625 932 708 uoluntatem,
956 629 996 695 de
1018 652 1117 714 opere

47 747 93 790 111
110 725 311 791 retractas?“
332 726 383 790 Ex
404 725 586 790 dormiente
604 724 729 790 Adamo
748 725 824 804 Eva,
847 727 936 810 virgo
958 730 1115 812 perfecta,

46 825 166 906 prodiit,
197 847 258 889 cur
281 845 322 888 ex
341 823 372 888 b.
395 823 530 906 Virgine
558 844 625 888 non
647 823 758 906 potuit
788 823 922 888 formari
944 826 1116 894 Christus?

46 923 190 988 Probatur
212 923 317 988 thesis
337 929 450 987 nostra

94 1027 119 1087 3.
151 1043 192 1088 ex
225 1021 473 1086 rationibus
505 1043 525 1086 a
557 1043 581 1085 s.
613 1019 764 1084 Thomu
795 1021 961 1105 allatis21)
1001 1025 1117 1106 „Quod

47 1122 178 1187 Christus
200 1127 379 1203 conceptus
402 1121 445 1186 sit
467 1142 507 1185 ex
528 1120 661 1202 virgine,
684 1121 879 1185 conveniens
900 1128 950 1186 est

93 1244 118 1286 a.
149 1227 290 1305 propter
318 1219 523 1284 mittentis
552 1218 688 1284 Patris
717 1217 959 1302 dignitatem
988 1243 1116 1288 conser-

45 1321 174 1384 vandam.
221 1319 330 1397 Quum
351 1318 436 1382 enim
458 1317 607 1382 Christus
628 1317 673 1382 sit
694 1338 789 1382 verus
819 1324 853 1382 et
872 1320 1033 1386 naturalis
1054 1322 1117 1388 Dei

44 1417 129 1484 Filius
149 1440 218 1484 non
246 1417 312 1482 fuit
339 1418 546 1496 conveniam,
578 1415 666 1499 quod
695 1416 796 1481 alium
817 1416 948 1482 Patrem
968 1419 1115 1500 haberet,

46 1538 127 1598 quam
157 1519 285 1596 Deum,
325 1537 367 1580 ne
398 1516 540 1598 dignitas
573 1515 636 1580 Dei
666 1515 773 1580 Patris
805 1515 1042 1582 transferretur
1073 1519 1117 1584 ad

45 1615 157 1680 alium“
211 1615 308 1699 ,Non
339 1614 464 1693 decuit,
497 1615 605 1698 inquit
634 1614 929 1697 Lactantius,²)
962 1623 1000 1681 ut
1028 1616 1115 1684 idem

44 1713 115 1778 filius
135 1716 219 1781 duos
238 1714 378 1779 haberet
395 1719 516 1796 patres,
535 1720 707 1778 aeternum
728 1734 829 1778 unum
851 1719 885 1778 et
903 1716 1116 1798 temporalem

45 1813 183 1894 alterum,
218 1813 278 1879 sed
300 1814 385 1878 sicut
406 1812 530 1878 nullam
553 1820 692 1877 matrem
713 1813 830 1878 habuit
850 1815 885 1878 in
906 1814 1012 1895 coelo,
1036 1839 1116 1900 qua·

46 1919 124 1977 tenus
144 1913 253 1990 Deua,
283 1912 332 1976 ita
359 1910 486 1975 nullum
507 1911 639 1976 Patrem
667 1911 820 1977 interris
841 1912 962 1978 habere
990 1914 1113 1995 debuit,

46 2019 190 2093 quatenus
211 2011 342 2075 homo.“
960 2093 962 2100 Ι

59 2193 61 2196 ¹
93 2111 120 2174 b.
152 2109 378 2194 ,Conveniens
398 2108 464 2172 fuit
493 2109 743 2191 proprietati
769 2109 897 2192 ipsius
923 2112 1027 2191 Filii,
1050 2104 1115 2196 'qui

47 2209 187 2289 mittitur,
220 2209 279 2292 qui
306 2208 438 2292 quidem
467 2215 517 2272 est
542 2207 689 2273 Verbum
716 2209 786 2273 Dei.
830 2211 976 2278 Verbum
1004 2220 1115 2278 autem

47 2309 150 2393 absque
171 2309 265 2376 omni
286 2308 493 2391 corruptione
515 2308 622 2373 cordis
646 2308 838 2391 concipitur,
858 2311 937 2394 quin
958 2311 1023 2376 imo
1044 2334 1115 2377 cor·

48 2407 84 2473 dis
111 2409 279 2492 corruptio
311 2408 450 2492 perfecti
481 2408 572 2472 verbi
604 2409 850 2491 conceptionem
881 2433 946 2475 non
977 2413 1112 2494 patitur.

48 2507 113 2584 Quia
133 2532 209 2593 ergo
242 2530 318 2572 caro
340 2509 386 2572 sic
413 2507 478 2574 fuit
499 2505 527 2573 a'
540 2497 649 2573 Verbo
672 2508 735 2573 Dei
755 2516 938 2592 assumpta,
969 2517 1008 2574 ut
1028 2518 1115 2576 esset

48 2614 73 2670 et
89 2631 157 2674 caro
177 2607 283 2674 Verbi
304 2607 380 2685 Dei,
404 2607 596 2671 conveniens
619 2606 698 2686 fuit,
721 2607 809 2690 quod
831 2609 930 2672 etiam
953 2609 1023 2691 ipsa
1044 2611 1114 2675 sine

47 2709 239 2791 eunuptione
272 2707 386 2770 matris
419 2706 675 2788 conciperetur.“
725 2705 820 2771 Unde
852 2708 887 2771 in
919 2707 1113 2773 Concilio

47 2805 243 2888 Ephesino
282 2805 419 2870 dicitur:
462 2805 595 2889 ,Neque
635 2812 784 2870 nostrum
823 2807 972 2885 verbum,
1013 2830 1113 2891 quum

46 2905 169 2986 paritur,
204 2905 387 2987 corrumpit
415 2910 574 2983 mentem3
607 2925 713 2987 neque
743 2904 831 2969 Deus
860 2905 1005 2971 Verbum
1039 2906 1114 2970 sub-

48 3006 216 3070 stantialem
237 3010 366 3086 partem
388 3003 510 3085 eligens
530 3003 670 3086 peremit
691 3003 942 3085 virginitatem.“

94 3126 117 3167 e.
148 3104 374 3188 ,Conveniens
400 3102 465 3168 fuit
492 3109 665 3186 praeterea
693 3110 829 3185 propter
855 3104 962 3186 ipsum
989 3103 1113 3169 finem

48 3198 332 3268 lucarnationis
361 3202 498 3280 Christi,
528 3223 612 3285 quae
633 3201 682 3266 'ad
711 3202 772 3267 hoo
800 3202 878 3283 fuit,
908 3209 946 3268 ut
965 3203 1113 3269 homines

48 3309 243 3367 nascerentur
268 3302 303 3364 in
329 3300 413 3366 filios
437 3301 499 3366 Dei
519 3322 585 3365 non
614 3323 654 3366 ex
682 3301 851 3367 voluntate
878 3303 984 3367 carnis
1006 3324 1112 3386 neque

22 3395 23 3402 '
49 3417 79 3460 ex
94 3402 260 3467 voluntate
281 3399 350 3480 viri,
373 3399 431 3464 sed
454 3400 579 3464 exDeo
601 3400 621 3463 i.
645 3421 671 3464 e.
694 3399 767 3483 ipsa
785 3401 847 3465 Dei
866 3401 998 3480 virtute,
1021 3401 1113 3484 cujus

49 3499 86 3561 rei
103 3501 266 3585 exemplar
286 3521 445 3585 apparere
467 3499 583 3564 debuit
599 3499 634 3563 in
655 3500 727 3584 ipsa
750 3500 962 3583 conceptione
980 3500 1111 3566 Christi.

49 3593 124 3664 Unde
143 3623 167 3666 s.
190 3599 441 3684 Augustinus
462 3598 594 3681 dicit:³)
617 3599 820 3682 ,Oportebat
842 3605 943 3682 caput
964 3607 1112 3666 nostrum

48 3693 147 3781 insigni
166 3700 326 3764 miraculo
349 3699 527 3764 secundum
549 3719 680 3762 earnem
701 3700 793 3764 nasei
814 3698 854 3764 111
876 3699 1024 3781 Virgine,
1048 3721 1112 3783 quo

64 4010 69 4021 ·
101 3932 119 3997 ¹)
134 3931 183 3998 111,
206 3951 234 4002 p.
256 3951 283 4003 q.
301 3930 430 4000 xxvm,
448 3949 473 3989 a.
490 3937 513 3988 1.
555 3931 796 4000 ullusulius.
837 3933 858 4000 ³)
876 3932 917 3987 De
938 3936 1034 3988 sancta
1050 3932 1111 3988 Vir-

49 4013 112 4078 onie
127 4032 168 4087 cp.
186 4021 212 4074 6.
911 4097 943 4152 8*
