2728 4560
551 343 608 402 211

60 508 172 566 exstant
184 501 404 585 pulcherrima
420 501 568 584 exempla
585 503 766 586 conjugum,
780 505 836 587 qui
851 507 1071 590 virginitatem
1086 513 1121 576 in

59 602 249 666 matrimonio
273 621 441 665 servavere
463 601 633 681 illibatam,
656 608 694 666 ut
714 602 850 668 inferius
872 607 1060 673 videbimus.

107 707 131 764 4.
161 701 271 765 Etiam
298 701 455 764 ratione
478 699 634 764 facillime
656 701 872 768 demonstrari
893 714 1004 789 potest
1025 710 1122 793 hujus

59 801 223 864 sententiae
245 800 374 863 veritas.

109 921 134 962 a.
165 899 251 963 Usus
281 899 366 961 enim
394 904 428 962 et
456 899 604 979 operatio
636 900 685 963 rei
713 921 778 964 non
806 908 883 966 sunt
911 903 951 967 de
981 908 1123 972 essentia

60 999 109 1077 rei;
136 998 194 1062 sed
214 997 354 1062 camelis
377 997 562 1060 commixtio
591 1005 641 1061 est
662 1019 739 1062 usus
761 1019 818 1062 seu
841 1003 988 1082 operatio
1011 1007 1124 1070 matri-

60 1099 159 1178 monii,
192 1119 268 1180 ergo
297 1118 363 1160 non
389 1096 432 1160 de
460 1095 548 1160 illius
578 1097 726 1161 essentia.
769 1098 875 1180 Major
896 1100 1055 1182 probatur
1084 1126 1124 1168 ex

61 1217 103 1275 co,
132 1197 218 1280 quod
247 1195 410 1278 operatio,
445 1217 544 1278 quum
577 1194 777 1277 significetur
810 1204 848 1261 ut
880 1201 1048 1281 egrediens
1080 1204 1122 1268 ab

61 1303 215 1377 operante,
257 1294 423 1377 operantis
463 1295 638 1357 essentiam
672 1294 740 1376 jam
779 1297 992 1363 constitutam
1029 1323 1123 1383 prae-

60 1395 212 1476 supponit,
252 1399 290 1458 ut
321 1400 415 1476 patet
447 1393 480 1456 in
512 1399 603 1457 motu
636 1393 786 1458 deorsum
818 1395 937 1478 lapidis
968 1421 1124 1485 praesup-

60 1500 184 1573 ponente
206 1493 382 1576 essentiam
402 1492 521 1575 lapidis
539 1493 607 1575 jam
635 1493 857 1557 constitutam.
900 1497 984 1580 Ergo
1008 1501 1125 1582 copula

60 1592 192 1670 camalis,
211 1613 295 1675 quae
314 1598 364 1656 θεῖ
380 1613 458 1656 usus
476 1592 684 1670 matrimonii,
701 1593 808 1674 ipsum
822 1594 890 1676 jam
909 1599 1124 1663 constitutum

60 1693 199 1775 supponit
220 1699 255 1757 et
275 1714 351 1775 pars
372 1692 459 1756 illius
482 1692 666 1756 essentialis
688 1713 757 1756 esse
778 1694 901 1776 nequit.

111 1793 141 1856 b.
176 1792 279 1875 quue
311 1791 398 1856 valet
435 1791 475 1854 de
507 1791 713 1855 matrimonio
749 1813 813 1855 nou
846 1792 965 1872 solum,
1004 1801 1041 1859 ut
1074 1802 1125 1861 θεῖ

62 1890 184 1956 officium
204 1899 352 1969 naturae,
372 1890 548 1955 sedetiam
570 1897 730 1972 quatenus
752 1896 802 1954 est
824 1900 1122 1957 sacramentum.

62 1987 239 2056 Contractus
273 1991 358 2054 enim
389 1990 549 2054 naturalis
583 2011 683 2073 quum
714 1990 756 2053 ad
788 1992 948 2055 rationem
981 1992 1126 2058 elevetur

62 2091 255 2168 sacramenti,
283 2091 311 2154 si
332 2111 408 2154 vera
429 2091 513 2154 ratio
537 2095 571 2153 et
592 2089 733 2153 essentia
754 2097 942 2154 contractus
964 2092 1124 2156 naturalis
1169 2099 1172 2104 '

61 2191 229 2270 reperiatur
262 2189 296 2252 in
327 2188 534 2252 matrimonio
572 2193 649 2251 ante
686 2190 995 2254 consummationem
1026 2191 1124 2270 illius,

63 2308 126 2352 vcra
151 2290 250 2354 etiam
278 2289 363 2352 ratio
394 2294 427 2352 et
456 2287 597 2352 essentia
629 2286 705 2350 talis
737 2289 931 2352 sacramenti
962 2290 1127 2372 reperitur

63 2393 126 2451 ante
155 2388 464 2454 consummationem
495 2387 703 2450 matrimonii.
757 2387 866 2465 Addo,
901 2387 988 2470 quod
1019 2409 1126 2454 sacra-

63 2495 190 2553 mentum
211 2488 411 2559 matrimonii
433 2485 580 2551 conferat
601 2487 739 2569 gratiam
760 2487 803 2550 ad
824 2485 894 2565 hoc,
915 2493 952 2552 ut
973 2489 1127 2571 conjuges

64 2588 253 2652 matrimonio
282 2593 371 2651 recte
400 2590 545 2649 utantur.
594 2584 658 2649 Sed
686 2590 793 2663 actus,
823 2584 865 2648 ad
894 2606 990 2667 quem
1019 2608 1127 2650 sacra-

65 2693 193 2751 mentum
222 2684 350 2750 confert
377 2685 531 2767 gratiam,
561 2704 625 2747 non
654 2689 704 2748 θεῖ
733 2683 773 2746 de
802 2685 943 2749 essentia
970 2685 1047 2750 talis
1077 2707 1128 2749 sa-

65 2787 219 2864 cramenti,
248 2791 287 2848 ut
313 2790 406 2866 patet
433 2783 467 2846 in
496 2787 699 2846 sacramento
728 2782 859 2846 ordinis.
909 2785 1010 2848 Actus
1040 2785 1126 2848 enim

66 2885 267 2964 consecrandi,
290 2884 332 2948 ad
354 2903 450 2966 quem
472 2880 530 2945 dat
549 2887 747 2964 potestatem
770 2888 803 2946 et
824 2883 971 2964 gratiam,
990 2904 1055 2946 non
1078 2889 1129 2948 est

66 2978 100 3043 de
118 2984 181 3066 ejus
203 2984 352 3048 essentia.
395 2982 481 3064 Ergo
502 2981 628 3064 pariter
648 2980 765 3062 copula
787 2979 941 3059 carnalis,
971 3003 1055 3064 quae
1078 2989 1129 3048 est

66 3099 130 3146 usus
149 3082 360 3160 matrimonii,
388 3102 454 3145 non
476 3088 526 3145 est
547 3080 588 3144 de
608 3080 750 3144 essentia
770 3078 867 3161 hujus
889 3082 1092 3144 sacramenti.
1101 3082 1127 3164 1)

65 3175 135 3245 Hinc
164 3183 198 3246 in
228 3180 428 3247 matrimonii
459 3178 664 3256 definitione,
702 3199 722 3242 a
754 3177 949 3259 catechismo
981 3178 1129 3243 Romano

67 3280 182 3361 tradita,
192 3283 217 3364 2)
247 3281 335 3365 quod
355 3279 598 3344 matrimonium
618 3299 734 3360 nempe
757 3278 800 3342 sit
821 3277 902 3360 ,viri
929 3282 962 3340 et
982 3277 1129 3343 mulieris

68 3381 208 3446 maritalis
230 3379 415 3464 conjunctio
441 3379 529 3444 inter
549 3378 711 3461 legitimas
732 3397 901 3460 personas,
929 3376 1130 3462 individuam

68 3476 141 3544 uitae
169 3480 437 3547 consuetudinem
470 3479 635 3544 retinens“
667 3477 714 3541 nil
745 3477 893 3560 ponitur,
932 3474 1020 3558 quod
1050 3480 1129 3539 ante

70 3581 312 3647 commixtionem
333 3578 495 3644 carnalem
516 3600 582 3642 non
602 3576 794 3644 verificetur.

121 3699 144 3741 c.
169 3680 286 3746 Verum
305 3679 547 3744 matrimonium
568 3677 718 3742 consistit
738 3682 815 3741 ante
837 3674 943 3738 carnis
965 3672 1129 3755 copulam;

71 3983 89 4049 ᾖ)
103 3910 209 4043 Prpsscfr.
226 3912 318 4049 (zonet
342 3909 455 3980 clypeus
481 3908 638 3978 theologiae
665 3907 841 4002 themisticae
866 3910 934 3960 torn.
958 3904 991 3970 V,
1016 3921 1043 3972 p.
1072 3905 1129 3958 589.

123 4028 130 4042 .
171 4011 218 4058 ‚n,
260 4034 266 4048 ,

934 4066 982 4122 14*
