2730 4564
702 355 703 360 ’
779 355 838 415 122

261 517 412 599 ceptione
445 515 623 580 admittens
654 515 688 580 in
720 522 819 598 partu
850 514 991 599 negavit.
1041 515 1148 598 „Audi
1179 522 1234 594 tu,
1266 515 1332 580 allo

262 615 377 698 quitur
401 615 503 679 istum
530 635 554 678 s.
585 613 896 697 Ildephonsus,¹)
929 614 1060 698 percipe
1089 621 1135 694 tu,
1166 615 1331 692 Joriniaae

261 713 360 779 corde
392 714 499 796 sapito
532 712 640 792 fatue,
677 714 876 797 praecordiis
909 733 1066 797 cognosce
1098 713 1218 790 stulte,
1251 735 1333 778 sensu

263 812 350 878 disce
373 809 503 878 caduce.
547 810 630 877 Nolo
650 813 809 895 pudorem
834 819 966 878 nostrae
987 813 1131 895 Virginis
1158 819 1333 900 corruptum

261 917 361 994 partu
379 910 546 988 censeris,
579 911 654 976 nolo
684 911 908 994 integritatem
939 912 1151 994 generatione
1180 911 1332 993 decerpas.

262 1009 346 1074 Nolo
367 1009 589 1092 virginitatem
610 1030 670 1092 per
698 1010 822 1075 exitum
843 1011 1007 1075 nascentis
1028 1009 1173 1088 scindas3
1207 1009 1333 1092 noloque

261 1109 428 1192 Virginem
465 1109 632 1192 genitricis
670 1108 773 1175 officio
810 1110 948 1193 prives.“
1001 1109 1144 1174 Funesta
1180 1108 1263 1174 haec
1291 1108 1333 1172 Jo-

261 1207 384 1273 viniani
412 1208 576 1274 sententia
604 1229 624 1274 a
653 1208 849 1292 quibusdam
877 1209 1088 1278 novatoribus
1116 1209 1262 1290 repetita
1287 1214 1333 1272 est.

261 1307 447 1372 Erasmus
460 1307 485 1390 ²)
515 1307 694 1372 claustrum
722 1307 879 1391 virginale
906 1315 1059 1390 apertum
1079 1307 1181 1372 fuisse
1204 1308 1333 1390 putavit

261 1406 350 1474 idem
366 1401 605 1472 contenderunt
621 1407 833 1490 Buzerus‚³)
847 1407 985 1489 Beza,⁴)
998 1405 1333 1490 PetrussMartyr5)

261 1505 392 1589 aliique.

259 1649 262 1656 ·
323 1605 462 1670 Thesis
483 1612 621 1671 nostra
643 1613 704 1671 cst
725 1606 770 1671 de
792 1605 875 1671 fide
898 1611 931 1670 et
951 1605 1112 1688 probatur

327 1709 352 1767 1.
387 1725 427 1768 ex
448 1727 472 1768 s.
497 1704 721 1787 Scriptura:

325 1803 429 1867 Sicuti
464 1803 551 1868 enim
585 1803 615 1868 b.
648 1804 747 1886 Virgo
784 1802 950 1870 Christum
986 1802 1191 1886 concepisse,
1232 1804 1280 1869 ita
1310 1809 1334 1866 et

261 1901 427 1983 peperisse
450 1901 580 1967 dicitur.
625 1901 718 1981 Quod
740 1901 848 1968 elucet

324 2021 352 2064 a.
391 2022 431 2065 ex
463 2000 601 2066 Isaiae
638 2001 807 2066 vaticinio:
848 2001 953 2084 „Ecce
985 2001 1084 2084 Virgo
1119 1996 1284 2084 concipiet
1311 2005 1335 2063 et

262 2099 406 2180 parict‚“
434 2100 491 2164 ubi
512 2100 673 2183 propheta
693 2100 852 2182 virginem
872 2121 937 2165 non
964 2106 1199 2182 concepturam
1221 2107 1335 2164 tantun

261 2197 373 2276 docet,
407 2199 464 2264 scd
497 2205 531 2265 et
561 2200 751 2283 parituram.
802 2200 992 2284 Rejicienda
1023 2200 1185 2282 expositio
1218 2219 1335 2283 prorsus

262 2317 399 2360 erronea
438 2297 565 2381 aliquot
601 2299 857 2378 haereticorum,
896 2299 954 2382 qui
989 2298 1070 2363 haec
1104 2298 1214 2364 Isaiae
1252 2298 1335 2363 verba

262 2395 452 2477 accipienda
475 2418 544 2462 esse
567 2405 764 2464 censuerunt
785 2399 820 2463 in
841 2419 937 2463 sensu
959 2397 1098 2477 diviso,
1128 2417 1197 2462 non
1219 2397 1334 2463 veroin

262 2516 359 2559 sensu
388 2497 618 2578 composito,
647 2498 704 2576 ita,
727 2504 766 2562 ut
788 2518 871 2581 quae
892 2496 983 2579 prius
1004 2495 1115 2561 fuerat
1135 2497 1240 2580 virgo,
1262 2503 1335 2580 post·

261 2594 394 2658 modum
423 2595 552 2660 dicatur
579 2617 599 2660 a
627 2596 696 2660 viro
726 2596 872 2678 cognita,
901 2594 1006 2660 filium
1033 2595 1193 2678 paritura.
1240 2595 1335 2660 Posito

260 2693 322 2758 hac
341 2695 544 2777 expositione
567 2695 607 2758 de
625 2701 734 2777 partu,
751 2695 934 2759 necessario
957 2695 1057 2758 etiam
1075 2693 1115 2758 de
1134 2695 1334 2779 conceptione

260 2794 412 2877 ponenda
452 2801 553 2872 esset,
595 2793 683 2877 quod
721 2793 844 2876 absque
884 2793 984 2858 dubio
1023 2792 1130 2858 verbis
1165 2793 1334 2877 prophetae

260 2893 448 2959 nullatenus
477 2915 654 2978 congruere
682 2899 807 2976 potest,
838 2890 958 2976 quippe
987 2892 1044 2975 qui
1071 2913 1130 2974 pro
1160 2892 1256 2976 signo
1277 2913 1335 2974 per-

261 2992 404 3056 mirabili
431 3014 613 3075 proponere
645 2993 738 3072 velit,
772 2993 860 3076 quod
887 2993 976 3074 virgo
1009 2996 1211 3074 conceptura
1245 2993 1286 3056 sit
1311 2995 1335 3052 et

257 3091 451 3174 pariturass)
496 3091 647 3174 „Si-vcro
670 3091 735 3170 illa,
759 3112 843 3174 quae
864 3090 955 3173 prius
977 3088 1087 3155 fuerat
1107 3090 1210 3172 virge,
1235 3096 1335 3174 postca

329 3337 347 3403 ¹)
367 3338 398 3391 ln
415 3339 487 3392 libro
506 3340 540 3394 de
557 3341 666 3395 illibata
683 3341 844 3410 virginitate
862 3355 905 3408 cp.
927 3342 947 3392 l.
980 3339 1003 3404 2)
1023 3337 1054 3391 lu
1072 3341 1167 3409 annot.
1185 3337 1220 3391 in
1230 3337 1296 3392 Luc.
1311 3333 1337 3388 11

261 3423 282 3490 ³)
300 3422 371 3476 Unio
395 3439 491 3492 evang.
513 3442 540 3492 p.
564 3425 597 3480 11.
639 3427 661 3492 ⁴)
681 3426 722 3480 De
746 3423 982 3492 omnipraesentia
1005 3421 1097 3474 carnis
1121 3419 1238 3477 Christi.
1278 3421 1298 3488 5)
1313 3419 1337 3471 In

262 3506 341 3574 epist.
364 3505 399 3558 ad
423 3507 501 3562 Rom.
524 3523 567 3576 cp.
589 3511 613 3560 4.
654 3510 676 3574 ⁰)
699 3508 786 3575 Quam
812 3507 909 3573 inepta
934 3504 1071 3572 sententia
1095 3503 1144 3556 illa
1169 3503 1223 3570 eit,
1250 3503 1337 3558 clarior

262 3588 354 3641 elucet
375 3606 410 3641 ex
432 3593 512 3642 textu
529 3589 675 3654 hebraico,
700 3590 747 3643 ubi
771 3589 823 3644 ita:
850 3589 943 3655 „Ecce
961 3587 1047 3655 Virgo
1068 3586 1117 3638 illa
1139 3603 1299 3656 praegnans
1317 3590 1337 3636 et

261 3670 371 3736 pariens
392 3669 506 3726 filium.“
541 3667 595 3726 efr'.
613 3671 759 3726 Torniellii
783 3672 896 3726 annales
919 3671 990 3724 sacri
1014 3669 1050 3724 ad
1073 3686 1117 3722 an.
1133 3673 1211 3724 4050.
1248 3670 1337 3736 „Seuer

242 3751 366 3818 ··divieo‚
390 3754 480 3822 inquit
496 3754 531 3808 cl.
548 3755 696 3809 Frenzelin
719 3755 746 3822 (1.
765 3772 788 3808 c.
806 3772 870 3824 pag.
890 3756 958 3820 115),
984 3769 1040 3806 non
1056 3751 1140 3806 modo
1158 3753 1270 3807 nullum
1288 3767 1337 3820 pro·

261 3835 380 3904 digium,
412 3837 461 3890 sed
485 3838 598 3908 vulgare
629 3838 732 3906 aliquid
759 3842 787 3892 et
812 3837 924 3892 obvium
954 3837 1168 3890 annuntiaretur
1199 3837 1336 3892 verborum

260 3918 446 3985 solemnitate,
461 3937 530 3989 quac
546 3921 688 3975 hominem
704 3921 870 3991 prudentem
885 3919 986 3974 nedum
1003 3917 1168 3987 prophetam
1183 3919 1338 3975 dedeceret

260 4019 343 4056 sensu
361 4021 426 4057 vero
444 4005 607 4073 composito,
625 4023 707 4074 quem
724 4006 813 4059 solum
830 4003 916 4058 verba
932 4019 1000 4071 pree
1017 4019 1049 4057 ee
1063 4002 1170 4070 ferunt,
1186 4007 1339 4060 enuntiatur
