2730 4564
736 353 793 413 164

225 517 428 600 explicitam3
458 537 533 598 ergo
554 520 714 597 perpetua
742 511 911 595 virginitas
938 511 1055 576 beatae
1076 512 1218 595 Virginis
1244 533 1291 578 ne
1361 559 1362 592 3

227 613 298 699 quit
319 615 477 698 assignari
498 619 535 678 ut
557 613 632 677 talis
653 611 811 676 articulus
833 610 985 693 explicite
1007 611 1196 676 credendus.

287 714 474 797 Respondet
502 712 630 795 optimo
650 711 723 793 jure
751 709 956 792 Sedlmayr
984 709 1005 772 1.
1028 731 1070 788 o,
1101 709 1135 773 in
1156 710 1292 775 Ecclesia
1361 757 1362 793 3

225 813 371 877 Romana
398 833 457 896 pro
487 810 600 894 regula
629 809 787 891 assignari
814 809 920 890 ipsum
951 808 1138 891 Symbolum
1165 810 1292 893 Aposto·
1358 857 1362 896 3

225 912 348 989 lorum,
388 910 474 994 quod
512 911 546 973 in
578 908 781 974 Catechismo
813 909 958 972 Romano
992 907 1080 972 hisce
1112 909 1294 991 proponitur
1361 969 1362 976 ,

225 1011 347 1075 verbis:
381 1009 563 1090 „Jubentur
592 1008 677 1072 enirn
698 1007 846 1090 parochi,
875 1027 993 1089 pueros
1023 1013 1056 1071 et
1077 1007 1174 1072 rudes
1195 1008 1242 1072 ita
1261 1006 1294 1071 de

225 1109 323 1174 rebus
345 1107 423 1172 fidei
443 1108 621 1185 instruere,
650 1113 750 1189 prout
778 1105 958 1189 symbolum
979 1105 1209 1188 Apostolorum
1230 1129 1295 1171 eon·

226 1207 342 1272 tinet.“
384 1207 475 1271 Idem
502 1206 536 1269 in
550 1205 767 1270 'Cateehismo
788 1204 979 1270 Bellarmiui
1005 1204 1188 1270 Cardinalis
1213 1205 1295 1288 jussu

227 1305 404 1371 Clementis
425 1305 511 1370 VIII.
535 1304 623 1369 edito
650 1303 842 1368 inculcatur.
885 1303 1078 1368 Nullatenus
1108 1325 1183 1388 crgo
1215 1305 1297 1369 deest

226 1405 339 1489 regula
360 1405 446 1469 circa
468 1403 619 1486 explicite
642 1403 804 1468 credenda
826 1403 865 1468 de
887 1404 1081 1468 necessItate
1102 1403 1274 1487 praecepti.
1357 1460 1360 1477 ,

289 1503 361 1568 Huc
383 1502 543 1568 accedunt
566 1503 745 1567 rationes
765 1502 1059 1585 congruentiae.
1089 1502 1218 1568 'Nonne
1234 1523 1295 1586 gra·

227 1602 334 1669 titudo
358 1601 473 1684 exigit,
502 1608 540 1665 ut
561 1600 791 1666 sublimissima
821 1600 880 1664 illa
899 1599 1070 1678 beneficia,
1100 1601 1135 1665 in
1163 1601 1296 1685 symbolo

228 1701 457 1784 Apostolorum
485 1699 578 1763 nobis
604 1698 786 1780 proposita,
818 1698 969 1781 explicite
998 1699 1168 1765 credamus
1198 1709 1231 1766 et
1255 1721 1296 1764 re

228 1819 456 1865 memoremus:
485 1797 643 1862 beneficia
671 1796 795 1862 scilicet
824 1797 1006 1862 Creationis
1034 1820 1093 1880 per
1122 1799 1228 1865 Deum
1247 1799 1297 1864 Pa·

227 1906 328 1978 trem,
358 1896 601 1980 Redemptionis
629 1916 689 1978 per
710 1895 816 1960 Deum
836 1895 955 1959 Filium
983 1917 1048 1979 qua
1075 1897 1297 1964 hominemex

228 1998 334 2062 Maria
363 1996 497 2078 Virgine
533 2001 648 2059 natum
686 1999 719 2059 et
752 1993 1024 2068 sanctificationis
1057 2017 1117 2078 per
1149 1999 1298 2081 Spiritum

173 2158 176 2163 .
229 2103 378 2162 sanetum
399 2094 497 2159 sicuti
517 2094 602 2158 vitae
624 2099 777 2157 aeternae
799 2113 858 2175 per
879 2093 1017 2176 gratiam
1038 2096 1099 2160 Dei
1121 2097 1213 2162 Trini
1233 2119 1298 2162 con·

230 2195 408 2260 ferendae?

625 2373 845 2389 ΛινυυυιιιιψυΛι-Λω,4,Λ
854 2379 873 2388 μ’
884 2377 903 2387 ,a
911 2377 918 2388 ι

844 2503 847 2511 ι

297 2722 354 2790 1111
377 2723 411 2791 S.
432 2722 638 2792 DEIPARAE
660 2723 949 2824 mamurra
970 2724 1055 2792 nuo
1076 2724 1247 2794 mcum.

292 2887 471 2970 Virginitas
493 2888 556 2953 duo
578 2889 750 2973 importat:
782 2888 892 2954 Unum
913 2889 953 2954 de
981 2889 1193 2969 materiali,
1223 2886 1302 2973 quod

233 2985 276 3050 ad
304 3006 421 3069 corpus
449 2987 608 3069 pertinet,
643 2987 843 3052 abstinentia
873 3009 989 3071 nempe
1017 3009 1037 3052 a
1069 2987 1158 3053 coitu
1189 2985 1303 3053 carnali

233 3083 331 3149 sicuti
357 3084 398 3149 ab
427 3085 629 3168 experientia
658 3086 817 3165 libidinis3
845 3087 986 3151 alterum
1015 3086 1054 3151 de
1082 3085 1242 3152 formali
1266 3083 1303 3150 ad

233 3182 376 3247 animam
404 3184 606 3266 pertinente,
635 3185 839 3268 propositum
867 3185 993 3250 scilicet
1020 3206 1085 3250 non
1112 3186 1250 3250 coeundi
1274 3189 1303 3248 et

233 3281 422 3364 experiendi
442 3282 611 3348 libidinem
632 3304 673 3346 ex
689 3283 887 3348 resolutione
909 3284 1041 3348 seminis
1058 3285 1302 3367 provenientem.

296 3379 523 3446 Beatissimam
545 3381 722 3448 Salvatoris
742 3382 883 3447 Matrem
912 3398 1047 3466 corpore
1075 3405 1204 3468 semper
1223 3403 1303 3450 man-

232 3477 312 3543 sisse
337 3477 506 3562 virginem,
536 3486 635 3545 antea
662 3479 921 3546 demonstratum
948 3487 1012 3562 est;
1040 3481 1131 3548 illam
1157 3481 1303 3550 etiamin

232 3576 338 3641 animo
362 3583 395 3641 et
415 3579 582 3661 proposito
600 3577 766 3661 Virginem
786 3599 913 3662 semper
934 3578 1044 3662 fuisse,
1067 3603 1153 3647 nunc
1173 3583 1303 3665 probare

235 3675 432 3740 conabimur.

295 3773 367 3840 Non
390 3775 522 3840 defuere
543 3775 708 3854 haeretici,
729 3776 785 3859 qui
802 3775 1011 3852 beatissimae
1029 3779 1145 3844 Matris
1163 3778 1304 3844 diadema

233 3872 374 3954 spoliare
411 3895 476 3938 non
514 3873 706 3939 erubuerint
743 3896 869 3958 gemma
904 3875 966 3942 hac
1002 3878 1236 3962 pretiosissima
1270 3895 1304 3940 ac

136 3987 142 4002 ·
236 3971 504 4054 splendidissima.
557 3974 648 4040 Inter
679 3974 761 4040 alios
791 3975 961 4041 formalem
992 3984 1153 4063 negarunt
1183 3973 1305 4062 virgini-
