2718 4556
754 355 814 414 368

576 570 580 578 ·
653 537 829 602 Sentent.
858 539 908 603 II:
985 609 989 618 ,

238 695 461 779 Conceptio
494 693 604 758 lacta
636 701 712 772 est,
748 701 957 777 postquam
993 695 1023 758 b.
1057 697 1176 779 Virgo
1208 698 1302 762 dedit

262 815 496 864 consensum
523 792 677 857 dicens:
706 793 811 882 „rint
830 792 919 928 ι1111111
945 795 1130 862 secundum
1155 796 1286 864 Verbum

718 894 826 960 tunm.

303 1043 468 1108 Probatur
491 1045 517 1103 1.
541 1061 564 1104 s.
589 1039 807 1121 Scriptura.

301 1165 330 1207 a.
361 1143 463 1207 Juxta
491 1161 515 1204 s.
538 1139 660 1203 Lucam
686 1139 962 1222 Evangelistam1)
992 1139 1136 1222 Angelus
1157 1141 1301 1224 Virginem

238 1243 407 1306 turbatam
436 1240 483 1304 ita
512 1238 673 1302 allocutus
704 1244 769 1302 est:
803 1237 877 1319 „Ne
906 1239 1064 1316 timeas,
1095 1239 1232 1319 Maria;
1259 1241 1300 1302 in-

238 1341 390 1406 venisti
409 1340 509 1404 enim
527 1337 697 1420 gratiam
716 1337 819 1422 apud
838 1338 967 1402 Deum.
1000 1339 1100 1402 Ecce
1120 1340 1301 1422 concipies

220 1440 279 1525 ,in
300 1445 414 1504 utero
437 1445 476 1502 11
497 1437 630 1519 paries
651 1435 814 1501 filium.“
837 1487 844 1500 .
865 1485 900 1500 ..
939 1438 1137 1520 „Spiritus
1159 1447 1300 1504 sanctus

238 1537 498 1620 superveniet
516 1536 556 1599 in
577 1542 615 1600 te
638 1542 677 1600 et
695 1536 824 1600 virtus
842 1535 1043 1600 Altissimi
1066 1537 1300 1602 obumbrabit

238 1636 325 1701 tibi.
369 1635 543 1718 Ideoque
574 1642 612 1700 et
640 1635 744 1718 quod
771 1642 960 1700 nascetur
989 1658 1034 1700 ex
1061 1644 1101 1702 te
1131 1647 1299 1714 sanctum,

236 1735 452 1799 vocabitur
492 1734 619 1800 Filius
660 1735 762 1799 Dei.“
821 1735 964 1818 Angelus
1004 1757 1100 1818 ergo,
1146 1745 1300 1820 antequam

239 1833 270 1897 b.
303 1833 402 1915 Virgo
434 1834 602 1914 praestitit
635 1855 841 1912 eonsensum,
880 1855 1008 1916 semper
1040 1835 1079 1899 de
1112 1857 1153 1900 re
1184 1836 1300 1900 lutura

238 1932 394 2014 loquitur.
439 1932 473 1996 Si
496 1932 564 2014 jam
593 1933 635 1996 ad
664 1933 763 1996 verba
792 1933 889 2013 „Ave
919 1934 1049 2015 gratia
1078 1935 1214 2018 pleua⁰
1241 1956 1300 1999 con·

217 2031 394 2113 cepisset,
425 2031 587 2112 quomodo
615 2032 758 2114 Angelus
787 2053 859 2095 eam
889 2040 1120 2115 concepturam
1149 2055 1216 2099 esse
1242 2055 1300 2116 pro·

239 2131 371 2194 mittere
393 2129 577 2211 potuisset?
1049 2129 1053 2136 ’

299 2229 330 2294 b.
353 2229 475 2293 Narrat
492 2229 577 2292 idem
594 2227 850 2310 Evangelistaz2)
874 2229 1087 2311 „Vocatum
1105 2238 1165 2295 est
1181 2250 1299 2296 nomeu

235 2329 322 2411 ejus
350 2329 474 2408 lesus,
506 2329 609 2412 quod
637 2335 817 2393 vocatum
846 2335 907 2393 est
935 2328 983 2392 ab
1006 2329 1165 2410 Angelo‚
1194 2328 1299 2411 prius·

238 2448 352 2510 quam
373 2429 412 2492 in
434 2435 549 2492 utero
572 2427 883 2509 conciperetur.“
923 2427 1066 2510 Angelus
1087 2449 1164 2493 vero
1179 2425 1299 2510 protulit

235 2527 355 2590 rerba:
399 2525 590 2607 „Vocabis
628 2547 766 2590 nomen
807 2527 891 2609 ejus
929 2527 1099 2603 lesum,“
1144 2533 1299 2608 antequam

236 2624 268 2688 b.
291 2624 390 2706 Virgo
413 2623 598 2706 respondit:
627 2625 745 2706 „Ecce
767 2625 915 2690 ancilla
938 2625 1102 2702 Domini,
1125 2625 1202 2690 fiat
1221 2623 1298 2688 mihi

233 2721 452 2786 secundum
479 2722 639 2786 verbum
668 2724 813 2800 tuum,“
843 2723 901 2786 sed
929 2729 1005 2805 post
1033 2725 1176 2806 priorem
1203 2721 1299 2806 Angeli

233 2820 484 2885 salutationem:
517 2820 614 2901 „Ave
644 2821 776 2902 gratia
797 2820 924 2903 plena,
948 2821 1138 2887 Dominus
1159 2821 1297 2888 tecum‘

235 2919 283 2983 Eo
313 2940 389 3001 ergo
418 2925 599 2996 momente,
634 2941 697 3002 quo
719 2920 861 3003 Angelus
887 2920 969 2984 haec
998 2920 1183 3003 protulerat
1209 2918 1297 2990 verba,

235 3015 266 3081 b.
289 3016 388 3099 Virgo
410 3017 553 3082 nondum
575 3026 785 3102 conceperat3
814 3020 843 3084 si
861 3019 930 3101 jam
951 3019 1168 3101 concepisset,
1195 3018 1298 3082 frustra

233 3115 305 3180 sine
345 3115 444 3181 dubio
484 3117 720 3200 interrogasset
758 3117 935 3201 Angelum:
980 3118 1198 3200 „Quomodo
1239 3115 1296 3178 liet

232 3213 387 3278 istud?“
421 3213 544 3280 frustra
574 3217 673 3280 etiam
703 3217 844 3300 Angelus
876 3217 1008 3281 modum
1039 3218 1088 3281 illi
1117 3215 1295 3300 exposuisset

237 3314 469 3395 conceptionis,
511 3314 674 3379 Probatur

298 3416 326 3475 2.
361 3434 407 3476 ss.
430 3413 590 3478 Patrum
612 3413 868 3478 testimoniis.

303 3511 493 3593 „Responde
502 3512 571 3594 jam
581 3513 670 3595 virgo
682 3514 803 3591 sacra“‚
817 3513 983 3596 compellit
994 3534 1018 3578 s.
1034 3513 1265 3596 Augustinus
1274 3509 1293 3585 ³)

235 3607 267 3672 b.
290 3609 456 3690 Virginem
477 3631 551 3673 cum
572 3611 695 3692 Angelo
718 3599 972 3694 colloquentem!
1007 3613 1200 3692 „Assensum
1219 3617 1292 3673 tuum

233 3708 381 3790 Angelus
402 3710 632 3790 praestolatur.
676 3710 754 3776 Inde
777 3718 835 3788 est,
862 3711 949 3794 quod
970 3713 1105 3776 nuntius
1130 3714 1190 3776 iste
1209 3725 1293 3773 mora·

234 3813 305 3884 tur;
326 3807 393 3888 jam
414 3807 552 3872 audisti:
582 3809 769 3890 „Spiritus
798 3817 961 3874 sauctus
991 3810 1239 3893 superveniet
1262 3805 1291 3866 iu
1346 3837 1347 3840 ¹

302 4008 321 4072 ¹)
342 4005 361 4066 1,
379 4009 412 4060 30
429 4023 468 4074 sq.
501 4008 523 4073 ²)
544 4005 580 4070 11,
597 4007 637 4061 21.
671 4005 692 4072 ³)
710 4007 751 4060 De
768 4007 859 4062 Nativ.
876 4007 989 4062 Domini
1006 4025 1088 4063 serm.
1106 4013 1131 4064 7.
