2782 4554
758 351 818 410 544

243 511 383 577 mundus
412 512 561 578 tristitia,
583 510 740 576 diuturno
772 531 946 593 oppressus
974 511 1107 577 tandem
1139 515 1331 599 aliquando,

245 619 282 676 nt
304 631 470 694 nunquam
491 617 598 689 antea,
624 610 729 693 possit
749 609 922 692 respirare.
929 610 945 642 “

309 716 334 774 l.
367 711 406 775 ln
428 710 623 794 assignando
646 717 839 793 tempore,
863 730 927 792 quo
949 710 1010 774 hoc
1027 709 1149 775 festum
1169 713 1332 779 celebrari

245 816 397 893 coeptum
420 817 479 887 est,
501 816 658 876 auctores
675 808 769 873 valde
791 808 1001 872 dissentiunt.

305 931 335 973 a.
369 909 462 987 Sunt,
486 909 543 992 qni
564 915 711 991 tempore
733 931 757 972 s.
782 906 1000 990 Augustini
1021 907 1104 973 illud
1126 910 1331 978 celebratum

157 1067 179 1096 Ἴ,
244 1007 345 1073 fnisse
377 1016 532 1073 censeant
564 1007 663 1090 idque
696 1029 735 1071 eo
767 1007 992 1072 demonstrare
1026 1015 1204 1088 conentur,
1245 1012 1331 1094 quod

245 1109 355 1191 plures
382 1129 547 1174 sermones
575 1109 610 1172 in
632 1107 814 1173 Nativitate
836 1107 866 1172 b.
889 1101 1033 1189 Virginis
1054 1106 1096 1171 ab
1119 1107 1177 1172 illo
1199 1132 1224 1173 s.
1247 1110 1330 1176 Doe-

245 1307 407 1390 allegatur
428 1327 566 1390 quoque,
586 1305 675 1389 quod
692 1305 726 1370 in
744 1305 841 1388 hujus
864 1305 929 1370 diei
950 1304 1053 1370 officio
1072 1304 1204 1388 legatur
1226 1330 1330 1374 sermo

245 1428 268 1470 s.
283 1406 465 1489 Augustini,
483 1405 519 1469 in
537 1426 601 1489 quo
619 1405 700 1469 haec
718 1405 897 1470 habentur:
921 1404 1093 1486 ,Gaudeat
1110 1412 1201 1471 terra
1219 1416 1333 1474 nostra

244 1511 358 1573 tantae
379 1503 521 1586 Virginis
543 1503 711 1568 illustrata
731 1503 866 1568 natali.“
911 1504 975 1585 ,At
995 1502 1102 1568 facilis
1130 1512 1195 1583 est,
1224 1507 1331 1590 inquit
1387 1579 1388 1584 .

246 1603 556 1685 (lolvenerius,¹)
585 1604 770 1685 responsio,
800 1603 893 1667 illum
922 1623 1104 1668 sermonem
1135 1626 1206 1670 esse
1230 1613 1268 1672 18
1291 1608 1331 1673 de
1387 1649 1388 1658 ι

246 1703 390 1779 Sanctis,
425 1701 482 1784 qui
509 1701 543 1765 in
573 1702 726 1784 operibus
758 1723 782 1766 s
812 1701 985 1785 Augustini
1018 1709 1068 1767 est
1096 1704 1259 1770 secundus
1292 1706 1331 1769 de

245 1215 317 1272 tore
349 1208 488 1290 scriptos
520 1207 621 1272 fuisse
654 1206 773 1271 dicent.
827 1206 890 1271 Pro
927 1205 1051 1271 tuenda
1082 1206 1144 1272 hac
1178 1209 1329 1291 opinione

246 1801 504 1866 Annuntiatione
532 1807 566 1865 et
587 1800 757 1866 doctorum
786 1801 928 1865 virorum
946 1791 1070 1883 judicio
1098 1807 1167 1867 non'
1194 1811 1244 1868 est
1265 1807 1333 1869 Au·

196 1894 198 1898 ’
246 1901 376 1984 gustini,
399 1899 456 1964 sed
477 1899 652 1982 Fulgentii,
674 1907 732 1964 aut
753 1900 864 1982 potius
885 1899 1034 1964 Fulberti
1057 1901 1269 1968 carnotensis
1282 1955 1288 1968 .
1303 1955 1332 1969 ..

247 1999 437 2081 Quicunque
473 2005 584 2062 autem
620 1996 720 2062 fuerit
756 2005 872 2063 auctor
908 1998 988 2063 dicti
1024 2001 1183 2065 sermonis
1219 2007 1255 2066 18
1291 2004 1333 2067 de

247 2099 383 2176 Sanctis
406 2111 472 2163 non
499 2105 549 2162 est
571 2096 770 2180 compositus
791 2119 849 2179 pro
877 2096 961 2162 festo
984 2096 1177 2164 Natiuitatis
1206 2101 1235 2164 u.
1260 2101 1335 2166 Vir·

245 2197 343 2282 ginis,
366 2197 437 2275 sed,
460 2203 499 2262 ut
520 2217 671 2281 expresse
692 2196 833 2260 habetur
854 2196 888 2260 in
909 2196 980 2278 ipso
1002 2217 1166 2276 sermone,
1193 2221 1253 2282 pro
1277 2200 1333 2265 die

247 2297 513 2362 Annuntiationis
530 2297 729 2361 Dominicae.
763 2295 876 2378 Neque
895 2296 929 2359 in
949 2317 986 2360 eo
1005 2295 1162 2361 habetur:
1185 2298 1335 2378 ,Tantae

245 2395 578 2478 Virginis-illustrata
603 2394 747 2472 natali,
779 2394 837 2459 sed
864 2394 1030 2459 solemni
1060 2394 1154 2459 die.“
1198 2395 1246 2460 Ab
1271 2398 1336 2462 Ec-

246 2494 346 2560 clesia
363 2516 449 2559 nero
470 2495 582 2577 paucis
612 2495 719 2558 verbis
748 2494 883 2558 mutatis
912 2493 1145 2559 accomodatus
1175 2503 1225 2560 est
1255 2493 1334 2562 huie

246 2594 312 2658 diei
332 2592 541 2671 Natiuitatis,
575 2601 612 2657 ut
633 2592 670 2657 fit
692 2592 885 2676 aliquando,
917 2592 994 2657 dum
1023 2592 1057 2656 in
1084 2595 1277 2677 antiphonis
1299 2607 1337 2662 et

245 2693 460 2776 responsoriis
499 2693 598 2758 alicui
636 2691 725 2757 festo
761 2693 919 2776 propriis,
961 2693 1058 2758 alteri
1090 2695 1333 2776 applicantur.'·

247 2793 317 2870 Quo
350 2792 390 2857 de
423 2813 570 2857 sermone
603 2792 651 2856 ita
686 2790 814 2873 judicat
853 2791 1034 2856 Azorins:
1075 2792 1189 2874 ,Solet
1219 2793 1336 2859 Eccle-

246 2892 296 2958 sia
323 2891 357 2955 in
389 2891 576 2974 antiphonis
605 2898 640 2954 et
667 2891 880 2972 responsoriis
910 2891 1076 2956 interdum
1104 2892 1265 2958 nonnulla
1294 2916 1336 2958 ex

246 3013 270 3058 s.
305 2990 411 3056 literis
451 2997 486 3055 et
517 3007 544 3054 s.
577 2988 732 3054 Patribus
764 2990 912 3072 accipere
946 2998 980 3055 et
1018 2990 1052 3054 in
1091 2991 1143 3055 his
1183 2994 1335 3058 nonnihil

244 3091 405 3156 mutere.“
447 3087 620 3172 Allegatur
638 3108 736 3170 porro
765 3109 825 3170 pro
853 3088 915 3154 hae
944 3089 1096 3172 opinione
1125 3113 1150 3155 s.
1174 3091 1334 3174 Cyrilli
1387 3139 1388 3148 .

245 3188 460 3255 Alexandrini
493 3187 641 3265 homilia,
679 3208 762 3270 quae
798 3188 832 3251 in
866 3188 937 3270 ipsa
974 3188 1027 3254 die
1063 3196 1198 3254 octavae
1231 3190 1334 3274 hujus
1387 3199 1388 3232 ³

244 3287 436 3354 festivitatis
457 3287 625 3353 recitatur.
655 3285 830 3368 „Hilarem
853 3286 900 3351 ibi
919 3287 1066 3370 legimus,
1085 3289 1180 3354 video
1201 3298 1335 3355 coetum
1387 3281 1388 3284 '

245 3387 391 3453 fidelium
423 3387 580 3465 omnium,
614 3385 671 3470 qui
702 3392 924 3452 convenerunt
951 3387 1113 3471 promptis
1144 3388 1280 3468 animis,
1315 3411 1335 3454 a

246 3491 361 3552 sancta
384 3492 419 3552 et
439 3485 503 3551 Dei
522 3490 627 3552 matre
650 3484 757 3551 Maria
778 3486 979 3552 convocati.“
1021 3487 1066 3552 At
1091 3508 1197 3554 sermo
1218 3487 1279 3555 ille
1300 3489 1334 3554 in

246 3586 383 3652 concilio
405 3585 569 3669 Ephesino
595 3585 630 3649 in
652 3585 789 3650 eeclesia
817 3586 847 3651 b.
870 3586 997 3670 Virgini
1024 3586 1177 3653 dedicata
1197 3587 1333 3654 habitus

246 3692 306 3764 est,
329 3685 402 3750 ideo
424 3691 536 3768 patres
557 3685 725 3750 convocati
747 3684 902 3751 dicuntur
923 3708 944 3751 a
964 3686 1070 3752 Matre
1092 3687 1164 3751 Dei.

309 3784 522 3867 Apertissime
561 3805 636 3850 vero
677 3784 823 3867 opinioni
861 3784 938 3850 huie
972 3786 1171 3852 contradicit
1207 3808 1231 3850 s.
1268 3789 1333 3850 An-

315 3998 334 4065 ¹)
343 3998 375 4054 1..
388 4014 412 4054 c.
424 4016 452 4068 p.
462 3997 498 4066 ll,
511 3999 548 4054 ad
562 3999 637 4054 diem
650 4001 674 4056 8.
684 3998 760 4069 Sept.
777 3998 1061 4068 annumeratum
1073 4020 1101 4072 p.
1110 4001 1147 4069 ΙΙ,
1161 4018 1204 4071 cp.
1214 4001 1291 4066 xlx,
1301 4001 1331 4055 D.
