2728 4554
737 302 798 364 472

226 461 258 528 si·
276 461 402 544 ardent
430 463 460 528 si
486 459 554 528 fort
575 467 610 529 et
629 461 659 528 si
686 461 870 543 enitamme,
899 461 925 528 il
951 483 993 529 no
1013 467 1164 549 poussait
1183 489 1240 553 pas
1258 491 1295 536 un

227 562 341 646 soupir
371 560 429 647 qui
458 581 500 626 ne
533 560 593 629 dot
619 582 750 646 rompre
777 567 853 628 tous
883 561 932 628 les
959 561 1042 630 liens
1074 565 1115 632 de
1146 587 1184 633 ee
1215 589 1296 654 corps

226 660 358 740 mortel;
379 660 404 725 il
421 681 462 725 ue
480 658 614 726 formait
628 683 688 744 pas
706 683 751 726 un
766 667 878 746 regrot
893 661 951 747 qui
970 661 1046 728 n’en
1061 663 1122 731 dut
1139 665 1296 734 dissoudro

225 767 320 826 toute
340 759 548 841 l'harmoni03
576 759 602 826 il
627 760 811 844 n'enroyait
830 781 890 845 pas
918 782 963 826 nn
990 760 1081 829 desit
1100 787 1144 832 au
1172 767 1231 832 ciel
1249 767 1297 851 qui

227 880 268 925 ne
297 858 357 924 dut
382 859 466 924 tiror
491 858 587 942 apres
614 858 664 925 soi
690 858 785 924 l’tme
814 865 889 925 tout
917 859 1051 926 entiere.
1102 863 1143 929 Je
1171 866 1297 930 vousai

228 957 293 1038 dit,
323 979 387 1042 que
416 979 452 1022 sa
479 963 566 1023 mort
594 964 645 1024 est
664 957 894 1038 miraculous03
923 959 957 1042 je
984 959 1053 1026 suis
1080 964 1243 1030 eontraint
1261 963 1295 1028 de

227 1056 372 1140 changer
398 1055 514 1121 d'avis:
546 1055 580 1121 la
607 1062 694 1122 mort
721 1055 806 1122 n‘est
832 1077 892 1140 pas
919 1056 951 1122 le
979 1058 1130 1140 miraele,
1160 1062 1228 1128 c'en
1253 1069 1295 1127 est

227 1155 398 1239 plutoris
427 1155 596 1221 cessation.
647 1155 693 1220 Le
722 1156 855 1222 miracle
887 1157 1072 1238 continual,
1105 1159 1217 1226 c'etait
1242 1181 1294 1245 que

227 1253 331 1319 Maria
356 1256 419 1338 pirt
445 1254 533 1319 vivre
561 1253 695 1337 separes
724 1254 764 1319 de
793 1276 852 1320 son
878 1254 956 1320 bien
981 1293 1022 1303 —
1050 1257 1155 1324 aimee
1178 1308 1292 1324 .....

229 1352 322 1418 Ainsi
349 1353 444 1437 point
471 1351 598 1418 d’autre
627 1375 724 1419 cause
752 1353 794 1418 de
821 1355 855 1419 la
877 1361 964 1420 mort
985 1354 1026 1421 de
1048 1355 1163 1439 Maria,
1191 1357 1293 1442 quola

229 1450 366 1518 vivacite
389 1451 429 1517 de
450 1473 509 1518 son
529 1454 673 1518 amour.“

724 1653 756 1736 fi.
778 1649 813 1720 3.

282 1800 463 1877 Quonam
490 1803 677 1880 tempore
708 1797 740 1863 b.
769 1798 895 1882 Virgo
923 1807 1089 1869 mortua
1116 1803 1253 1870 fuerit.

291 1947 405 2025 Quoad
423 1947 532 2012 obitus
549 1953 678 2030 tempus
699 1947 780 2011 nihil
801 1953 853 2013 est
869 1951 1028 2033 comperti
1049 1951 1090 2016 ob
1113 1953 1295 2037 scriptorum

230 2049 410 2114 sententias
430 2048 518 2113 inter
535 2068 569 2113 se
591 2068 796 2131 summopere
817 2047 1048 2133 discrepantes,
1068 2072 1206 2136 quarum
1226 2051 1294 2116 duas

229 2149 374 2232 potiores
394 2146 538 2231 penitius
558 2145 611 2210 hio
632 2144 792 2229 inspicere
813 2145 959 2212 sufficiat.

293 2251 319 2310 1.
356 2246 392 2310 B.
424 2245 523 2329 Virgo
559 2250 689 2309 mortua
726 2251 777 2309 est
811 2265 911 2311 anno
946 2250 998 2311 15.
1031 2255 1124 2331 post
1156 2248 1296 2316 Christi

228 2346 454 2430 passionem
473 2344 494 2410 i.
514 2364 542 2409 e.
564 2364 648 2409 anno
671 2347 720 2409 63.
743 2344 862 2410 aetatis
889 2365 967 2410 suae
989 2366 1047 2411 seu
1068 2369 1154 2414 anno
1172 2354 1221 2414 48.
1241 2347 1295 2413 lla·

228 2444 369 2512 eivitatis
391 2443 529 2510 Domini.
572 2443 621 2509 Do
641 2443 704 2508 hoc
723 2443 838 2509 mortis
866 2464 952 2509 anno
972 2444 1185 2512 Baronius:
1214 2445 1296 2529 „Non

229 2545 324 2628 quasi
344 2541 503 2609 offirmare
523 2541 673 2622 velimus,
700 2541 817 2626 inquit,
826 2542 851 2625 ¹)
878 2542 942 2609 hoc
961 2543 1033 2626 ipso
1054 2566 1140 2610 anno
1163 2565 1231 2611 esse
1249 2543 1295 2608 de

228 2644 376 2710 functam
404 2648 438 2707 et
465 2641 500 2705 in
528 2640 654 2707 coelum
682 2647 898 2724 assumptam,
931 2641 989 2707 sed
1018 2642 1107 2726 quod
1133 2643 1197 2708 hoc
1222 2660 1295 2707 anno

229 2747 373 2826 ponatur
398 2739 439 2806 ab
460 2739 617 2818 Eusebio,
647 2739 822 2823 nobisque,
852 2761 994 2824 quonam
1020 2763 1106 2806 anno
1135 2748 1224 2808 certo
1250 2739 1295 2804 de

230 2841 379 2918 cesserit,
416 2839 460 2904 sit
490 2838 760 2922 inexploratum.“
814 2839 1003 2905 Sententiae
1033 2840 1111 2906 huie
1146 2839 1294 2920 subscrip

230 2944 344 3005 serunt
373 2937 586 3022 Dionysius
616 2936 926 3003 carthusianus:
962 2938 1180 3020 „credibilius
1209 2935 1293 3004 aesti-

230 3039 321 3118 mari,
340 3037 480 3121 refert,²)
503 3036 590 3121 quod
607 3037 839 3120 gloriosissima
854 3037 954 3121 Virgo
972 3037 1159 3122 quindecim
1180 3036 1295 3104 circiter

184 3147 186 3154 ’
230 3137 446 3222 supervixerit
471 3136 565 3202 annis
594 3145 671 3221 post
698 3137 941 3202 ascensionem“
968 3158 1029 3203 neo
1055 3160 1122 3204 non
1143 3138 1293 3204 Marianm

212 3237 392 3320 ¹Scotus,³)
423 3236 645 3302 Bernardinus
684 3236 724 3301 de
755 3236 904 3319 Busto‚⁴)
942 3237 1087 3302 Azorius.
1100 3238 1126 3321 ⁵)
1185 3233 1294 3304 Confir-

230 3344 341 3403 matur
355 3337 437 3402 haec
459 3336 568 3420 opinio
590 3355 631 3399 ex
650 3356 785 3400 numero
803 3334 1010 3419 globulorum
1032 3357 1172 3403 coronae
1191 3336 1220 3401 h.
1233 3333 1293 3400 vis

231 3437 328 3521 ginis,
358 3456 441 3520 quae
464 3440 483 3500 6
504 3434 706 3500 orationibus
732 3433 903 3500 dominicis
932 3440 966 3500 et
987 3439 1027 3499 63
1056 3433 1294 3502 salutationibus

232 3534 386 3620 angelicis
407 3540 537 3600 constat
556 3533 592 3598 in
612 3534 800 3601 memoriam
823 3538 862 3599 63
884 3555 1051 3600 annorum.

298 3783 318 3849 ¹)
336 3781 369 3840 In
387 3781 486 3837 Annal.
507 3781 542 3835 ad
563 3797 666 3835 annum
681 3781 723 3837 48.
762 3780 784 3848 ⁸)
801 3779 843 3834 De
863 3779 938 3835 laud.
954 3779 1093 3848 gloriosae
1112 3779 1187 3850 Virg.
1204 3775 1293 3834 Marias

231 3863 281 3920 lib.
297 3863 345 3930 IV,
368 3869 421 3922 art.
441 3868 465 3921 6.
506 3863 528 3930 8)
544 3863 582 3919 In·
595 3863 706 3919 (throni.
728 3867 793 3932 post
813 3862 898 3917 finam
920 3863 945 3918 5.
961 3864 1069 3918 aetatis.
1111 3864 1133 3930 ⁴)
1152 3863 1183 3916 ln
1198 3855 1292 3916 rosam

231 3964 291 4016 par.
300 3950 331 4002 12
344 3965 417 4003 serm
426 3951 440 4002 l
450 3947 486 4003 ds
498 3948 678 4003 coronatione
690 3946 804 4001 Mariae.
828 3944 850 4012 ⁶)
863 3943 952 4002 instit
964 3946 1061 4001 moral.
1071 3945 1122 4002 lib.
1136 3946 1157 4014 1,
1171 3939 1289 4014 aptot
