2782 4554
775 371 835 431 500
920 362 923 371 ¹

259 531 364 595 nitate
397 529 557 606 celebrat,
595 536 629 594 et
660 529 703 594 ad
735 530 942 594 excitandam
973 530 1208 610 imitationem,
1241 541 1270 598 et
1296 541 1325 598 ut

260 629 386 694 meritis
416 650 528 693 eorum
556 629 762 695 consocietur
790 635 890 712 atque
923 629 1128 695 orationibus
1156 631 1325 712 adjuvetur:

260 729 308 793 ita
335 734 461 805 tamen,
491 734 528 792 ut
556 726 639 791 nulli
660 734 854 810 martyrum,
885 728 942 793 sed
971 728 1034 810 ipsi
1057 728 1126 795 Deo
1155 738 1325 813 martymm,

260 827 407 913 quamvis
439 828 473 891 in
505 827 676 890 memorias
711 833 906 915 martyrum,
946 827 1185 894 constituamus
1216 830 1325 896 altaria.

260 928 339 1005 Quis
368 928 454 992 enim
481 926 667 991 antistitum
696 927 730 990 in
767 926 846 991 locis
875 933 1061 992 sanctorum
1094 949 1265 1010 corporum
1288 950 1326 992 as·

260 1027 379 1092 sistens
408 1026 506 1090 altari
534 1025 711 1109 aliquando
741 1027 838 1091 dixit:
869 1025 1043 1102 Offerimus
1072 1027 1135 1092 tibi
1163 1028 1258 1094 Petre
1281 1035 1327 1092 aut

259 1125 360 1190 Paule
381 1132 440 1190 aut
462 1125 644 1208 Cypriane?

322 1224 394 1288 Nisl
425 1246 522 1307 porro
555 1225 642 1289 idem
674 1225 829 1290 sensisset
860 1245 1022 1306 magnus
1053 1224 1246 1316 Aquinas,
1277 1247 1326 1289 uon

260 1323 445 1406 scripsisset
457 1323 671 1407 sequentia:¹)
691 1323 787 1406 ,Alia
801 1322 1010 1388 veneratione
1026 1343 1221 1389 veneramur
1232 1325 1325 1401 Deum,

260 1422 347 1505 quod
369 1423 514 1505 pertinet
544 1422 587 1487 ad
614 1422 761 1500 latriam,
792 1427 826 1487 et
854 1420 921 1486 alia
947 1422 1156 1486 veneratione
1189 1423 1327 1506 quasdam

259 1520 457 1599 excellentes
486 1528 669 1599 creaturae,
703 1521 791 1604 quod
819 1521 964 1604 pertinet
992 1520 1034 1584 ad
1063 1519 1219 1586 duliam.“
1264 1523 1326 1586 Post

258 1641 365 1704 pauca
396 1620 519 1698 innuit,
553 1620 688 1686 verbum
721 1620 930 1702 ,adorare“
967 1626 1002 1684 et
1033 1619 1148 1685 stricte
1181 1629 1216 1686 et
1246 1622 1328 1686 latius

259 1719 359 1784 sumi:
393 1718 599 1800 ,Secundum
619 1720 836 1784 reverentiam
865 1741 955 1801 ergo,
987 1740 1070 1801 quae
1098 1726 1266 1810 creaturae
1286 1741 1328 1783 ex-

260 1818 393 1884 cellenti
422 1817 575 1896 debetur,
605 1817 736 1882 Nathan
766 1818 917 1882 adoravit
939 1817 1058 1881 David:
1089 1818 1264 1883 secundum
1289 1839 1329 1880 re·

259 1917 448 1995 verentium,
468 1938 552 1999 quac
571 1916 710 1980 debetur
728 1917 807 1994 Dec,
828 1916 1063 1981 Mardochaeus
1082 1916 1190 1981 noluit
1207 1917 1328 1982 adorare

259 2016 373 2095 Aman,
396 2016 514 2080 timens
535 2037 576 2079 ne
598 2016 754 2080 honorem
773 2015 835 2080 Dei
857 2014 1051 2079 transferret
1072 2014 1116 2078 ad
1137 2015 1329 2085 huminemh

259 2115 302 2179 Et
321 2115 472 2179 similiter
492 2113 670 2179 secundum
691 2113 908 2178 reverentiam
929 2111 1075 2177 debitam
1097 2120 1264 2200 creaturae
1284 2134 1328 2176 ex·

259 2213 406 2291 cellenti,
440 2212 605 2277 Abraham
636 2213 786 2276 adoravit
814 2212 972 2295 Angelos,
1006 2218 1041 2275 et
1070 2212 1171 2278 etiam
1199 2213 1329 2284 Josue.³t

259 2313 411 2390 Quamvis
446 2311 551 2394 possit
587 2310 742 2394 intelligi,
784 2310 871 2393 quod
907 2310 1116 2374 adoraverint
1152 2310 1329 2376 adoratione
1372 2353 1373 2382 ,

258 2411 376 2476 latriae
406 2411 526 2489 Deum,
564 2411 620 2494 qui
647 2410 681 2474 in
709 2431 848 2492 persona
878 2409 994 2492 Angeli
1025 2411 1208 2492 apparebat
1235 2417 1266 2474 et
1291 2408 1330 2472 lo·

259 2510 431 2593 quebatur.
476 2509 659 2575 Secundum
688 2515 798 2573 autem
826 2510 1061 2587 reverentiam,
1094 2530 1178 2592 quae
1206 2509 1331 2573 debetur

260 2610 339 2687 Deo,
370 2609 555 2690 prohibitus
588 2615 639 2672 est
667 2608 809 2673 loannes
838 2607 998 2691 Angelum
1030 2608 1213 2689 adorare.⁴)
1259 2605 1330 2670 Tum

259 2708 301 2772 ad
329 2707 563 2773 ostendendam
593 2707 786 2790 dignitatem
815 2706 968 2785 hominiS,
999 2729 1097 2789 quam
1125 2707 1261 2790 adeptus
1288 2712 1329 2768 est

258 2828 318 2890 per
347 2806 528 2884 Christum,
559 2812 596 2869 ut
624 2805 748 2888 Angelo
777 2812 953 2888 aequetur;
986 2805 1072 2870 unde
1100 2806 1147 2869 ibi
1176 2805 1330 2870 subditur:

259 2906 462 2988 ,Conservus
483 2912 560 2971 tuus
582 2927 654 2970 sum
676 2911 710 2968 et
730 2904 872 2968 fratrum
897 2907 1065 2969 tuorum:“
1088 2911 1159 2969 tum
1182 2899 1330 2969 etiamad

259 3004 496 3070 excludendam
535 3003 742 3068 idololatriae
783 3003 1004 3082 occasionem
1046 3003 1132 3068 unde
1176 3002 1329 3068 subditur:

260 3105 366 3169 Deum
395 3103 525 3168 adora.“
568 3102 641 3168 Non
671 3109 722 3167 est
749 3102 866 3184 igitur,
898 3103 985 3185 quod
1007 3124 1204 3186 quemquam
1231 3101 1330 3165 haere·

259 3205 399 3269 ticorum
438 3202 573 3268 verbum
611 3202 820 3283 ,adorare“
864 3200 1017 3266 offendat.
1073 3201 1213 3284 'Quoties
1255 3197 1330 3262 onim

259 3302 450 3370 extenditur
471 3302 514 3366 ad
536 3308 712 3380 creaturas,
735 3301 802 3366 late
824 3301 973 3380 sumitur,
991 3338 1031 3346 -
1048 3322 1150 3384 quare
1172 3295 1330 3366 secunda

258 3401 435 3467 Nicaena
456 3400 650 3484 Synodus:
674 3400 877 3482 ,adoramus
894 3399 1012 3484 inquit,
1029 3400 1187 3478 homines,
1203 3394 1330 3480 Angelos

259 3508 294 3568 ct
317 3500 520 3582 Sanctus.“⁵)

326 3699 345 3766 ¹)
362 3702 404 3759 22
422 3700 463 3759 29}
487 3715 512 3767 q.
531 3697 683 3762 LXXXIV,
708 3696 810 3750 ulad
829 3701 850 3751 l.
892 3694 1009 3762 ²)Esth.
1036 3694 1112 3762 Xlll,
1138 3697 1178 3751 14.
1217 3696 1238 3760 ³)
1256 3693 1331 3747 Josno

258 3783 291 3848 V,
306 3785 346 3837 15.
379 3771 699 3850 *tapsaxrsstesa
732 3780 753 3846 ⁶)
771 3777 1015 3845 „adorationis
1031 3795 1095 3845 vox,
1112 3779 1204 3846 inquit
1218 3769 1330 3830 Keurick

245 3866 287 3918 'in
302 3882 351 3920 sua
362 3864 531 3933 „Theologia
546 3863 723 3933 dogmatica“
738 3863 792 3917 vol.
806 3861 841 3926 ll,
855 3865 938 3915 tract
953 3860 1001 3924 IX,
1015 3859 1051 3913 ad
1064 3877 1221 3928 supremum
1235 3856 1330 3911 cultum

258 3949 461 4018 designandum
487 3948 595 4016 saepius
621 3949 754 4014 sumitur3
783 3945 932 4014 aliquando
962 3943 1125 3997 inferiorem
1151 3943 1252 3996 cultum
1276 3933 1331 3990 reli·

260 4031 368 4098 giosum
385 4030 527 4100 designat:
552 4030 601 4084 sod
619 4030 716 4098 latius;
743 4029 826 4085 etiam
843 4044 895 4097 pro
920 4026 997 4082 civili
1022 4026 1115 4093 cultu,
1141 4043 1194 4094 quo
1216 4019 1330 4077 homines
