2772 4550
586 327 643 388 561

64 491 214 559 Jacobus
236 487 501 570 Gretserus,¹)
531 509 632 572 quum
653 487 859 554 visitationis
874 488 1007 556 -festum
1027 491 1158 556 institu-
1180 485 1181 490 ’
1285 471 1288 480 ’

67 598 143 657 turn
165 587 270 655 tradit
296 585 331 650 in
352 584 498 650 Concilio
522 585 703 652 Basileensi
729 607 813 652 anno
837 592 926 666 1441,
956 596 1088 655 secutus
1110 590 1158 654 ni-

66 691 191 756 mirum
224 705 367 754 emonem
399 682 579 748 Hermanni
610 683 801 763 witikindi,
838 687 896 769 qui
931 693 1041 752 tamen
1072 688 1107 752 id
1139 711 1158 754 a

67 787 218 856 Concilio
239 783 420 851 Basileensi
448 782 573 848 factum
601 783 716 848 scribit
737 805 822 850 anuo
847 789 935 864 1432,
966 786 1025 851 sed
1052 794 1157 853 errat:

66 889 150 972 quia
178 885 268 951 aliud
298 890 364 963 est,
396 883 502 948 denuc
531 883 740 966 promulgare
769 890 803 949 et
830 885 1036 969 praecipere,
1067 887 1159 953 aliud

65 987 224 1073 primitus
245 984 429 1049 instituere.
469 981 564 1048 Prius
585 981 668 1046 illud
687 981 769 1048 lecit
787 984 934 1066 Syncdus
951 986 1157 1066 Basileensis,

57 1085 235 1171 'posterius
249 1083 406 1148 fecerunt
427 1081 580 1147 Urbanus
601 1082 656 1148 VI.
680 1089 714 1147 et
734 1081 923 1150 Bonifacius
944 1085 1020 1151 IX.“
1033 1087 1059 1170 ⁸)

134 1183 319 1262 Quaeritur,
336 1200 396 1245 cnr
410 1180 558 1246 Ecclesia
568 1180 777 1246 visitationis
794 1181 916 1248 festum
933 1183 997 1250 die
1015 1189 1043 1250 2.
1057 1187 1078 1252 J
1084 1187 1158 1251 ulii

66 1283 231 1361 celebret,
263 1302 364 1365 quum
394 1301 434 1345 ex
454 1269 631 1364 Evangelio
653 1287 797 1359 constet,
827 1280 859 1345 b.
882 1282 1050 1366 Virginem
1069 1283 1159 1352 haud

66 1386 119 1450 ita
151 1381 255 1448 multo
288 1385 364 1464 post
395 1379 688 1446 Annuntiationem
720 1379 754 1443 in
785 1387 942 1449 montana
972 1383 1092 1450 abiisse
1124 1391 1158 1450 et

67 1481 298 1550 Elisabetham
320 1485 492 1563 cognatam
513 1479 672 1546 visitasse.

134 1578 395 1664 Respondemus:
518 1629 520 1632 .

1 1755 2 1758 Ἴ
136 1686 163 1743 1.
196 1678 281 1756 Quia
301 1677 382 1742 haec
411 1676 601 1742 solemnitas
627 1673 806 1760 impeditur
835 1680 886 1745 vel
907 1680 948 1745 ob
977 1681 1158 1765 quadrage·

1 1855 2 1858 ¹
68 1780 204 1857 simam,
234 1777 270 1842 in
291 1797 356 1861 qua
377 1775 463 1842 festa
483 1775 642 1842 'celebrari
664 1777 792 1860 antiqui
812 1779 987 1861 prohibent
1008 1802 1158 1861 canones,

1 1954 3 1958 .
69 1877 126 1942 vel
148 1876 190 1942 ob
211 1875 449 1941 hebdomadem
468 1875 663 1957 paschalem.

135 1980 165 2040 2.
205 1974 289 2053 Quia
324 1995 348 2038 s.
382 1973 551 2056 Scriptura
586 1995 652 2038 non
687 1973 774 2040 clare
810 1976 964 2056 innuens,
1005 2000 1069 2062 quo
1106 1979 1157 2045 die
1248 2014 1250 2018 ·

68 2077 102 2141 b.
125 2075 226 2157 Virgo
247 2072 473 2138 Elisabetbam
492 2072 687 2150 visitaverit,
719 2081 833 2156 aperte
855 2075 1015 2156 declarat,
1046 2100 1158 2161 quam·

69 2175 131 2240 diu
170 2173 201 2237 b.
233 2172 333 2255 Virgo
373 2170 461 2254 apud
492 2179 665 2254 cognatam
702 2194 795 2237 suam
830 2176 1002 2254 manserit,
1040 2197 1158 2260 nempe

70 2272 189 2358 quasi
214 2279 296 2337 tres
322 2291 484 2335 menses.
527 2270 674 2335 Ecclesia
696 2292 772 2354 ergo
795 2273 915 2338 certior
937 2273 977 2339 de
999 2281 1156 2358 tempore,

70 2393 139 2457 quo
162 2370 305 2436 visitatio
333 2369 443 2447 finita,
473 2391 572 2453 quam
601 2369 641 2436 de
671 2376 834 2454 tempore,
864 2392 929 2455 quo
958 2379 1076 2456 coepta
1098 2381 1156 2452 est,

69 2469 286 2535 festivitatem
302 2467 509 2534 Visitationis
529 2468 676 2534 celebrat
693 2477 768 2553 post
790 2470 876 2536 diem
896 2471 1040 2537 natalem
1061 2494 1086 2536 s.
1102 2473 1159 2538 Jo-

69 2569 167 2636 annis
188 2567 368 2650 Baptistae,
391 2567 469 2650 quia
489 2573 568 2632 tnnc
591 2567 721 2633 demum
742 2569 773 2634 b.
795 2569 894 2652 Virgo
916 2569 1025 2635 rediit.
1123 2630 1128 2640 .

69 2882 242 2948 Festum
273 2868 608 2964 Purilieationis
644 2879 922 2946 beatissimae
955 2881 1157 2966 Virginis.

417 2977 493 3042 Die
520 2981 549 3042 2.
578 2978 814 3044 Februarii.

139 3132 165 3192 1.
205 3126 276 3191 Hoc
310 3124 431 3192 festum
462 3127 609 3193 recolens
644 3127 851 3210 mysterium,
889 3150 953 3211 quo
985 3130 1159 3212 purissima

70 3228 172 3310 Virgo
194 3225 301 3290 Maria
326 3231 474 3308 tempore
502 3227 706 3310 purgationis
736 3227 866 3311 expleto
888 3228 1047 3311 templum
1075 3228 1159 3294 adiit

70 3324 406 3408 Hierosolymitanum
423 3324 535 3408 ibique
551 3326 647 3409 juxta
666 3326 772 3408 legem
788 3325 1043 3409 primogenitum
1064 3347 1161 3391 suum

72 3426 144 3490 Deo
166 3424 259 3488 Patri
281 3423 415 3488 coelesti
436 3423 573 3502 obtulit,
603 3424 691 3506 apud
713 3423 854 3491 Graecos
876 3445 935 3490 nec
957 3447 1023 3490 non
1043 3425 1078 3489 in
1098 3426 1159 3490 Ec·

73 3523 175 3590 alesia
201 3521 417 3587 Ambrosiana
447 3522 534 3587 inter
565 3521 763 3588 festivitates
795 3523 918 3589 Christi
947 3524 1092 3604 Domini,
1125 3525 1160 3588 in

72 3623 223 3688 Ecclesia
246 3623 392 3687 Romana
413 3643 488 3686 vero
516 3621 604 3687 inter
623 3621 710 3687 festa
737 3628 992 3694 connumeratur
1012 3623 1161 3690 Mariana

73 3721 276 3804 diversisque
297 3721 420 3804 gaudet
440 3720 676 3786 nominibus.

141 3891 162 3954 ι)
181 3887 511 3956 easaetenatone.
545 3890 566 3954 ²)
583 3887 901 3942 cressementum
918 3885 1039 3942 amima
1056 3901 1162 3944 stom.
1239 3871 1241 3876 ’

70 3987 137 4042 pag.
152 3973 216 4034 3652
233 3969 403 4025 Benedictus
421 3969 495 4042 mv.
513 3969 549 4024 de
566 3970 645 4026 festis
662 3969 694 4025 B.
712 3970 750 4026 Μ.
767 3971 800 4028 V.
818 3986 862 4040 op.
880 3969 914 4027 V.
931 3971 1017 4106 nsql.
