2782 4554
535 333 594 393 503

76 517 104 560 (9
136 515 182 558 99
213 498 458 572 ornamentum,
487 491 726 575 pulcherrimus
753 478 889 560 effectus
918 502 951 560 et
977 493 1105 560 fruetus

76 616 115 658 us
147 592 369 676 hyperdulioi.
422 593 484 671 Qui
512 593 540 657 si
574 593 855 658 essentialiter
882 595 917 658 in
945 594 1106 659 virtutum

76 693 214 758 sisteret
234 692 434 772 imitatione,
465 691 553 775 apud
581 692 655 775 pios
683 698 717 756 et
744 698 873 757 sanctos
902 693 1103 758 solummodo

77 793 231 857 niretur.
285 791 329 856 At
360 790 422 856 hoc
457 791 573 874 procul
607 790 710 855 absit!
747 791 836 856 Deus
867 791 950 856 bene
986 798 1102 870 vertat,

76 892 152 956 aalis
177 891 314 957 funesta
334 897 536 975 propagetur
557 890 721 956 doctrina!

76 1007 143 1088 ,Tu
166 1013 392 1089 peecatorem,
421 1006 663 1090 quantumlibet
689 1006 864 1084 foetidum,
894 1028 959 1070 non
979 1006 1103 1086 horres,

95 1107 256 1189 despicis
286 1107 483 1189 alloquimur
512 1128 585 1170 cum
606 1105 842 1188 Melliflu01)
871 1105 902 1169 b.
926 1105 1102 1187 Virginem,

76 1206 112 1273 cd
147 1212 184 1271 te
219 1206 447 1289 suspiraverit,
481 1213 640 1288 tuumque
671 1207 891 1270 interventum
921 1205 1105 1288 poenitenti

76 1306 107 1369 19
121 1304 358 1388 flagitaverit.“
381 1305 488 1383 Quare
502 1305 709 1370 doctissimus
723 1305 966 1370 Benedictus
978 1303 1102 1386 XIV.²)

76 1426 149 1470 iaec
180 1404 283 1469 verba
312 1405 468 1486 erumpit:
502 1403 645 1488 ,Nequis
674 1411 784 1469 tamen
812 1403 1020 1470 obtrectandi
1048 1425 1103 1468 ou-

76 1526 107 1568 rs
130 1510 250 1568 nostra
270 1504 352 1568 haee
381 1503 536 1568 aliorsum
564 1504 718 1586 accipiat,
749 1504 844 1587 quasi
872 1502 998 1566 cultum
1025 1522 1102 1584 erga

76 1603 241 1685 Virginem
265 1603 480 1667 deserendum
500 1604 666 1685 peccatori
695 1624 765 1667 esse
794 1602 976 1679 doceamus,
1005 1600 1102 1664 nihil-

104 1703 266 1785 prodesse
296 1702 364 1784 ejus
390 1722 502 1784 preces
532 1702 652 1767 aliosve
681 1703 752 1786 pios
781 1708 887 1780 actua,
918 1701 947 1764 si
975 1700 1015 1764 de
1042 1721 1102 1764 sua

76 1801 228 1866 versione
261 1821 327 1865 non
356 1801 494 1884 cogitet,
527 1801 762 1866 advertendum
793 1800 828 1865 id
857 1822 896 1864 ex
927 1799 1101 1882 superiori-

107 1899 391 1983 propositionibus
423 1900 554 1964 minime
591 1901 761 1985 consequi3
801 1900 984 1982 peccatoris
1016 1899 1102 1962 enim

76 2000 120 2063 tio
143 1999 374 2082 impetratoria
402 2005 453 2063 est
474 2020 515 2063 ex
542 2021 633 2064 mera
655 2000 716 2064 Dei
737 1999 975 2076 misericordia,
1004 1998 1100 2062 modo

96 2119 131 2162 se
154 2105 250 2181 petat
270 2099 453 2162 necessaria
481 2099 524 2162 ad
545 2098 686 2163 salutem
706 2099 759 2180 pie
789 2105 823 2163 et
844 2104 1099 2182 perseveranter,

83 2197 183 2262 docet
215 2198 245 2261 (1.
276 2197 422 2262 Thomas.
433 2199 458 2280 ³)
508 2197 595 2262 Fieri
627 2198 712 2261 enim
743 2204 868 2280 potest,
902 2204 940 2262 ut
972 2195 1101 2262 infinita

76 2355 77 2359 ,
99 2297 324 2362 misericordia
347 2298 529 2379 peccatoris
551 2299 656 2362 oratio
682 2297 885 2375 exaudiatur,
909 2297 1009 2361 etiam
1030 2296 1099 2360 sine

75 2395 185 2478 posito
208 2395 429 2460 emendandae
450 2397 545 2474 vitae,
565 2396 738 2461 dummodo
760 2417 825 2461 non
843 2403 912 2460 tam
934 2395 1098 2459 obstinato

80 2496 206 2574 animo,
236 2502 274 2560 ut
296 2517 390 2560 omne
411 2495 634 2578 poenitentiae
663 2494 834 2560 consilium
853 2500 1013 2577 perpetuo
1043 2492 1099 2557 ab·

76 2595 149 2670 erit,
177 2595 297 2677 piaque
326 2594 498 2661 devotione
527 2601 561 2660 et
581 2594 676 2659 firma
703 2594 766 2660 fide
796 2595 830 2658 in
856 2594 1003 2660 oratione
1025 2614 1099 2676 per-

76 2700 159 2771 9991,
190 2716 210 2757 a
231 2694 300 2758 Deo
329 2701 445 2777 petens
474 2695 610 2775 auxilia,
624 2745 626 2752 .
641 2717 724 2778 quae
752 2694 816 2760 sibi
844 2715 925 2776 opus
953 2699 1030 2758 sunt
1056 2692 1100 2779 ad

76 2814 187 2857 ernam
213 2793 353 2858 salutem
385 2795 710 2878 consequendam.“4)
760 2794 884 2872 Quibus
912 2793 1100 2876 praemissis

76 2893 193 2957 tuimus
214 2892 336 2958 thesin:

76 3053 213 3061 ——nn

76 3147 102 3196 nt
113 3159 154 3195 999
167 3142 287 3208 passione
304 3143 482 3206 eriminelles,
496 3159 512 3194 a
525 3142 595 3195 beau
609 3159 637 3195 se
656 3140 782 3196 (16919999
795 3141 932 3195 serviteur
947 3139 982 3194 de
996 3139 1096 3205 Marie3

93 3242 128 3279 ne
145 3225 169 3278 19
187 3226 296 3280 connait
312 3243 373 3294 pas,
392 3225 489 3280 911919
506 3225 623 3294 regards
640 3241 749 3278 comme
765 3223 895 3277 l'ennemi
911 3222 946 3277 (19
964 3240 1014 3275 999
1030 3221 1098 3287 Fila,

76 3337 77 3356 1
101 3307 245 3361 detestata
266 3307 409 3362 999119999
433 3308 501 3377 qn’il
521 3313 580 3362 met
600 3325 634 3362 en
657 3308 710 3360 9119
733 3323 841 3362 comme
860 3306 1009 3375 injuriasse
1031 3303 1047 3357 ia
1071 3305 1100 3358 19

77 3391 142 3459 gion
157 3395 184 3455 et
200 3391 215 3444 t
231 3391 259 3444 la
275 3391 363 3459 gloire
382 3391 515 3448 dedecus
532 3390 650 3445 Christ.“

93 3490 110 3549 11
127 3488 207 3542 Serm.
224 3505 355 3557 panegyr.
379 3489 416 3542 ad
432 3490 463 3543 B.
482 3488 515 3544 V.
533 3489 571 3542 M.
588 3507 615 3543 n.
632 3491 657 3542 2.
698 3487 777 3572 11119
797 3489 876 3544 199119
892 3489 923 3542 B.
941 3487 979 3542 M.
998 3487 1031 3540 V.
1054 3502 1099 3554 ep.

80 3571 134 3624 XV.
165 3570 185 3635 3)
199 3573 239 3633 23
256 3575 297 3632 259
319 3590 344 3640 q.
360 3570 513 3636 LXXXIII,
532 3589 555 3626 9.
570 3575 598 3638 6;
616 3572 667 3625 cfr.
680 3571 768 3625 Haine
785 3573 803 3625 l.
819 3589 842 3626 9.
856 3587 918 3639 pag.
933 3573 972 3623 32.
1003 3568 1025 3635 ⁴)
1043 3568 1098 3623 cfr.

76 3654 179 3708 (9991199
201 3644 297 3723 (serm.
311 3673 358 3709 snr
380 3655 407 3708 19
429 3655 560 3709 devotion
582 3654 599 3707 1
621 3654 649 3707 19
672 3671 694 3708 9.
715 3655 838 3723 Vierge);
864 3653 988 3722 dirigens
1011 3651 1098 3705 verba

76 3779 77 3784 ,
100 3737 134 3790 ad
154 3755 203 3805 eos,
227 3739 274 3807 qui
297 3737 390 3792 9111919
413 3737 525 3806 pietatis
549 3753 617 3805 erga
639 3737 670 3790 Β.
692 3736 729 3791 Μ.
752 3737 785 3791 V.
810 3737 922 3805 quidem
948 3737 1098 3790 observant
1184 3753 1186 3758 ·

76 3820 189 3890 gligendo
205 3838 268 3875 vero
286 3820 418 3874 mandata
433 3821 494 3885 Dei,
512 3820 560 3887 ait,
578 3819 671 3874 9111919
688 3820 737 3873 1119
757 3820 792 3872 ad
809 3820 926 3874 salutem
943 3819 1097 3887 adipiscen-

76 3921 94 3955 n
110 3904 254 3957 nullatenus
271 3903 399 3957 sufficere
421 3907 450 3956 et
471 3904 627 3973 subjungit:
652 3903 747 3970 „Dites
764 3905 889 3973 tonjours
913 3921 961 3957 vos
978 3903 1096 3971 prietes3

78 4005 119 4041 me
142 3988 224 4042 mieux
247 4005 315 4042 vous
338 3987 400 4042 voir
423 3987 566 4056 pratiquer
589 3987 637 4042 des
662 3988 808 4042 devotione
831 3986 1017 4055 impartires,
1044 4003 1097 4055 que
