<?xml version="1.0" encoding="UTF-8"?>
<!DOCTYPE html PUBLIC "-//W3C//DTD XHTML 1.0 Transitional//EN"
    "http://www.w3.org/TR/xhtml1/DTD/xhtml1-transitional.dtd">
<html xmlns="http://www.w3.org/1999/xhtml" xml:lang="en" lang="en">
 <head>
  <title>
</title>
<meta http-equiv="Content-Type" content="text/html;charset=utf-8" />
  <meta name='ocr-system' content='tesseract 3.04.00' />
  <meta name='ocr-capabilities' content='ocr_page ocr_carea ocr_par ocr_line ocrx_word'/>
</head>
<body>
  <div class='ocr_page' id='page_1' title='image "./mariologiaseupo00stamgoog_0208.png"; bbox 0 0 2728 4560; ppageno 0'>
   <div class='ocr_carea' id='block_1_1' title="bbox 741 313 798 374">
    <p class='ocr_par' dir='ltr' id='par_1_1' title="bbox 741 313 798 374">
     <span class='ocr_line' id='line_1_1' title="bbox 741 313 798 374; baseline -0.035 0"><span class='ocrx_word' id='word_1_1' title='bbox 741 313 798 374; x_wconf 79' lang='lat'><strong>182</strong></span> 
     </span>
    </p>
   </div>
   <div class='ocr_carea' id='block_1_2' title="bbox 230 462 1298 935">
    <p class='ocr_par' dir='ltr' id='par_1_2' title="bbox 230 462 1298 935">
     <span class='ocr_line' id='line_1_2' title="bbox 230 462 1295 557; baseline -0.001 -16"><span class='ocrx_word' id='word_1_2' title='bbox 230 474 339 541; x_wconf 88' lang='lat' dir='ltr'><strong>mitur.</strong></span> <span class='ocrx_word' id='word_1_3' title='bbox 376 474 497 539; x_wconf 88' lang='lat' dir='ltr'><strong>Votum</strong></span> <span class='ocrx_word' id='word_1_4' title='bbox 518 462 630 538; x_wconf 87' lang='lat' dir='ltr'><strong>autem</strong></span> <span class='ocrx_word' id='word_1_5' title='bbox 647 473 784 557; x_wconf 79' lang='lat' dir='ltr'><strong>simplex</strong></span> <span class='ocrx_word' id='word_1_6' title='bbox 804 471 942 556; x_wconf 89' lang='lat' dir='ltr'><strong>impedit</strong></span> <span class='ocrx_word' id='word_1_7' title='bbox 958 473 1203 540; x_wconf 76' lang='lat' dir='ltr'><strong>matrimonium</strong></span> <span class='ocrx_word' id='word_1_8' title='bbox 1221 474 1295 556; x_wconf 83' lang='lat' dir='ltr'><strong>fieri3</strong></span> 
     </span>
     <span class='ocr_line' id='line_1_3' title="bbox 232 571 1297 657; baseline -0.001 -20"><span class='ocrx_word' id='word_1_9' title='bbox 232 572 260 637; x_wconf 90' lang='lat' dir='ltr'><strong>si</strong></span> <span class='ocrx_word' id='word_1_10' title='bbox 277 579 388 637; x_wconf 88' lang='lat' dir='ltr'><strong>tamen</strong></span> <span class='ocrx_word' id='word_1_11' title='bbox 409 572 481 657; x_wconf 91' lang='lat' dir='ltr'><strong>quis</strong></span> <span class='ocrx_word' id='word_1_12' title='bbox 500 571 709 652; x_wconf 79' lang='lat' dir='ltr'><strong>contraxerit,</strong></span> <span class='ocrx_word' id='word_1_13' title='bbox 727 578 826 651; x_wconf 89' lang='lat' dir='ltr'><strong>tenet,</strong></span> <span class='ocrx_word' id='word_1_14' title='bbox 845 573 923 637; x_wconf 88' lang='lat' dir='ltr'><strong>licet</strong></span> <span class='ocrx_word' id='word_1_15' title='bbox 942 579 1057 655; x_wconf 87' lang='lat' dir='ltr'><strong>peccet</strong></span> <span class='ocrx_word' id='word_1_16' title='bbox 1077 575 1297 640; x_wconf 89' lang='lat' dir='ltr'><strong>contrahendo.</strong></span> 
     </span>
     <span class='ocr_line' id='line_1_4' title="bbox 233 670 1297 752; baseline 0.001 -15"><span class='ocrx_word' id='word_1_17' title='bbox 233 672 268 737; x_wconf 88' lang='lat' dir='ltr'><strong>Si</strong></span> <span class='ocrx_word' id='word_1_18' title='bbox 289 672 428 737; x_wconf 89' lang='lat' dir='ltr'><strong>Domina</strong></span> <span class='ocrx_word' id='word_1_19' title='bbox 455 677 569 737; x_wconf 91' lang='lat' dir='ltr'><strong>nostra</strong></span> <span class='ocrx_word' id='word_1_20' title='bbox 597 671 737 736; x_wconf 83' lang='lat' dir='ltr'><strong>vovisset</strong></span> <span class='ocrx_word' id='word_1_21' title='bbox 764 670 965 750; x_wconf 89' lang='lat' dir='ltr'><strong>solemniter,</strong></span> <span class='ocrx_word' id='word_1_22' title='bbox 995 693 1060 736; x_wconf 92' lang='lat' dir='ltr'><strong>non</strong></span> <span class='ocrx_word' id='word_1_23' title='bbox 1089 673 1297 752; x_wconf 74' lang='lat' dir='ltr'><strong>contraheret,</strong></span> 
     </span>
     <span class='ocr_line' id='line_1_5' title="bbox 231 771 1298 855; baseline 0.002 -21"><span class='ocrx_word' id='word_1_24' title='bbox 231 771 370 836; x_wconf 82' lang='lat' dir='ltr'><strong>maxime</strong></span> <span class='ocrx_word' id='word_1_25' title='bbox 399 778 523 850; x_wconf 88' lang='lat' dir='ltr'><strong>autem,</strong></span> <span class='ocrx_word' id='word_1_26' title='bbox 554 771 631 855; x_wconf 91' lang='lat' dir='ltr'><strong>quia</strong></span> <span class='ocrx_word' id='word_1_27' title='bbox 659 771 693 834; x_wconf 91' lang='lat' dir='ltr'><strong>in</strong></span> <span class='ocrx_word' id='word_1_28' title='bbox 721 771 825 835; x_wconf 89' lang='lat' dir='ltr'><strong>veteri</strong></span> <span class='ocrx_word' id='word_1_29' title='bbox 851 778 1049 837; x_wconf 87' lang='lat' dir='ltr'><strong>testamento</strong></span> <span class='ocrx_word' id='word_1_30' title='bbox 1077 773 1170 837; x_wconf 85' lang='lat' dir='ltr'><strong>nulla</strong></span> <span class='ocrx_word' id='word_1_31' title='bbox 1195 773 1298 838; x_wconf 90' lang='lat' dir='ltr'><strong>mulier</strong></span> 
     </span>
     <span class='ocr_line' id='line_1_6' title="bbox 231 868 1059 935; baseline 0 -1"><span class='ocrx_word' id='word_1_32' title='bbox 231 868 298 934; x_wconf 89' lang='lat' dir='ltr'><strong>tale</strong></span> <span class='ocrx_word' id='word_1_33' title='bbox 319 877 431 935; x_wconf 85' lang='lat' dir='ltr'><strong>votum</strong></span> <span class='ocrx_word' id='word_1_34' title='bbox 454 870 622 935; x_wconf 77' lang='lat' dir='ltr'><strong>emitteret</strong></span> <span class='ocrx_word' id='word_1_35' title='bbox 641 890 700 933; x_wconf 92' lang='lat' dir='ltr'><strong>neo</strong></span> <span class='ocrx_word' id='word_1_36' title='bbox 722 869 859 933; x_wconf 81' lang='lat' dir='ltr'><strong>auderet</strong></span> <span class='ocrx_word' id='word_1_37' title='bbox 880 870 1059 935; x_wconf 80' lang='lat' dir='ltr'><strong>emittere.“</strong></span> 
     </span>
    </p>
   </div>
   <div class='ocr_carea' id='block_1_3' title="bbox 184 992 1297 1188">
    <p class='ocr_par' dir='ltr' id='par_1_3' title="bbox 184 992 1297 1188">
     <span class='ocr_line' id='line_1_7' title="bbox 292 992 1297 1076; baseline 0.002 -20"><span class='ocrx_word' id='word_1_38' title='bbox 292 997 320 1056; x_wconf 87' lang='lat'><strong>2.</strong></span> <span class='ocrx_word' id='word_1_39' title='bbox 352 993 474 1058; x_wconf 88' lang='lat' dir='ltr'><strong>Votum</strong></span> <span class='ocrx_word' id='word_1_40' title='bbox 499 992 706 1058; x_wconf 87' lang='lat' dir='ltr'><strong>beatissimae</strong></span> <span class='ocrx_word' id='word_1_41' title='bbox 728 992 870 1076; x_wconf 83' lang='lat' dir='ltr'><strong>Virginis</strong></span> <span class='ocrx_word' id='word_1_42' title='bbox 900 1015 965 1057; x_wconf 92' lang='lat' dir='ltr'><strong>non</strong></span> <span class='ocrx_word' id='word_1_43' title='bbox 992 993 1057 1059; x_wconf 86' lang='lat' dir='ltr'><strong>fuit</strong></span> <span class='ocrx_word' id='word_1_44' title='bbox 1085 1001 1198 1060; x_wconf 91' lang='lat' dir='ltr'><strong>votum</strong></span> <span class='ocrx_word' id='word_1_45' title='bbox 1224 1017 1297 1060; x_wconf 89' lang='lat' dir='ltr'><strong>con-</strong></span> 
     </span>
     <span class='ocr_line' id='line_1_8' title="bbox 184 1091 1025 1188; baseline 0.002 -32"><span class='ocrx_word' id='word_1_46' title='bbox 184 1185 185 1188; x_wconf 7' lang='grc' dir='ltr'><strong>Ἴ</strong></span> <span class='ocrx_word' id='word_1_47' title='bbox 231 1091 482 1170; x_wconf 90' lang='lat' dir='ltr'><strong>ditionatum,</strong></span> <span class='ocrx_word' id='word_1_48' title='bbox 506 1091 563 1156; x_wconf 87' lang='lat' dir='ltr'><strong>sed</strong></span> <span class='ocrx_word' id='word_1_49' title='bbox 585 1092 820 1157; x_wconf 87' lang='lat' dir='ltr'><strong>absolutum.</strong></span> <span class='ocrx_word' id='word_1_50' title='bbox 863 1092 1025 1158; x_wconf 90' lang='lat' dir='ltr'><strong>Probatur</strong></span> 
     </span>
    </p>
   </div>
   <div class='ocr_carea' id='block_1_4' title="bbox 181 1215 1299 2292">
    <p class='ocr_par' dir='ltr' id='par_1_4' title="bbox 181 1215 1299 2292">
     <span class='ocr_line' id='line_1_9' title="bbox 294 1215 1298 1299; baseline 0.001 -21"><span class='ocrx_word' id='word_1_51' title='bbox 294 1236 322 1278; x_wconf 92' lang='lat' dir='ltr'><strong>a.</strong></span> <span class='ocrx_word' id='word_1_52' title='bbox 356 1236 396 1278; x_wconf 90' lang='lat' dir='ltr'><strong>ex</strong></span> <span class='ocrx_word' id='word_1_53' title='bbox 423 1215 545 1294; x_wconf 83' lang='lat' dir='ltr'><strong>verbis,</strong></span> <span class='ocrx_word' id='word_1_54' title='bbox 580 1215 698 1299; x_wconf 90' lang='lat' dir='ltr'><strong>quibus</strong></span> <span class='ocrx_word' id='word_1_55' title='bbox 727 1237 750 1279; x_wconf 82' lang='lat' dir='ltr'><strong>s</strong></span> <span class='ocrx_word' id='word_1_56' title='bbox 780 1215 922 1298; x_wconf 90' lang='lat' dir='ltr'><strong>Deipara</strong></span> <span class='ocrx_word' id='word_1_57' title='bbox 949 1217 1064 1299; x_wconf 90' lang='lat' dir='ltr'><strong>angelo</strong></span> <span class='ocrx_word' id='word_1_58' title='bbox 1093 1217 1218 1282; x_wconf 83' lang='lat' dir='ltr'><strong>foetum</strong></span> <span class='ocrx_word' id='word_1_59' title='bbox 1245 1217 1298 1281; x_wconf 90' lang='lat' dir='ltr'><strong>sibi</strong></span> 
     </span>
     <span class='ocr_line' id='line_1_10' title="bbox 231 1314 1299 1398; baseline 0.003 -22"><span class='ocrx_word' id='word_1_60' title='bbox 231 1314 440 1379; x_wconf 87' lang='lat' dir='ltr'><strong>annuntianti</strong></span> <span class='ocrx_word' id='word_1_61' title='bbox 481 1314 704 1379; x_wconf 90' lang='lat' dir='ltr'><strong>difficultatem</strong></span> <span class='ocrx_word' id='word_1_62' title='bbox 742 1315 929 1397; x_wconf 89' lang='lat' dir='ltr'><strong>proposuit:</strong></span> <span class='ocrx_word' id='word_1_63' title='bbox 973 1316 1193 1398; x_wconf 80' lang='lat' dir='ltr'><strong>„Quomodo</strong></span> <span class='ocrx_word' id='word_1_64' title='bbox 1232 1316 1299 1380; x_wconf 82' lang='lat' dir='ltr'><strong>liet</strong></span> 
     </span>
     <span class='ocr_line' id='line_1_11' title="bbox 231 1412 1298 1497; baseline -0.001 -20"><span class='ocrx_word' id='word_1_65' title='bbox 231 1412 349 1491; x_wconf 92' lang='lat' dir='ltr'><strong>istud,</strong></span> <span class='ocrx_word' id='word_1_66' title='bbox 373 1415 556 1497; x_wconf 92' lang='lat' dir='ltr'><strong>quoniam</strong></span> <span class='ocrx_word' id='word_1_67' title='bbox 576 1413 699 1477; x_wconf 91' lang='lat' dir='ltr'><strong>virum</strong></span> <span class='ocrx_word' id='word_1_68' title='bbox 721 1434 797 1477; x_wconf 93' lang='lat' dir='ltr'><strong>non</strong></span> <span class='ocrx_word' id='word_1_69' title='bbox 819 1414 1052 1496; x_wconf 80' lang='lat' dir='ltr'><strong>cognosco?“</strong></span> <span class='ocrx_word' id='word_1_70' title='bbox 1082 1414 1116 1480; x_wconf 84' lang='lat' dir='ltr'><strong>Si</strong></span> <span class='ocrx_word' id='word_1_71' title='bbox 1138 1415 1224 1479; x_wconf 91' lang='lat' dir='ltr'><strong>enim</strong></span> <span class='ocrx_word' id='word_1_72' title='bbox 1243 1435 1298 1479; x_wconf 89' lang='lat' dir='ltr'><strong>non</strong></span> 
     </span>
     <span class='ocr_line' id='line_1_12' title="bbox 231 1512 1297 1596; baseline 0 -20"><span class='ocrx_word' id='word_1_73' title='bbox 231 1513 386 1592; x_wconf 84' lang='lat' dir='ltr'><strong>vovisset,</strong></span> <span class='ocrx_word' id='word_1_74' title='bbox 414 1514 477 1578; x_wconf 91' lang='lat' dir='ltr'><strong>nisi</strong></span> <span class='ocrx_word' id='word_1_75' title='bbox 499 1513 734 1592; x_wconf 89' lang='lat' dir='ltr'><strong>conditionate,</strong></span> <span class='ocrx_word' id='word_1_76' title='bbox 764 1535 813 1595; x_wconf 77' lang='lat' dir='ltr'><strong>vg.</strong></span> <span class='ocrx_word' id='word_1_77' title='bbox 837 1512 896 1577; x_wconf 91' lang='lat' dir='ltr'><strong>sub</strong></span> <span class='ocrx_word' id='word_1_78' title='bbox 927 1513 1113 1578; x_wconf 89' lang='lat' dir='ltr'><strong>conditione</strong></span> <span class='ocrx_word' id='word_1_79' title='bbox 1136 1515 1218 1596; x_wconf 79' lang='lat' dir='ltr'><strong>„nisi</strong></span> <span class='ocrx_word' id='word_1_80' title='bbox 1239 1513 1297 1578; x_wconf 91' lang='lat' dir='ltr'><strong>Deo</strong></span> 
     </span>
     <span class='ocr_line' id='line_1_13' title="bbox 232 1609 1297 1696; baseline -0.005 -18"><span class='ocrx_word' id='word_1_81' title='bbox 232 1613 329 1678; x_wconf 91' lang='lat' dir='ltr'><strong>aliter</strong></span> <span class='ocrx_word' id='word_1_82' title='bbox 345 1613 536 1696; x_wconf 80' lang='lat' dir='ltr'><strong>placuerit,“</strong></span> <span class='ocrx_word' id='word_1_83' title='bbox 559 1612 720 1696; x_wconf 90' lang='lat' dir='ltr'><strong>quomodo</strong></span> <span class='ocrx_word' id='word_1_84' title='bbox 743 1613 881 1695; x_wconf 91' lang='lat' dir='ltr'><strong>amplius</strong></span> <span class='ocrx_word' id='word_1_85' title='bbox 903 1613 1105 1694; x_wconf 89' lang='lat' dir='ltr'><strong>interrogare</strong></span> <span class='ocrx_word' id='word_1_86' title='bbox 1127 1609 1297 1695; x_wconf 82' lang='lat' dir='ltr'><strong>potuisset?</strong></span> 
     </span>
     <span class='ocr_line' id='line_1_14' title="bbox 231 1710 1297 1796; baseline -0.003 -20"><span class='ocrx_word' id='word_1_87' title='bbox 231 1712 345 1777; x_wconf 87' lang='lat' dir='ltr'><strong>Nonne</strong></span> <span class='ocrx_word' id='word_1_88' title='bbox 366 1713 522 1796; x_wconf 88' lang='lat' dir='ltr'><strong>religione</strong></span> <span class='ocrx_word' id='word_1_89' title='bbox 544 1733 578 1776; x_wconf 90' lang='lat' dir='ltr'><strong>se</strong></span> <span class='ocrx_word' id='word_1_90' title='bbox 607 1710 748 1776; x_wconf 90' lang='lat' dir='ltr'><strong>solutam</strong></span> <span class='ocrx_word' id='word_1_91' title='bbox 769 1710 917 1789; x_wconf 82' lang='lat' dir='ltr'><strong>vidisset,</strong></span> <span class='ocrx_word' id='word_1_92' title='bbox 947 1711 1077 1775; x_wconf 91' lang='lat' dir='ltr'><strong>sublata</strong></span> <span class='ocrx_word' id='word_1_93' title='bbox 1097 1733 1215 1794; x_wconf 89' lang='lat' dir='ltr'><strong>nempe</strong></span> <span class='ocrx_word' id='word_1_94' title='bbox 1235 1731 1297 1775; x_wconf 89' lang='lat' dir='ltr'><strong>oon·</strong></span> 
     </span>
     <span class='ocr_line' id='line_1_15' title="bbox 232 1809 1297 1894; baseline -0.004 -18"><span class='ocrx_word' id='word_1_95' title='bbox 232 1812 355 1877; x_wconf 88' lang='lat' dir='ltr'><strong>ditione</strong></span> <span class='ocrx_word' id='word_1_96' title='bbox 378 1833 418 1876; x_wconf 87' lang='lat' dir='ltr'><strong>ex</strong></span> <span class='ocrx_word' id='word_1_97' title='bbox 439 1813 551 1894; x_wconf 88' lang='lat' dir='ltr'><strong>agnita</strong></span> <span class='ocrx_word' id='word_1_98' title='bbox 573 1811 635 1875; x_wconf 90' lang='lat' dir='ltr'><strong>Dei</strong></span> <span class='ocrx_word' id='word_1_99' title='bbox 656 1809 833 1888; x_wconf 86' lang='lat' dir='ltr'><strong>voluntate,</strong></span> <span class='ocrx_word' id='word_1_100' title='bbox 856 1816 893 1874; x_wconf 94' lang='lat' dir='ltr'><strong>ut</strong></span> <span class='ocrx_word' id='word_1_101' title='bbox 914 1809 1018 1874; x_wconf 93' lang='lat' dir='ltr'><strong>filium</strong></span> <span class='ocrx_word' id='word_1_102' title='bbox 1038 1811 1194 1892; x_wconf 78' lang='lat' dir='ltr'><strong>pareret?</strong></span> <span class='ocrx_word' id='word_1_103' title='bbox 1224 1811 1297 1874; x_wconf 90' lang='lat' dir='ltr'><strong>Ante</strong></span> 
     </span>
     <span class='ocr_line' id='line_1_16' title="bbox 232 1908 1298 1995; baseline -0.004 -20"><span class='ocrx_word' id='word_1_104' title='bbox 232 1912 521 1995; x_wconf 82' lang='lat' dir='ltr'><strong>interrogationem</strong></span> <span class='ocrx_word' id='word_1_105' title='bbox 549 1911 634 1974; x_wconf 91' lang='lat' dir='ltr'><strong>enim</strong></span> <span class='ocrx_word' id='word_1_106' title='bbox 663 1930 703 1973; x_wconf 87' lang='lat' dir='ltr'><strong>ex</strong></span> <span class='ocrx_word' id='word_1_107' title='bbox 735 1931 758 1974; x_wconf 90' lang='lat' dir='ltr'><strong>s.</strong></span> <span class='ocrx_word' id='word_1_108' title='bbox 789 1909 930 1992; x_wconf 85' lang='lat' dir='ltr'><strong>Spiritus</strong></span> <span class='ocrx_word' id='word_1_109' title='bbox 959 1908 1208 1974; x_wconf 85' lang='lat' dir='ltr'><strong>obumbratione</strong></span> <span class='ocrx_word' id='word_1_110' title='bbox 1235 1930 1298 1973; x_wconf 90' lang='lat' dir='ltr'><strong>con-</strong></span> 
     </span>
     <span class='ocr_line' id='line_1_17' title="bbox 232 2008 1298 2093; baseline -0.005 -18"><span class='ocrx_word' id='word_1_111' title='bbox 232 2017 401 2093; x_wconf 89' lang='lat' dir='ltr'><strong>cepturam</strong></span> <span class='ocrx_word' id='word_1_112' title='bbox 433 2032 467 2074; x_wconf 91' lang='lat' dir='ltr'><strong>se</strong></span> <span class='ocrx_word' id='word_1_113' title='bbox 500 2031 569 2075; x_wconf 89' lang='lat' dir='ltr'><strong>esse</strong></span> <span class='ocrx_word' id='word_1_114' title='bbox 601 2009 746 2074; x_wconf 91' lang='lat' dir='ltr'><strong>nondum</strong></span> <span class='ocrx_word' id='word_1_115' title='bbox 777 2009 931 2088; x_wconf 79' lang='lat' dir='ltr'><strong>sciverat,</strong></span> <span class='ocrx_word' id='word_1_116' title='bbox 972 2030 1072 2093; x_wconf 91' lang='lat' dir='ltr'><strong>quum</strong></span> <span class='ocrx_word' id='word_1_117' title='bbox 1104 2016 1219 2092; x_wconf 91' lang='lat' dir='ltr'><strong>postea</strong></span> <span class='ocrx_word' id='word_1_118' title='bbox 1246 2008 1298 2072; x_wconf 86' lang='lat' dir='ltr'><strong>hoo</strong></span> 
     </span>
     <span class='ocr_line' id='line_1_18' title="bbox 181 2106 1298 2192; baseline -0.004 -18"><span class='ocrx_word' id='word_1_119' title='bbox 181 2175 186 2186; x_wconf 76' lang='grc'><em>,</em></span> <span class='ocrx_word' id='word_1_120' title='bbox 232 2109 474 2174; x_wconf 84' lang='lat' dir='ltr'><strong>annuntiaverit</strong></span> <span class='ocrx_word' id='word_1_121' title='bbox 501 2109 652 2192; x_wconf 84' lang='lat' dir='ltr'><strong>Angelus.</strong></span> <span class='ocrx_word' id='word_1_122' title='bbox 697 2109 731 2173; x_wconf 85' lang='lat' dir='ltr'><strong>Si</strong></span> <span class='ocrx_word' id='word_1_123' title='bbox 750 2130 848 2191; x_wconf 91' lang='lat' dir='ltr'><strong>porro</strong></span> <span class='ocrx_word' id='word_1_124' title='bbox 877 2108 1022 2173; x_wconf 93' lang='lat' dir='ltr'><strong>conditio</strong></span> <span class='ocrx_word' id='word_1_125' title='bbox 1050 2107 1107 2172; x_wconf 89' lang='lat' dir='ltr'><strong>illa</strong></span> <span class='ocrx_word' id='word_1_126' title='bbox 1128 2107 1163 2171; x_wconf 91' lang='lat' dir='ltr'><strong>in</strong></span> <span class='ocrx_word' id='word_1_127' title='bbox 1185 2108 1215 2172; x_wconf 79' lang='lat' dir='ltr'><strong>b.</strong></span> <span class='ocrx_word' id='word_1_128' title='bbox 1236 2106 1298 2170; x_wconf 88' lang='lat' dir='ltr'><strong>Vir·</strong></span> 
     </span>
     <span class='ocr_line' id='line_1_19' title="bbox 232 2207 1298 2292; baseline -0.005 -20"><span class='ocrx_word' id='word_1_129' title='bbox 232 2209 315 2292; x_wconf 90' lang='lat' dir='ltr'><strong>ginis</strong></span> <span class='ocrx_word' id='word_1_130' title='bbox 337 2214 411 2273; x_wconf 84' lang='lat' dir='ltr'><strong>voto</strong></span> <span class='ocrx_word' id='word_1_131' title='bbox 433 2208 605 2285; x_wconf 85' lang='lat' dir='ltr'><strong>adfuisset,</strong></span> <span class='ocrx_word' id='word_1_132' title='bbox 637 2207 800 2272; x_wconf 90' lang='lat' dir='ltr'><strong>undenam</strong></span> <span class='ocrx_word' id='word_1_133' title='bbox 820 2212 898 2272; x_wconf 90' lang='lat' dir='ltr'><strong>tunc</strong></span> <span class='ocrx_word' id='word_1_134' title='bbox 920 2207 977 2272; x_wconf 90' lang='lat' dir='ltr'><strong>illa</strong></span> <span class='ocrx_word' id='word_1_135' title='bbox 999 2207 1114 2290; x_wconf 89' lang='lat' dir='ltr'><strong>angelo</strong></span> <span class='ocrx_word' id='word_1_136' title='bbox 1135 2207 1298 2272; x_wconf 87' lang='lat' dir='ltr'><strong>nuntiante</strong></span> 
     </span>
    </p>
   </div>
   <div class='ocr_carea' id='block_1_5' title="bbox 232 2306 1298 2489">
    <p class='ocr_par' dir='ltr' id='par_1_5' title="bbox 232 2306 1298 2489">
     <span class='ocr_line' id='line_1_20' title="bbox 232 2306 1298 2388; baseline -0.007 -15"><span class='ocrx_word' id='word_1_137' title='bbox 232 2307 400 2373; x_wconf 80' lang='lat' dir='ltr'><strong>turbatio?</strong></span> <span class='ocrx_word' id='word_1_138' title='bbox 420 2306 535 2372; x_wconf 89' lang='lat' dir='ltr'><strong>Nonne</strong></span> <span class='ocrx_word' id='word_1_139' title='bbox 558 2328 597 2371; x_wconf 90' lang='lat' dir='ltr'><strong>ex</strong></span> <span class='ocrx_word' id='word_1_140' title='bbox 617 2307 679 2372; x_wconf 93' lang='lat' dir='ltr'><strong>tali</strong></span> <span class='ocrx_word' id='word_1_141' title='bbox 699 2307 814 2375; x_wconf 90' lang='lat' dir='ltr'><strong>nuntio</strong></span> <span class='ocrx_word' id='word_1_142' title='bbox 832 2307 942 2388; x_wconf 90' lang='lat' dir='ltr'><strong>potius</strong></span> <span class='ocrx_word' id='word_1_143' title='bbox 964 2306 1185 2385; x_wconf 85' lang='lat' dir='ltr'><strong>conclusisset,</strong></span> <span class='ocrx_word' id='word_1_144' title='bbox 1206 2306 1298 2369; x_wconf 88' lang='lat' dir='ltr'><strong>Deum</strong></span> 
     </span>
     <span class='ocr_line' id='line_1_21' title="bbox 232 2401 1234 2489; baseline -0.001 -19"><span class='ocrx_word' id='word_1_145' title='bbox 232 2406 330 2470; x_wconf 89' lang='lat' dir='ltr'><strong>aliter</strong></span> <span class='ocrx_word' id='word_1_146' title='bbox 348 2406 464 2488; x_wconf 86' lang='lat' dir='ltr'><strong>jubere</strong></span> <span class='ocrx_word' id='word_1_147' title='bbox 486 2428 545 2471; x_wconf 89' lang='lat' dir='ltr'><strong>nec</strong></span> <span class='ocrx_word' id='word_1_148' title='bbox 566 2406 634 2470; x_wconf 89' lang='lat' dir='ltr'><strong>voti</strong></span> <span class='ocrx_word' id='word_1_149' title='bbox 656 2406 785 2488; x_wconf 86' lang='lat' dir='ltr'><strong>exigere</strong></span> <span class='ocrx_word' id='word_1_150' title='bbox 805 2405 1075 2489; x_wconf 82' lang='lat' dir='ltr'><strong>promissionem?</strong></span> <span class='ocrx_word' id='word_1_151' title='bbox 1232 2401 1234 2406; x_wconf 74' lang='grc'><strong>’</strong></span> 
     </span>
    </p>
   </div>
   <div class='ocr_carea' id='block_1_6' title="bbox 231 2527 1298 3110">
    <p class='ocr_par' dir='ltr' id='par_1_6' title="bbox 231 2527 1298 3110">
     <span class='ocr_line' id='line_1_22' title="bbox 293 2527 1297 2613; baseline -0.003 -19"><span class='ocrx_word' id='word_1_152' title='bbox 293 2529 323 2594; x_wconf 92' lang='lat' dir='ltr'><strong>b.</strong></span> <span class='ocrx_word' id='word_1_153' title='bbox 356 2530 477 2594; x_wconf 91' lang='lat' dir='ltr'><strong>Votum</strong></span> <span class='ocrx_word' id='word_1_154' title='bbox 497 2530 700 2609; x_wconf 90' lang='lat' dir='ltr'><strong>absolutum,</strong></span> <span class='ocrx_word' id='word_1_155' title='bbox 729 2535 844 2613; x_wconf 92' lang='lat' dir='ltr'><strong>utpote</strong></span> <span class='ocrx_word' id='word_1_156' title='bbox 868 2530 969 2612; x_wconf 89' lang='lat' dir='ltr'><strong>magis</strong></span> <span class='ocrx_word' id='word_1_157' title='bbox 990 2527 1120 2592; x_wconf 92' lang='lat' dir='ltr'><strong>firmum</strong></span> <span class='ocrx_word' id='word_1_158' title='bbox 1141 2550 1180 2592; x_wconf 91' lang='lat' dir='ltr'><strong>ao</strong></span> <span class='ocrx_word' id='word_1_159' title='bbox 1200 2534 1297 2602; x_wconf 87' lang='lat' dir='ltr'><strong>tenax,</strong></span> 
     </span>
     <span class='ocr_line' id='line_1_23' title="bbox 231 2625 1298 2712; baseline -0.003 -20"><span class='ocrx_word' id='word_1_160' title='bbox 231 2628 456 2712; x_wconf 87' lang='lat' dir='ltr'><strong>perfectius</strong></span> <span class='ocrx_word' id='word_1_161' title='bbox 479 2637 511 2694; x_wconf 90' lang='lat' dir='ltr'><strong>et</strong></span> <span class='ocrx_word' id='word_1_162' title='bbox 532 2631 812 2712; x_wconf 90' lang='lat' dir='ltr'><strong>praestantius</strong></span> <span class='ocrx_word' id='word_1_163' title='bbox 834 2637 884 2694; x_wconf 92' lang='lat' dir='ltr'><strong>est</strong></span> <span class='ocrx_word' id='word_1_164' title='bbox 901 2634 976 2693; x_wconf 86' lang='lat' dir='ltr'><strong>voto</strong></span> <span class='ocrx_word' id='word_1_165' title='bbox 995 2626 1232 2705; x_wconf 81' lang='lat' dir='ltr'><strong>conditionat03</strong></span> <span class='ocrx_word' id='word_1_166' title='bbox 1250 2625 1298 2688; x_wconf 86' lang='lat' dir='ltr'><strong>be·</strong></span> 
     </span>
     <span class='ocr_line' id='line_1_24' title="bbox 232 2726 1298 2812; baseline -0.006 -20"><span class='ocrx_word' id='word_1_167' title='bbox 232 2728 379 2793; x_wconf 90' lang='lat' dir='ltr'><strong>atissima</strong></span> <span class='ocrx_word' id='word_1_168' title='bbox 400 2735 511 2793; x_wconf 91' lang='lat' dir='ltr'><strong>autem</strong></span> <span class='ocrx_word' id='word_1_169' title='bbox 531 2729 630 2812; x_wconf 83' lang='lat' dir='ltr'><strong>Virgo</strong></span> <span class='ocrx_word' id='word_1_170' title='bbox 653 2751 687 2793; x_wconf 90' lang='lat' dir='ltr'><strong>sc</strong></span> <span class='ocrx_word' id='word_1_171' title='bbox 709 2729 778 2794; x_wconf 91' lang='lat' dir='ltr'><strong>Deo</strong></span> <span class='ocrx_word' id='word_1_172' title='bbox 801 2727 1001 2793; x_wconf 86' lang='lat' dir='ltr'><strong>consecravit</strong></span> <span class='ocrx_word' id='word_1_173' title='bbox 1021 2726 1222 2809; x_wconf 89' lang='lat' dir='ltr'><strong>perfectiori,</strong></span> <span class='ocrx_word' id='word_1_174' title='bbox 1243 2743 1298 2806; x_wconf 93' lang='lat' dir='ltr'><strong>quo</strong></span> 
     </span>
     <span class='ocr_line' id='line_1_25' title="bbox 232 2825 1298 2910; baseline -0.005 -19"><span class='ocrx_word' id='word_1_175' title='bbox 232 2826 303 2891; x_wconf 88' lang='lat' dir='ltr'><strong>fieri</strong></span> <span class='ocrx_word' id='word_1_176' title='bbox 330 2834 475 2910; x_wconf 88' lang='lat' dir='ltr'><strong>poterat,</strong></span> <span class='ocrx_word' id='word_1_177' title='bbox 509 2828 614 2892; x_wconf 91' lang='lat' dir='ltr'><strong>modo.</strong></span> <span class='ocrx_word' id='word_1_178' title='bbox 664 2828 715 2892; x_wconf 83' lang='lat' dir='ltr'><strong>Ad</strong></span> <span class='ocrx_word' id='word_1_179' title='bbox 742 2829 804 2892; x_wconf 91' lang='lat' dir='ltr'><strong>hoc</strong></span> <span class='ocrx_word' id='word_1_180' title='bbox 833 2828 919 2892; x_wconf 87' lang='lat' dir='ltr'><strong>enim</strong></span> <span class='ocrx_word' id='word_1_181' title='bbox 948 2848 967 2890; x_wconf 93' lang='lat' dir='ltr'><strong>a</strong></span> <span class='ocrx_word' id='word_1_182' title='bbox 997 2826 1065 2891; x_wconf 91' lang='lat' dir='ltr'><strong>Deo</strong></span> <span class='ocrx_word' id='word_1_183' title='bbox 1098 2825 1298 2890; x_wconf 87' lang='lat' dir='ltr'><strong>ordinabatur</strong></span> 
     </span>
     <span class='ocr_line' id='line_1_26' title="bbox 231 2922 1298 3011; baseline -0.006 -20"><span class='ocrx_word' id='word_1_184' title='bbox 231 2927 334 3010; x_wconf 89' lang='lat' dir='ltr'><strong>ipsius</strong></span> <span class='ocrx_word' id='word_1_185' title='bbox 355 2934 475 3007; x_wconf 88' lang='lat' dir='ltr'><strong>votum,</strong></span> <span class='ocrx_word' id='word_1_186' title='bbox 495 2934 533 2992; x_wconf 91' lang='lat' dir='ltr'><strong>ut</strong></span> <span class='ocrx_word' id='word_1_187' title='bbox 554 2928 627 2992; x_wconf 88' lang='lat' dir='ltr'><strong>aliis</strong></span> <span class='ocrx_word' id='word_1_188' title='bbox 648 2949 750 2993; x_wconf 89' lang='lat' dir='ltr'><strong>novae</strong></span> <span class='ocrx_word' id='word_1_189' title='bbox 771 2927 853 3011; x_wconf 89' lang='lat' dir='ltr'><strong>legis</strong></span> <span class='ocrx_word' id='word_1_190' title='bbox 875 2925 1051 3010; x_wconf 87' lang='lat' dir='ltr'><strong>virginibus</strong></span> <span class='ocrx_word' id='word_1_191' title='bbox 1073 2923 1107 2987; x_wconf 92' lang='lat' dir='ltr'><strong>in</strong></span> <span class='ocrx_word' id='word_1_192' title='bbox 1129 2922 1298 3006; x_wconf 88' lang='lat' dir='ltr'><strong>exemplum</strong></span> 
     </span>
     <span class='ocr_line' id='line_1_27' title="bbox 231 3026 1016 3110; baseline -0.003 -20"><span class='ocrx_word' id='word_1_193' title='bbox 231 3033 477 3110; x_wconf 88' lang='lat' dir='ltr'><strong>proponeretur.</strong></span> <span class='ocrx_word' id='word_1_194' title='bbox 520 3027 601 3092; x_wconf 90' lang='lat' dir='ltr'><strong>Illae</strong></span> <span class='ocrx_word' id='word_1_195' title='bbox 622 3049 697 3092; x_wconf 92' lang='lat' dir='ltr'><strong>vero</strong></span> <span class='ocrx_word' id='word_1_196' title='bbox 720 3026 870 3092; x_wconf 90' lang='lat' dir='ltr'><strong>absolute</strong></span> <span class='ocrx_word' id='word_1_197' title='bbox 891 3031 1016 3090; x_wconf 83' lang='lat' dir='ltr'><strong>vovent.</strong></span> 
     </span>
    </p>
   </div>
   <div class='ocr_carea' id='block_1_7' title="bbox 232 3142 1298 4028">
    <p class='ocr_par' dir='ltr' id='par_1_7' title="bbox 232 3142 1298 4028">
     <span class='ocr_line' id='line_1_28' title="bbox 295 3142 1297 3235; baseline -0.006 -21"><span class='ocrx_word' id='word_1_198' title='bbox 295 3171 320 3214; x_wconf 92' lang='lat' dir='ltr'><strong>c.</strong></span> <span class='ocrx_word' id='word_1_199' title='bbox 353 3148 443 3214; x_wconf 89' lang='lat' dir='ltr'><strong>Nihil</strong></span> <span class='ocrx_word' id='word_1_200' title='bbox 464 3158 527 3229; x_wconf 89' lang='lat' dir='ltr'><strong>est,</strong></span> <span class='ocrx_word' id='word_1_201' title='bbox 559 3150 647 3235; x_wconf 92' lang='lat' dir='ltr'><strong>quod</strong></span> <span class='ocrx_word' id='word_1_202' title='bbox 667 3157 798 3232; x_wconf 89' lang='lat' dir='ltr'><strong>urgeat,</strong></span> <span class='ocrx_word' id='word_1_203' title='bbox 828 3149 950 3227; x_wconf 88' lang='lat' dir='ltr'><strong>dicere,</strong></span> <span class='ocrx_word' id='word_1_204' title='bbox 980 3154 1092 3212; x_wconf 83' lang='lat' dir='ltr'><strong>votum</strong></span> <span class='ocrx_word' id='word_1_205' title='bbox 1113 3147 1144 3211; x_wconf 89' lang='lat' dir='ltr'><strong>b.</strong></span> <span class='ocrx_word' id='word_1_206' title='bbox 1169 3142 1297 3229; x_wconf 83' lang='lat' dir='ltr'><strong>Virginis</strong></span> 
     </span>
     <span class='ocr_line' id='line_1_29' title="bbox 232 3245 1298 3314; baseline -0.007 -3"><span class='ocrx_word' id='word_1_207' title='bbox 232 3248 333 3313; x_wconf 85' lang='lat' dir='ltr'><strong>fuisse</strong></span> <span class='ocrx_word' id='word_1_208' title='bbox 354 3256 466 3314; x_wconf 88' lang='lat' dir='ltr'><strong>votum</strong></span> <span class='ocrx_word' id='word_1_209' title='bbox 488 3249 755 3314; x_wconf 90' lang='lat' dir='ltr'><strong>conditionatum.</strong></span> <span class='ocrx_word' id='word_1_210' title='bbox 789 3248 910 3313; x_wconf 89' lang='lat' dir='ltr'><strong>Votum</strong></span> <span class='ocrx_word' id='word_1_211' title='bbox 929 3247 1015 3312; x_wconf 91' lang='lat' dir='ltr'><strong>enim</strong></span> <span class='ocrx_word' id='word_1_212' title='bbox 1033 3245 1219 3310; x_wconf 90' lang='lat' dir='ltr'><strong>absolutum</strong></span> <span class='ocrx_word' id='word_1_213' title='bbox 1235 3263 1298 3308; x_wconf 88' lang='lat' dir='ltr'><strong>con·</strong></span> 
     </span>
     <span class='ocr_line' id='line_1_30' title="bbox 232 3344 1298 3431; baseline -0.009 -19"><span class='ocrx_word' id='word_1_214' title='bbox 232 3348 393 3413; x_wconf 90' lang='lat' dir='ltr'><strong>tinentiae</strong></span> <span class='ocrx_word' id='word_1_215' title='bbox 420 3348 606 3414; x_wconf 86' lang='lat' dir='ltr'><strong>nullatenus</strong></span> <span class='ocrx_word' id='word_1_216' title='bbox 635 3353 797 3431; x_wconf 90' lang='lat' dir='ltr'><strong>repugnat</strong></span> <span class='ocrx_word' id='word_1_217' title='bbox 823 3346 1074 3412; x_wconf 91' lang='lat' dir='ltr'><strong>matrimonio</strong></span> <span class='ocrx_word' id='word_1_218' title='bbox 1103 3367 1163 3410; x_wconf 90' lang='lat' dir='ltr'><strong>nec</strong></span> <span class='ocrx_word' id='word_1_219' title='bbox 1184 3344 1298 3409; x_wconf 89' lang='lat' dir='ltr'><strong>ratione</strong></span> 
     </span>
     <span class='ocr_line' id='line_1_31' title="bbox 233 3437 1298 3524; baseline -0.009 -12"><span class='ocrx_word' id='word_1_220' title='bbox 233 3454 421 3512; x_wconf 90' lang='lat' dir='ltr'><strong>contractus</strong></span> <span class='ocrx_word' id='word_1_221' title='bbox 443 3469 502 3513; x_wconf 87' lang='lat' dir='ltr'><strong>neo</strong></span> <span class='ocrx_word' id='word_1_222' title='bbox 523 3448 650 3512; x_wconf 91' lang='lat' dir='ltr'><strong>ratione</strong></span> <span class='ocrx_word' id='word_1_223' title='bbox 671 3447 879 3524; x_wconf 88' lang='lat' dir='ltr'><strong>sacramenti,</strong></span> <span class='ocrx_word' id='word_1_224' title='bbox 904 3446 961 3510; x_wconf 89' lang='lat' dir='ltr'><strong>sed</strong></span> <span class='ocrx_word' id='word_1_225' title='bbox 982 3437 1298 3510; x_wconf 88' lang='lat' dir='ltr'><strong>consummationi</strong></span> 
     </span>
     <span class='ocr_line' id='line_1_32' title="bbox 233 3541 1298 3627; baseline -0.008 -17"><span class='ocrx_word' id='word_1_226' title='bbox 233 3546 505 3611; x_wconf 88' lang='lat' dir='ltr'><strong>tantummodo</strong></span> <span class='ocrx_word' id='word_1_227' title='bbox 542 3545 801 3623; x_wconf 89' lang='lat' dir='ltr'><strong>matrimonii,</strong></span> <span class='ocrx_word' id='word_1_228' title='bbox 838 3566 903 3610; x_wconf 91' lang='lat' dir='ltr'><strong>non</strong></span> <span class='ocrx_word' id='word_1_229' title='bbox 934 3565 1009 3609; x_wconf 83' lang='lat' dir='ltr'><strong>vero</strong></span> <span class='ocrx_word' id='word_1_230' title='bbox 1045 3544 1154 3627; x_wconf 90' lang='lat' dir='ltr'><strong>quoad</strong></span> <span class='ocrx_word' id='word_1_231' title='bbox 1185 3541 1298 3626; x_wconf 86' lang='lat' dir='ltr'><strong>juset</strong></span> 
     </span>
     <span class='ocr_line' id='line_1_33' title="bbox 232 3643 1297 3729; baseline -0.01 -19"><span class='ocrx_word' id='word_1_232' title='bbox 232 3652 487 3729; x_wconf 87' lang='lat' dir='ltr'><strong>potestatem,</strong></span> <span class='ocrx_word' id='word_1_233' title='bbox 510 3645 567 3710; x_wconf 90' lang='lat' dir='ltr'><strong>sed</strong></span> <span class='ocrx_word' id='word_1_234' title='bbox 588 3645 779 3728; x_wconf 86' lang='lat' dir='ltr'><strong>simpliciter</strong></span> <span class='ocrx_word' id='word_1_235' title='bbox 801 3643 909 3727; x_wconf 93' lang='lat' dir='ltr'><strong>quoad</strong></span> <span class='ocrx_word' id='word_1_236' title='bbox 935 3650 1073 3724; x_wconf 88' lang='lat' dir='ltr'><strong>actum.</strong></span> <span class='ocrx_word' id='word_1_237' title='bbox 1117 3643 1297 3709; x_wconf 86' lang='lat' dir='ltr'><strong>Contractus</strong></span> 
     </span>
     <span class='ocr_line' id='line_1_34' title="bbox 233 3739 1298 3828; baseline -0.004 -18"><span class='ocrx_word' id='word_1_238' title='bbox 233 3746 320 3810; x_wconf 91' lang='lat' dir='ltr'><strong>enim</strong></span> <span class='ocrx_word' id='word_1_239' title='bbox 340 3767 400 3828; x_wconf 90' lang='lat' dir='ltr'><strong>per</strong></span> <span class='ocrx_word' id='word_1_240' title='bbox 427 3767 461 3810; x_wconf 87' lang='lat' dir='ltr'><strong>se</strong></span> <span class='ocrx_word' id='word_1_241' title='bbox 489 3768 555 3810; x_wconf 93' lang='lat' dir='ltr'><strong>non</strong></span> <span class='ocrx_word' id='word_1_242' title='bbox 584 3745 672 3810; x_wconf 88' lang='lat' dir='ltr'><strong>tollit</strong></span> <span class='ocrx_word' id='word_1_243' title='bbox 701 3743 936 3809; x_wconf 89' lang='lat' dir='ltr'><strong>continentiam</strong></span> <span class='ocrx_word' id='word_1_244' title='bbox 956 3748 1131 3826; x_wconf 90' lang='lat' dir='ltr'><strong>potestque</strong></span> <span class='ocrx_word' id='word_1_245' title='bbox 1159 3741 1243 3820; x_wconf 91' lang='lat' dir='ltr'><strong>fieri,</strong></span> <span class='ocrx_word' id='word_1_246' title='bbox 1268 3739 1298 3800; x_wconf 72' lang='lat' dir='ltr'><strong>ul</strong></span> 
     </span>
     <span class='ocr_line' id='line_1_35' title="bbox 234 3837 1297 3929; baseline -0.008 -20"><span class='ocrx_word' id='word_1_247' title='bbox 234 3846 291 3929; x_wconf 91' lang='lat' dir='ltr'><strong>qui</strong></span> <span class='ocrx_word' id='word_1_248' title='bbox 319 3867 392 3911; x_wconf 83' lang='lat' dir='ltr'><strong>vere</strong></span> <span class='ocrx_word' id='word_1_249' title='bbox 422 3845 659 3922; x_wconf 89' lang='lat' dir='ltr'><strong>contraxerint,</strong></span> <span class='ocrx_word' id='word_1_250' title='bbox 691 3850 806 3925; x_wconf 90' lang='lat' dir='ltr'><strong>postea</strong></span> <span class='ocrx_word' id='word_1_251' title='bbox 834 3841 1021 3907; x_wconf 89' lang='lat' dir='ltr'><strong>custodiant</strong></span> <span class='ocrx_word' id='word_1_252' title='bbox 1049 3841 1222 3926; x_wconf 86' lang='lat' dir='ltr'><strong>celantque</strong></span> <span class='ocrx_word' id='word_1_253' title='bbox 1247 3837 1297 3902; x_wconf 84' lang='lat' dir='ltr'><strong>vir·</strong></span> 
     </span>
     <span class='ocr_line' id='line_1_36' title="bbox 232 3937 1297 4028; baseline -0.01 -20"><span class='ocrx_word' id='word_1_254' title='bbox 232 3945 404 4027; x_wconf 88' lang='lat' dir='ltr'><strong>ginitatem</strong></span> <span class='ocrx_word' id='word_1_255' title='bbox 425 3952 632 4028; x_wconf 88' lang='lat' dir='ltr'><strong>perpetuam,</strong></span> <span class='ocrx_word' id='word_1_256' title='bbox 659 3943 744 4008; x_wconf 91' lang='lat' dir='ltr'><strong>sicut</strong></span> <span class='ocrx_word' id='word_1_257' title='bbox 766 3964 806 4007; x_wconf 89' lang='lat' dir='ltr'><strong>ex</strong></span> <span class='ocrx_word' id='word_1_258' title='bbox 827 3942 975 4026; x_wconf 89' lang='lat' dir='ltr'><strong>plurimis</strong></span> <span class='ocrx_word' id='word_1_259' title='bbox 999 3948 1186 4007; x_wconf 87' lang='lat' dir='ltr'><strong>sanctorum</strong></span> <span class='ocrx_word' id='word_1_260' title='bbox 1206 3937 1297 4005; x_wconf 88' lang='lat' dir='ltr'><strong>elucet</strong></span> 
     </span>
    </p>
   </div>
   <div class='ocr_carea' id='block_1_8' title="bbox 0 0 1371 4560">
    <p class='ocr_par' dir='ltr' id='par_1_8' title="bbox 0 0 1371 4560">
     <span class='ocr_line' id='line_1_37' title="bbox 0 0 1371 4560; baseline 0 0"><span class='ocrx_word' id='word_1_261' title='bbox 0 0 1371 4560; x_wconf 95' lang='lat' dir='ltr'><strong> </strong></span> 
     </span>
    </p>
   </div>
  </div>
 </body>
</html>
