2728 4554
778 290 838 351 442

333 466 437 532 ratio
470 463 641 548 suffragari
667 465 804 531 videtur.
855 466 1006 550 Dignitas
1038 467 1125 533 enim
1153 468 1265 534 matris
1291 488 1327 532 se

271 565 411 630 cundum
432 564 585 648 spiritum
605 585 663 628 seu
680 565 787 648 gratia
807 565 1011 632 sanctificans
1031 587 1091 632 nos
1108 587 1170 651 per
1191 567 1328 650 seipsam

272 663 468 744 sanctificat,
511 663 655 729 excludit
682 670 866 747 peccatum,
908 665 1017 731 reddit
1046 686 1107 730 nos
1135 665 1198 730 Dei
1230 665 1328 730 amicos

270 763 420 847 filiosque
450 763 512 828 Dei
539 763 726 846 adoptivos3
755 764 896 846 dignitas
925 785 1001 830 vero
1029 766 1146 830 matris
1173 765 1329 830 secundum

192 909 196 917 ,
270 885 401 928 carnem
426 885 492 928 non
520 869 655 945 generat
682 863 745 927 uisi
769 863 931 947 quandam
957 886 1033 929 cum
1055 865 1125 928 Deo
1147 863 1199 928 vel
1219 864 1327 928 homine

271 962 541 1044 conjunctionem.

332 1061 362 1150 h.
395 1061 437 1140 Ii,
466 1061 523 1144 qui
542 1059 764 1125 Matemitatis
791 1059 983 1143 dignitatem
1010 1059 1128 1145 praef
1132 1067 1250 1126 erunt
1273 1080 1327 1142 gra-

272 1161 339 1226 tiae
361 1159 586 1238 sanctificanti,
609 1158 812 1224 contendunt

333 1287 362 1325 a.
396 1260 589 1342 dignitatem
616 1257 731 1322 Matris
752 1257 814 1322 Dei
840 1258 1005 1340 pertinere
1034 1257 1077 1322 ad
1104 1257 1252 1322 ordinem
1274 1254 1327 1319 uui·

264 1359 340 1438 onis
371 1358 611 1442 hypostaticae,
646 1357 879 1439 perfectionem
910 1378 985 1422 vero
1017 1356 1140 1421 ordinis
1172 1353 1327 1438 superioris

269 1457 464 1540 incompleta
503 1478 560 1521 seu
596 1454 741 1522 solitarie
779 1463 942 1539 sumptam
977 1475 1131 1538 superare
1168 1452 1327 1537 quamlibet

269 1544 504 1638 perfectionem
525 1553 647 1618 ordinis
668 1553 839 1620 inferioris.

331 1661 361 1737 β.
393 1651 638 1718 Matemitatem
658 1651 749 1716 illam
777 1673 847 1717 esse
874 1650 1137 1734 conjunctionem
1163 1649 1327 1716 naturalem

270 1775 343 1818 cum
361 1753 445 1831 De03
468 1751 607 1834 gratiam
624 1771 699 1815 vero
718 1749 975 1815 sanctificantem
994 1749 1254 1831 conjunctionem
1269 1764 1326 1832 pro·

270 1852 387 1917 ducere
405 1849 599 1933 adoptionis.
632 1848 823 1914 Aretissima
842 1855 891 1914 est
909 1848 1093 1931 conjunctio
1111 1848 1253 1932 Virginis
1269 1867 1326 1911 cum

268 1951 375 2016 Verbo
396 1951 578 2026 incernam,
608 1947 661 2012 cui
689 1948 762 2030 ipsa
782 1947 879 2012 simul
904 1954 938 2012 et
957 1946 1074 2011 Matris
1096 1952 1131 2012 et
1151 1947 1255 2011 Patris
1274 1943 1325 2010 offi-

268 2051 353 2114 cium
373 2048 550 2131 praestitit.
594 2046 696 2128 ,Ecce
719 2046 911 2112 miraculum
931 2044 1088 2110 miraculo
1110 2051 1146 2110 et
1162 2044 1326 2128 prodigium

269 2148 459 2232 adjunctum
479 2145 642 2229 prodigia,
671 2144 830 2211 exclamat
851 2152 983 2228 stupore
1005 2143 1129 2209 defixus
1157 2166 1181 2208 s.
1203 2144 1326 2208 Petrus

269 2245 534 2328 Damianus31)
565 2244 745 2328 siquidem
766 2263 900 2326 maguus
928 2242 984 2308 ille
1006 2242 1180 2322 Dominus,
1209 2242 1262 2326 qui
1279 2261 1326 2323 per

269 2367 361 2410 suam
388 2343 640 2410 immensitatem
673 2343 771 2407 rebus
800 2342 948 2407 omnibus
976 2341 1100 2424 triplici
1127 2341 1223 2406 modo
1246 2341 1324 2414 inest,

269 2466 328 2527 per
349 2445 524 2509 essentiam
545 2442 684 2522 scilicet,
713 2462 772 2525 per
792 2441 1013 2524 praesentiam
1033 2447 1067 2506 et
1087 2440 1276 2523 potentiam,
1299 2437 1324 2500 iu

268 2543 400 2626 Virgine
424 2542 533 2626 aliquo
561 2541 625 2606 alio
647 2541 743 2606 modo
765 2541 892 2620 existit,
922 2540 980 2624 qui
999 2539 1110 2622 longe,
1141 2561 1238 2623 quam
1255 2557 1324 2602 com·

267 2642 425 2724 prehendi
452 2647 577 2725 potest,
607 2640 729 2706 arctior
757 2646 808 2704 est
836 2645 870 2704 et
897 2639 1061 2704 vinculum
1089 2640 1198 2704 camis
1224 2640 1254 2703 in
1277 2637 1323 2700 im·

183 2795 187 2809 ,
264 2759 414 2804 mensum
442 2744 583 2822 superat.
627 2737 733 2815 Quum
762 2737 849 2802 Deus
883 2737 918 2801 iu
946 2737 1019 2803 aliis
1047 2738 1146 2803 rebus
1175 2739 1219 2803 sit
1236 2735 1323 2802 tribus

268 2837 386 2917 modis,
416 2838 451 2900 iu
471 2837 603 2919 Virgine
624 2835 689 2900 fuit
712 2843 829 2920 quarto
852 2836 986 2919 speciali
1007 2836 1119 2914 modo,
1142 2837 1260 2901 scilicet
1276 2851 1322 2915 per

268 2934 490 3000 identitatem:
520 2936 597 3019 quia
624 2942 674 3000 est
695 2935 795 3015 idem,
826 2937 914 3019 quod
941 2936 1042 3019 ipsa.“
1085 2935 1192 3018 ,Caro
1213 2929 1320 3006 Christi,

267 3033 375 3115 iuquit
395 3033 468 3099 ideo
490 3034 520 3098 d.
542 3033 840 3117 Augustinus,²)
863 3042 1009 3101 estuare
1030 3035 1186 3100 Mariae.“

330 3159 357 3214 y.
391 3132 505 3198 Cultus
532 3133 744 3216 hyperduliae
774 3133 946 3198 exhibetur
976 3134 1007 3198 b.
1034 3133 1163 3216 Virgini
1188 3131 1319 3216 praecise,

269 3230 346 3311 quia
377 3237 428 3297 est
455 3231 563 3298 Mater
591 3231 661 3297 Dei.
712 3232 750 3296 D.
779 3233 943 3298 Thomas
975 3233 1023 3299 ita
1055 3253 1205 3315 expresse
1234 3231 1318 3294 docet

267 3326 485 3408 ,Exhibetur,
514 3330 665 3413 inquit,³)
693 3330 886 3414 hyperdulia
914 3333 1088 3410 creaturis,
1117 3353 1201 3416 quae
1220 3328 1319 3394 habent

250 3424 442 3530 'specialem
469 3427 660 3495 affinitatem
688 3431 730 3494 ad
753 3430 871 3511 Deum,
902 3432 987 3497 sicut
1007 3433 1125 3497 beatae
1147 3428 1268 3514 Virgini,
1293 3425 1318 3487 iu

268 3530 426 3604 quantum
447 3533 498 3591 est
517 3535 623 3594 mater
644 3529 736 3593 Dei.“

328 3620 428 3687 Juxta
462 3624 558 3708 hujus
593 3627 775 3694 sententiae
806 3634 962 3711 patronos
996 3629 1103 3712 gratia
1137 3624 1316 3694 sanctificans

266 3849 353 3984 Μ’)
375 3849 461 3987 {tempu
486 3853 521 3908 de
542 3855 634 3912 Natis.
651 3855 765 3911 Mariae.
806 3857 827 3923 ²)
848 3857 934 3919 Serm.
959 3856 993 3911 de
1012 3858 1151 3927 Assumpt
1189 3856 1209 3923 ³)
1222 3857 1243 3908 2.
1258 3853 1277 3904 2
1293 3865 1315 3915 q·

332 3946 373 3998 εὖ
403 3974 409 3987 ·
445 3977 451 3990 ·
