2782 4554
765 396 824 457 522

267 575 269 581 ·
313 563 341 622 2.
376 579 423 624 ss.
452 556 601 623 Patres
633 556 673 622 de
703 557 897 623 Sanctorum
928 562 963 622 et
994 577 1019 622 s.
1050 557 1214 640 Deiparae
1246 555 1331 620 invo-

251 657 378 723 catione
411 657 617 722 disserentes.
670 655 718 737 ,0
746 661 861 721 sancta
889 655 952 720 Dei
980 655 1137 738 genitrix,
1171 654 1331 719 exclamat

249 777 276 822 ι.
306 755 535 839 Ephrem,¹)
570 753 629 819 sub
662 754 723 819 alis
753 754 888 837 pietatis
922 760 956 819 et
983 753 1226 818 misericordiae
1258 759 1329 819 tuae

251 862 387 938 protege
416 862 451 921 et
472 853 600 920 custodi
622 875 697 934 nos3
726 875 792 918 non
813 853 908 917 nobis
936 859 986 918 est
1007 853 1085 932 alia,
1116 875 1216 936 quam
1237 853 1273 916 in
1293 859 1330 928 te,

251 953 401 1019 fiducia.“
452 953 594 1035 ,Adesto
624 952 720 1031 mihi,
758 974 776 1017 o
807 951 869 1016 Dei
896 951 1061 1029 Genitriir,
1091 958 1165 1017 orat
1193 973 1218 1016 ι.
1248 951 1331 1032 Epi-

251 1052 483 1136 phanius,²)
513 1073 531 1117 ο
554 1058 659 1116 mater
680 1049 931 1128 misericordiae,
961 1050 1182 1132 inpraesenti
1204 1036 1331 1132 quidem

251 1152 339 1216 vitae
359 1146 473 1230 cursu,
504 1151 639 1216 hostiles
666 1150 808 1233 impetus
836 1170 856 1213 a
885 1169 936 1212 mc
952 1155 1128 1227 avertens,
1158 1169 1198 1213 ac
1227 1149 1264 1212 in
1284 1169 1331 1211 ex·

252 1256 356 1316 tremo
378 1251 464 1316 vitae
492 1248 632 1314 articulo
655 1249 806 1312 miseram
834 1247 976 1311 animam
991 1267 1103 1312 meam
1132 1267 1330 1322 conservans,

253 1357 288 1416 et
315 1350 505 1416 tenebrosos
535 1348 779 1415 daemoniorum
811 1353 964 1430 aspectus
992 1345 1171 1429 repellens3
1208 1345 1245 1409 in
1273 1351 1332 1410 tre·
1386 1357 1387 1368 ³

252 1447 369 1514 mendo
399 1455 510 1513 autem
527 1447 644 1530 judicii
664 1447 724 1528 ,die
754 1446 795 1511 ab
825 1452 960 1511 aeterna
988 1466 1039 1509 me
1068 1444 1280 1509 damnatione
1299 1444 1333 1506 li·
1386 1447 1387 1484 l

252 1548 386 1626 berans;
417 1554 450 1613 et
473 1553 637 1629 postremo
668 1547 701 1610 in
728 1566 863 1610 numero
893 1551 1080 1610 sanctorum
1107 1564 1159 1608 me
1181 1542 1331 1618 referens,

252 1653 352 1729 atquc
373 1647 557 1711 inaccessae
577 1645 638 1710 filii
659 1645 710 1710 tui
730 1644 853 1728 gloriae
873 1642 1049 1708 haeredem
1070 1663 1121 1707 me
1143 1641 1314 1706 efficiens.“

315 1745 498 1840 „Memento
515 1765 681 1810 servorum
696 1750 836 1822 tuorum,
850 1743 1031 1826 alloquitur
1046 1765 1070 1808 s.
1084 1743 1332 1822 Germanus³)

253 1844 284 1908 b
313 1844 495 1928 Virginem,
529 1851 721 1909 cunctorum
753 1842 943 1907 commenda
969 1863 1099 1955 preces,
1132 1841 1234 1907 fidem
1263 1863 1334 1906 con·
1386 1841 1387 1906 l

254 1942 363 2022 firma,
397 1942 550 2008 ecclesias
579 1943 621 2008 ad
649 1943 721 2007 unit
707 1948 810 2007 tatem
839 1954 933 2025 coge,
966 1941 1140 2025 imperium
1168 1939 1334 2023 trophaeis
1386 1973 1387 1996 ι

254 2063 352 2126 auge,
386 2042 544 2106 mundum
575 2063 655 2124 pace
687 2061 860 2122 compone,
898 2038 1098 2124 cunctosque
1131 2060 1151 2103 a
1183 2039 1335 2122 periculis
1386 2083 1387 2086 ,

253 2137 397 2206 liberans
419 2141 544 2207 cunctis
566 2161 665 2204 exora
682 2139 910 2204 retributionis
932 2138 1026 2203 diem
1032 2139 1048 2172 ι
1087 2139 1250 2205 Similiter
1267 2145 1335 2203 crat
1386 2185 1387 2198 ,

240 2239 279 2306 ἰ.
301 2239 562 2322 Anselmusze)
595 2239 723 2321 „Mater
743 2244 865 2316 sancta,
896 2245 1001 2303 mator
1021 2239 1127 2316 unica,
1150 2245 1261 2303 mater
1281 2239 1335 2301 im-

254 2339 435 2417 maculata,
469 2345 575 2403 mater
602 2339 693 2421 pieta
694 2339 736 2404 tis
770 2345 804 2404 et
834 2337 1072 2421 indulgentiae,
1106 2337 1200 2420 aperi
1232 2337 1336 2401 sinum

255 2438 309 2521 pie
311 2438 390 2503 tatis
419 2444 453 2502 et
481 2437 608 2550 suscipe
637 2437 838 2502 mortuum
829 2436 1058 2519 inpeccatis
1082 2435 1216 2500 ..Hoc
1238 2455 1334 2500 unum

254 2543 332 2620 peto
365 2536 399 2600 in
431 2537 560 2608 nominc
591 2535 693 2602 filiit
679 2537 744 2602 tui:
783 2535 868 2602 dona
900 2536 979 2600 mihi
1009 2536 1128 2599 misero
1160 2553 1335 2617 perennem

255 2636 446 2700 memoriam
466 2637 605 2720 nominis
627 2636 692 2715 tui3
721 2637 765 2701 sit
786 2619 878 2700 cibus
900 2634 1129 2712 dulcissimus,
1149 2633 1246 2698 cibus
1268 2653 1335 2697 sua·
1386 2663 1387 2692 l

254 2737 404 2801 sissimus
438 2737 566 2801 animae
601 2737 723 2801 meae.“
777 2736 998 2818 ,Quaeramus
1032 2733 1190 2816 gratiam,
1228 2735 1335 2797 monet
1386 2729 1387 2760 ¹

256 2836 406 2900 Doctor
436 2835 702 2918 Mellifluusl)
740 2856 851 2900 omnes
881 2833 1009 2912 fideles,
1045 2839 1079 2898 et
1110 2852 1171 2915 per
1199 2831 1334 2896 Mariam
1386 2879 1387 2884 ι

256 2955 459 3018 quaeramus,
489 2935 580 3018 quia,
604 2934 691 3019 quod
713 2934 850 3017 quaerit,
879 2933 1010 3011 invenit,
1041 2939 1075 2998 et
1096 2932 1254 2998 frustrari
1275 2951 1334 2995 non

255 3034 396 3116 potest.
439 3033 597 3116 Obsignat
599 3057 638 3100 ur
665 3035 778 3099 eadem
807 3033 956 3099 doctrina
984 3053 1004 3098 a
1031 3055 1054 3096 s.
1079 3033 1252 3115 Scriptura
1279 3053 1334 3095 nec

255 3153 321 3196 non
342 3153 363 3196 a
385 3155 425 3198 ss.
447 3133 600 3198 Patribus
621 3134 725 3199 tradit
712 3141 746 3199 ta
767 3134 868 3199 etiam

313 3231 345 3296 3.
378 3233 545 3298 ratione.

318 3332 430 3398 Sancti
447 3332 581 3398 enimin
597 3333 697 3397 coelis
713 3354 779 3396 non
795 3331 902 3395 minus
919 3329 1062 3395 invocari
1076 3335 1222 3410 possunt,
1240 3347 1335 3410 quam

255 3431 288 3509 ii,
308 3432 365 3514 qui
382 3431 417 3495 in
434 3438 524 3496 terra
541 3437 721 3496 versantur.
765 3429 850 3508 Quid
869 3431 956 3496 enim
977 3429 1108 3494 obstare
1126 3428 1260 3510 posset?
1288 3426 1333 3488 Au

169 3529 170 3532 ’
255 3530 342 3594 forse
369 3531 404 3594 in
432 3531 531 3596 coelis
557 3531 702 3595 invocari
730 3529 893 3594 nolunt?
921 3565 961 3575 -
987 3526 1051 3593 Sed
1080 3526 1209 3609 majori,
1240 3543 1334 3608 quam

256 3635 363 3707 antea,
388 3629 549 3696 charitate
571 3652 648 3713 erga
669 3629 817 3694 homines
838 3634 915 3693 sunt
935 3626 1086 3709 praediti.
1127 3625 1179 3688 An
1198 3623 1332 3687 forsitan

253 3727 393 3810 juvare
412 3750 487 3794 uon
504 3730 693 3812 possunt?
715 3728 830 3793 Gratia
846 3727 990 3810 gaudent
1007 3722 1231 3791 excellentiori
1248 3719 1332 3804 apud
1386 3775 1387 3778 ,

256 3881 452 3892 ——--...

323 3959 342 4024 ¹)
365 3958 398 4014 Iu
421 3978 502 4018 serm.
525 3960 561 4015 de
583 3961 635 4015 Dei
660 3959 806 4030 genitricis
830 3955 965 4012 laudibus.
1007 3957 1029 4024 ¹)
1052 3955 1165 4008 Haereat
1185 3947 1333 4006 nxxvffl.
1386 3947 1387 4024 l

256 4040 277 4107 8)
294 4041 370 4098 Orat.
387 4041 421 4096 de
439 4043 503 4100 don.
521 4044 601 4112 Deip.
633 4045 655 4112 ⁴)
673 4043 748 4097 Orat.
766 4044 808 4096 51.
838 4039 859 4106 ι)
878 4039 964 4096 Seno.
982 4037 1017 4092 de
1035 4040 1132 4106 Aquae
1149 4035 1240 4090 ducta.
