2730 4564
686 410 688 418 ,
771 360 827 444 112

256 529 385 588 amator
404 523 501 601 Deus,
524 523 632 606 inquit
652 543 733 586 ven.
760 521 983 604 Canisius,¹)
1005 521 1086 585 nihil
1107 525 1344 604 praetermisit,

258 623 345 707 quod
377 623 419 688 ad
447 623 585 705 primam
617 627 651 686 et
683 621 819 686 solidam
852 621 975 686 electae
1009 621 1123 687 domus
1155 645 1237 688 suae
1272 619 1354 690 con-l

256 723 471 787 structionem
492 727 671 804 spectaret,
695 727 729 784 et
749 741 815 784 non
836 719 870 784 in
891 720 986 784 domo
1008 728 1197 803 parentum,
1229 726 1292 790 sed
1314 727 1346 790 in

257 823 328 887 loco
361 843 453 886 sacro
485 819 655 903 praeclara
687 819 833 884 subsidia
865 819 1117 902 suppeditavit.“
1167 823 1283 900 Quare
1317 825 1344 888 d.

255 921 531 1002 Hieronymus
567 919 598 982 b.
631 918 797 1000 Virginem
829 939 904 982 cum
935 917 1069 1001 reliquis
1101 922 1226 986 sanctis
1261 902 1355 990 com-l

256 1041 376 1103 parans
398 1020 542 1102 scripsit:
556 1021 581 1102 2)
615 1018 740 1100 „Tanta
772 1025 844 1082 erat
864 1018 989 1082 Mariae
1010 1019 1097 1084 vitae
1125 1021 1281 1100 claritas,
1313 1033 1355 1102 nt,

258 1119 401 1184 omnium
436 1120 536 1183 vitam
572 1118 810 1202 quodammodo
842 1117 1049 1198 obscuraret3
1081 1141 1157 1183 nam
1189 1121 1284 1186 sicut
1317 1115 1355 1186 in?

257 1219 500 1301 comparatione
518 1217 579 1281 Dei
597 1238 692 1281 nemo
710 1217 823 1294 bonus,
843 1216 892 1280 ita
913 1217 948 1280 in
965 1218 1210 1299 comparatione
1227 1220 1348 1286 Matris

259 1318 390 1384 Domini
411 1316 502 1382 nulla
523 1316 687 1380 invenitur
707 1314 854 1398 perfecta
877 1322 1044 1394 creatura,
1072 1318 1220 1398 quamvis
1243 1321 1356 1416 virtu-p

257 1419 346 1483 tibus
369 1417 488 1482 eximia
509 1415 747 1497 comprobetur.
790 1412 882 1478 Unus
904 1420 955 1478 est
972 1413 1071 1478 Pater
1091 1415 1124 1478 in
1145 1416 1260 1496 coelis,
1284 1423 1356 1484 unal

258 1523 310 1582 est
329 1516 437 1581 Mater
457 1516 492 1579 in
513 1522 611 1592 terra,
634 1535 699 1578 una
721 1512 827 1577 forma
847 1512 1009 1577 virtutum
1029 1512 1164 1576 Maria.“

320 1615 351 1680 b.
384 1615 420 1680 Β.
442 1615 541 1697 Virgo
563 1635 583 1678 a
605 1613 782 1678 tenerrima
803 1617 928 1690 aetate,
958 1633 977 1676 a
1005 1613 1219 1696 principio
1249 1639 1347 1682 usus

257 1715 445 1792 rationis,
469 1712 703 1779 absolutum
732 1731 890 1793 semper
916 1710 1063 1775 habuit
1084 1716 1347 1795 propositum

257 1819 504 1897 perpetuam
539 1811 736 1878 servandi
771 1811 1083 1893 virginitatem,
1118 1820 1156 1877 ut
1188 1818 1357 1906 expressel

257 1914 377 1979 docent
407 1935 430 1977 s.
460 1913 649 1994 Thomas‚³)
682 1933 706 1974 s.
734 1910 1001 1992 Bonaventura⁴)
1030 1909 1151 1993 aliique
1180 1916 1357 1980 maximae*

257 2012 467 2077 auctoritatis
488 2011 673 2093 scriptores.
716 2007 975 2073 Perfectissimus
1004 2010 1089 2074 enim
1115 2011 1250 2077 virtutis
1275 2036 1347 2097 gra-

258 2112 319 2177 dus
341 2111 535 2177 tribuendus
562 2118 612 2176 est
632 2110 663 2174 b.
686 2109 827 2192 Virgini,
856 2114 973 2190 utpote
994 2109 1093 2174 matri
1114 2109 1176 2174 Dei
1199 2110 1346 2185 futurae,

257 2210 402 2275 directae
424 2231 592 2292 sempera
618 2209 743 2291 Spiritu
764 2229 798 2286 s.,
829 2213 866 2272 ut
888 2207 976 2290 quod
1002 2208 1071 2273 Deo
1094 2210 1221 2292 gratius
1245 2222 1346 2290 osset,

257 2315 392 2373 amaret.
447 2308 476 2371 A
506 2309 697 2374 beatissima
728 2309 860 2391 Virgine
892 2315 1004 2372 votum
1033 2308 1231 2390 virginitatis
1269 2319 1358 2376 ante*

257 2407 334 2472 Filii
360 2406 412 2472 sui
441 2407 686 2490 conceptionem
714 2407 907 2490 jamdudum
939 2407 1091 2472 emissum
1123 2407 1223 2472 fuisse
1259 2411 1347 2475 infra

258 2506 545 2571 demonstrabitur.
597 2506 791 2588 „Absoluta
824 2507 933 2589 inquit
965 2528 987 2570 s.
1021 2507 1207 2585 Thomas,
1221 2509 1247 2589 ⁵)
1288 2511 1348 2573 Dei

257 2605 399 2688 genitrix
420 2606 642 2688 virginitatem
663 2606 763 2684 novit,
798 2611 898 2670 antea
926 2626 1024 2687 quam
1052 2606 1094 2670 ab
1122 2607 1239 2688 angelo
1265 2631 1348 2674 nun-

257 2706 430 2771 tiaretur.“

319 2825 345 2868 c.
377 2804 412 2867 Β.
436 2803 563 2886 Virgo
585 2826 801 2888 nunquam,
823 2804 874 2868 uti
892 2805 960 2887 jam
981 2825 1080 2886 supra
1102 2804 1348 2888 ostendimus,⁶)

258 2923 332 2968 nec
361 2902 593 2968 venialiter
620 2903 824 2986 peccavit.

318 3001 359 3066 II.
391 3000 650 3067 Beatissima
682 3001 810 3084 Virgo
843 3023 920 3066 non
951 3001 1032 3065 viri
1063 3002 1234 3080 semine,
1276 3004 1348 3070 sed

259 3101 448 3184 Spiritus
477 3124 502 3167 s.
533 3101 779 3184 operatione
808 3100 1015 3166 Christum
1044 3102 1251 3184 concepit

234 3259 236 3262 .
318 3199 381 3264 Hic
401 3198 505 3265 fidei
528 3201 739 3278 articulus,
761 3199 796 3263 in
813 3200 918 3282 primo
937 3199 1151 3264 Lateranensi
1168 3201 1315 3268 concilio
1325 3205 1348 3282 Ι)

258 3297 421 3377 definitus,
445 3299 614 3365 evidenter
636 3305 765 3365 constat

321 3402 348 3461 1.
382 3419 430 3462 ex
450 3421 474 3463 s.
498 3399 722 3483 Scriptura
744 3407 778 3465 et
800 3399 932 3483 quidem

323 3525 352 3562 a.
386 3519 427 3562 ex
447 3499 553 3564 Isaiae
574 3491 728 3565 vaticinio
750 3499 784 3562 in
805 3498 984 3582 appendice
1004 3495 1108 3562 fusius
1131 3494 1295 3578 exposito.

320 3602 350 3677 β.
383 3595 433 3661 Ex
462 3598 635 3681 evangeliis
657 3597 835 3662 secundum
864 3619 904 3662 ss.
927 3595 1132 3661 Matthaeum
1153 3601 1188 3658 et
1210 3594 1347 3662 Lucam.

325 3764 346 3828 ¹)
370 3762 432 3818 Lib.
456 3761 482 3828 1,
509 3763 544 3817 de
562 3763 678 3833 Virgine
703 3782 746 3832 op.
765 3768 805 3821 13.
846 3766 868 3831 ²)
891 3764 923 3818 ln
949 3763 1029 3832 epist
1050 3761 1086 3816 ad
1107 3761 1297 3816 Eustochium
1322 3769 1349 3817 et

256 3845 380 3904 Paulam.
422 3846 443 3914 ⁸)
465 3845 523 3910 Ill,
547 3864 575 3915 p.
599 3864 625 3916 q.
650 3847 776 3914 XXVlll,
800 3864 824 3902 a.
847 3850 865 3900 4
887 3848 917 3900 in
941 3863 1017 3914 corp.
1059 3846 1081 3912 ⁴)
1108 3843 1159 3910 lv,
1184 3843 1250 3900 diat.
1273 3845 1349 3912 XXX,

257 3945 282 3984 a.
301 3932 313 3982 l
333 3947 370 4067 ((39
376 3931 401 3985 2.
442 3929 463 3994 ⁵)
483 3928 582 3998 lll,p.
601 3947 626 3999 q.
644 3929 768 3998 XXVlll,
786 3935 839 3986 art.
855 3933 879 3986 4.
921 3932 943 3996 ⁶)
962 3928 1147 3998 Cfr.pag.56
1168 3945 1210 3998 sq.
1251 3931 1272 3996 ⁷)
1293 3929 1350 3984 Cir.

256 4027 319 4082 pag.
372 4053 379 4067 .
