2814 4548
582 373 640 432 621

68 531 145 596 tatis
168 537 333 611 centrum,
363 532 486 615 inqua
515 531 619 597 solum
647 531 881 596 inviolabiliter
900 532 966 598 fuit
988 533 1153 600 custodita

30 649 33 658 ¹
67 629 190 712 religi0,
211 637 245 695 et
263 653 303 696 ex
324 653 390 716 qua
407 630 577 696 traducem
594 631 672 696 fidei
688 632 836 715 reliquae
858 653 968 697 omnes
986 632 1153 698 Ecclesiae

66 734 259 794 mutuentur
282 735 421 813 oportet.
465 729 582 813 Itaque
604 730 719 795 eadem
737 731 883 795 Romana
902 730 1050 796 Ecclesia
1070 732 1154 797 nihil

67 829 175 910 potins
212 829 343 908 habuit,
383 850 481 912 quam
518 829 793 912 eloquentissimis
827 828 1011 914 quibusque
1047 829 1153 895 modis

66 925 314 992 immaculatam
335 927 478 1010 Virginis
501 928 772 1012 conceptionem,
802 929 938 1012 ejusque
967 928 1092 995 cultum
1120 937 1154 994 et

68 1024 249 1090 doctrinam
271 1047 426 1105 asserere,
450 1027 545 1104 tueri,
568 1049 759 1110 promovere
787 1033 821 1092 et
841 1028 1015 1093 vindicare.
1059 1027 1153 1106 Quod

67 1126 272 1206 apertissime
300 1125 554 1211 planissimeque
582 1132 748 1191 testantur
776 1133 810 1192 et
840 1127 1010 1192 declarant
1032 1133 1083 1192 tot
1104 1127 1153 1191 in-

68 1224 170 1306 signia
209 1246 287 1290 sane
327 1232 402 1289 acta
441 1225 663 1290 Romanorum
701 1224 897 1290 Pontificum
937 1225 1154 1290 Decessorum

67 1321 276 1402 Nostrorum,
307 1323 426 1407 quibus
454 1324 489 1388 in
515 1345 655 1407 persona
676 1323 909 1407 Apostolorum
929 1325 1090 1408 Principis
1111 1325 1152 1390 ab

68 1422 136 1504 ipso
169 1423 301 1488 christo
334 1422 473 1488 Domino
506 1423 663 1488 divinitus
694 1423 759 1489 fuit
794 1424 966 1489 commissa
1001 1444 1154 1506 suprema

69 1543 144 1587 cura
165 1530 267 1606 atque
288 1528 436 1605 potestas
457 1523 613 1604 pascendi
642 1544 742 1606 agnos
765 1529 799 1587 et
821 1543 910 1600 oves,
941 1521 1154 1588 confirmandi

69 1619 195 1700 fratres,
222 1627 256 1686 et
276 1621 461 1686 universam
482 1621 617 1702 regendi
639 1628 673 1686 et
694 1619 898 1704 gubernandi
919 1619 1108 1684 Ecclesiam.

126 1720 301 1786 Enimvero
330 1719 600 1786 Praedecessores
628 1721 741 1786 Nostri
777 1720 986 1786 vehementer
1022 1718 1154 1802 gloriati

69 1826 143 1885 sunt
173 1819 366 1903 Apostolica
394 1841 454 1886 sua
482 1821 681 1886 auctoritate
711 1820 833 1885 festum
862 1819 1091 1902 conceptionis
1118 1819 1153 1882 in

9 1959 10 1962 =
69 1915 215 1984 Romana
231 1918 378 1984 Ecclesia
399 1919 581 1997 instituere,
604 1941 642 1984 ac
663 1919 796 2002 proprio
819 1917 932 1996 officio,
954 1917 1152 2000 propriaque

69 2017 177 2098 missa,
212 1995 331 2102 ciuibus
359 2018 586 2101 praerogativa
613 2017 831 2082 immunitatis
859 2016 900 2080 ab
929 2016 1153 2081 haereditaria

9 2189 10 2193 Ἰ
69 2112 140 2180 labe
173 2117 437 2182 manifestissime
470 2117 693 2195 asserebatur,
727 2136 862 2200 augere,
895 2115 1084 2193 honestare,
1119 2121 1153 2180 et

70 2214 192 2280 cultum
212 2217 280 2298 jam
301 2217 491 2281 institutum
513 2215 601 2279 omni
623 2235 683 2298 ope
705 2236 912 2297 promovere,
942 2214 1152 2297 amplificare,

8 2357 10 2394 3
70 2313 133 2378 sive
155 2315 299 2398 erogatis
328 2314 556 2397 indulgentiis,
587 2314 653 2379 sive
675 2313 834 2379 facultate
863 2314 991 2378 tributa
1012 2315 1152 2379 civitati·

8 2471 10 2480 ,
70 2410 136 2492 bus,
165 2415 341 2498 provinciis
362 2415 544 2497 regnisque,
575 2419 613 2478 ut
634 2413 812 2496 Deiparam
833 2413 893 2476 sub
916 2412 1014 2478 titulo
1036 2413 1153 2477 lmma-

70 2512 196 2578 culatae
219 2512 447 2596 conceptionis
469 2519 641 2594 patronam
670 2511 733 2575 sibi
755 2510 950 2594 deligerent,
979 2510 1045 2575 sive
1067 2532 1153 2576 com·

69 2613 216 2690 probatis
252 2611 506 2688 sodalitatibus,
547 2607 876 2694 Congregationibus,
916 2609 1152 2693 Religiosisque

8 2753 10 2756 -
69 2705 199 2776 familiis
228 2710 271 2776 ad
292 2711 525 2775 Immaculatae
548 2709 777 2793 conceptionis
803 2709 960 2774 honorem
980 2709 1152 2788 institutis,

8 2851 9 2886 1
70 2807 133 2874 sive
153 2810 308 2876 laudibus
331 2831 443 2876 eorum
463 2809 598 2893 pietatis
621 2809 748 2887 delatis,
768 2809 824 2893 qui
844 2809 1053 2886 monasteria,
1075 2829 1153 2873 xen-

70 2905 214 2988 odochia,
236 2909 370 2987 altaria,
393 2908 517 2991 templa
538 2907 598 2972 sub
620 2908 827 2972 Immaculati
848 2907 1032 2992 Conceptus
1053 2907 1152 2973 titulo

71 3009 248 3088 erexerint,
278 3015 338 3073 aut
365 3007 563 3074 sacramenti
590 3007 748 3090 religione
777 3006 974 3088 interposita
994 3006 1153 3071 Immacu-

70 3100 169 3171 latem
197 3107 361 3191 Deiparae
390 3105 644 3189 conceptionem
676 3112 808 3170 strenue
839 3125 1047 3190 propugnare
1079 3125 1153 3189 spc-

70 3206 251 3282 penderint.
309 3207 447 3289 Insuper
479 3225 683 3286 summopere
715 3203 832 3268 laetati
867 3209 946 3268 sunt
977 3202 1153 3268 decernere

72 3298 299 3388 Conceptionis
331 3304 453 3370 festum
485 3303 527 3368 ab
560 3301 649 3370 omni
679 3302 827 3367 Ecclesia
863 3321 934 3366 esse
965 3300 1154 3366 habendum

72 3400 183 3468 eodem
204 3425 303 3468 censu
323 3425 362 3468 ac
383 3424 529 3481 numero,
552 3423 617 3485 quo
638 3400 760 3466 festum
777 3398 978 3480 Natiuitatis,
1000 3399 1153 3484 idemque

72 3494 300 3585 conceptionis
330 3502 453 3568 festum
488 3523 562 3567 cum
596 3506 711 3566 octava
746 3499 787 3565 ab
823 3500 976 3566 universa
1007 3498 1155 3565 Ecclesia

71 3597 316 3681 celebrandum,
350 3608 384 3667 et
411 3601 452 3666 ab
481 3599 631 3665 omnibus
660 3600 747 3664 inter
776 3619 830 3678 ea,
865 3620 948 3684 quae
976 3602 1155 3682 praecepta

71 3705 161 3778 sunt,
205 3707 320 3766 sancte
359 3699 547 3779 colendum,
591 3720 629 3764 ac
667 3696 873 3763 Pontificiam
913 3698 1081 3781 Capellam
1119 3696 1154 3762 in

71 3789 285 3866 Patriarcbali
310 3798 432 3866 Nostra
458 3797 635 3864 Liberiana
655 3796 798 3862 Basilica
826 3796 880 3864 die
902 3797 1043 3880 Virginis
1070 3796 1153 3862 con·

72 3895 212 3978 oeptioni
246 3919 339 3966 sacro
370 3899 546 3984 quotannis
581 3918 651 3964 esse
677 3897 906 3980 peragendam.
961 3898 1071 3982 Atque
1099 3916 1154 3961 ex-

71 3999 220 4074 optantes
248 3997 458 4066 infidelium
485 3997 602 4064 animis
631 3994 778 4080 quotidie
807 3996 910 4080 magis
937 3994 1049 4062 fovere
1068 3994 1153 4064 hanc
