2718 4556
543 343 602 404 329

52 503 188 586 Joseph
217 509 257 568 et
286 503 423 569 Simon
452 509 492 568 et
517 503 666 568 Judas“
694 502 887 586 opinionem,
911 502 951 567 de
973 525 1038 586 qua
1058 504 1111 568 hio

53 624 155 682 sermo,
194 602 420 686 depromptam
456 601 558 668 fuisse
592 610 689 686 putat
722 624 761 667 ex
792 601 967 684 Evangelio
998 603 1115 668 Jacobi

53 701 283 785 subjungitque,
316 723 388 766 eam
416 701 479 766 sibi
508 702 629 785 optime
650 702 790 784 placere.
833 700 1045 783 Apertissime
1067 703 1115 767 ita

52 801 137 865 sensit
157 823 179 864 s.
199 800 458 884 Epiphanius.
500 800 644 882 „Habuit
659 799 791 882 Joseph,
809 799 954 882 inquit,¹)
976 800 1114 882 primam

52 920 127 962 suam
147 919 281 964 uxorem
310 920 349 963 ex
372 898 463 964 tribu
484 900 571 964 Juda
600 906 633 964 et
653 899 782 982 peperit
802 898 883 962 haec
910 898 973 980 ipsi
993 898 1114 964 liberos
1213 901 1218 914 '

52 1019 167 1062 numero
189 1019 260 1076 sex,
291 1004 433 1080 quatuor
459 998 636 1076 masculos,
667 998 747 1062 duas
769 996 930 1076 femellae,
961 999 1114 1081 quemad·

51 1097 165 1160 modum
202 1097 414 1179 Euangelium
458 1097 635 1162 secundum
672 1096 818 1160 Marcum
864 1103 898 1161 et
938 1097 1115 1163 secundum

50 1193 191 1260 loannem
231 1195 487 1260 declaraverunt.
540 1194 694 1260 Habebat
731 1195 832 1278 igitur
862 1195 1115 1278 primogenitum

50 1292 192 1359 Jacobum
214 1342 346 1358 .....
377 1301 411 1359 et
436 1295 549 1376 genuit
577 1293 709 1376 quidem
735 1293 821 1357 huno
842 1293 1000 1358 Jacobum
1029 1295 1115 1359 oiroa

51 1392 318 1476 quadragesimum
349 1392 422 1474 plus
454 1393 560 1457 minus
595 1392 713 1456 aetatis
745 1412 823 1456 suae
855 1414 984 1460 annum.
1037 1393 1116 1458 Post

50 1490 140 1570 ipsum
160 1513 236 1556 vero
259 1490 405 1555 nascitur
433 1490 497 1573 ipsi
516 1489 602 1556 filius
623 1490 699 1555 Jose
721 1497 872 1569 vocatus,
903 1491 1019 1556 deinde
1041 1499 1116 1575 post

51 1609 111 1653 eum
138 1591 283 1667 Simeon,
316 1596 433 1671 postea
460 1590 571 1655 Judas.
621 1591 664 1655 Et
694 1590 777 1655 duae
808 1589 912 1654 filiae:
949 1590 1054 1656 Maria
1083 1597 1116 1656 et

50 1709 119 1769 quae
146 1695 282 1754 vocatur
311 1687 447 1753 Salome.
495 1689 539 1753 Et
567 1694 696 1753 mortua
724 1697 774 1754 est
801 1688 903 1771 ipsius
932 1710 1023 1753 uxor.
1072 1690 1116 1754 Et

50 1795 112 1866 post
131 1788 251 1851 multos
279 1807 381 1850 annos
409 1787 535 1869 accepit
556 1786 693 1851 Mariam
714 1787 843 1866 viduus,
875 1809 973 1871 agens
995 1810 1116 1853 annum

50 1885 203 1951 viduitatis
227 1906 305 1950 suae
325 1885 475 1950 fortassis
497 1887 729 1969 octogesimum
751 1893 784 1951 et
805 1887 958 1970 ultra.“²)

103 2001 271 2066 Consensit
292 2001 342 2064 illi
362 2001 517 2065 Basilii
539 2003 861 2086 menologium‚³)
891 2002 948 2067 ubi
969 2003 1032 2068 ita:
1062 2003 1114 2084 „S.

49 2097 189 2178 lacobus,
219 2099 343 2181 primus
369 2099 667 2182 Hierosolymorum
695 2101 874 2185 Episcopus
877 2150 1006 2165 .....
1051 2101 1117 2166 Cur

50 2205 146 2263 autem
164 2199 228 2264 Dei
248 2198 353 2265 frater
373 2207 516 2279 uocatur,
539 2201 591 2265 hio
612 2200 719 2266 fertur
740 2222 780 2265 ex
800 2200 978 2265 traditione
1000 2220 1114 2264 sermo.

51 2295 143 2373 Quum
162 2300 285 2382 Joseph
307 2320 442 2382 sponsus
464 2306 570 2364 terras
596 2321 671 2364 suas
694 2321 734 2364 ex
754 2300 857 2382 priori
883 2297 1019 2383 conjuge
1040 2298 1116 2363 filiis

50 2396 209 2478 diuideret,
239 2399 402 2481 velletque
423 2406 551 2481 partem
580 2405 712 2464 sanotae
733 2399 875 2482 Virginis
901 2398 968 2463 filio
991 2405 1025 2464 et
1047 2399 1115 2462 Deo

50 2496 176 2577 tradere,
199 2498 258 2562 alii
279 2497 410 2580 quidem
431 2497 562 2562 minime
583 2519 749 2562 assensere
772 2498 854 2562 etc.“

101 2614 188 2680 Inter
225 2622 337 2698 patres
374 2614 495 2678 latinos
533 2613 646 2678 eadem
683 2613 820 2678 tradidit
856 2636 880 2677 e.
913 2613 1114 2676 Hilarius.

50 2709 210 2786 ,Homines
250 2714 446 2796 pravissimi,
493 2714 656 2795 inquit,⁴)
701 2718 915 2796 praesumunt
955 2712 1116 2794 opinionis

50 2829 116 2874 suae
136 2813 375 2891 auctoritatem,
397 2812 484 2896 quod
504 2813 614 2895 plures
634 2813 807 2876 Dominum
828 2819 976 2876 nostrum
996 2810 1117 2874 fratres

49 2905 187 2976 habuisse
216 2913 260 2976 sit
288 2913 455 2977 traditum.
507 2913 570 2990 Qui
598 2913 625 2977 si
653 2913 777 2977 Mariae
808 2911 868 2975 filii
895 2911 1048 2990 fuissent,
1083 2918 1117 2976 et

49 3026 105 3069 nou
123 3011 230 3092 potius
251 3011 374 3094 Joseph
396 3033 435 3075 ex
456 3011 559 3094 priori
588 3012 736 3094 conjugio
759 3011 902 3093 suseepti
924 3011 1006 3076 eto.“
1049 3009 1116 3075 Nec

49 3103 181 3174 dissonat
223 3109 251 3173 d.
293 3111 539 3176 Ambrosius
582 3111 629 3175 ita
668 3111 872 3193 inquiens:⁵)
915 3109 1117 3192 ,Potuerunt
1223 3174 1231 3191 ,

49 3211 146 3270 autem
180 3208 300 3275 fratres
319 3225 407 3274 'esse
443 3231 483 3274 ex
517 3209 654 3292 Joseph,
694 3231 758 3273 non
794 3231 833 3273 ex
867 3209 988 3274 Maria:
1029 3209 1117 3292 quod

50 3304 175 3386 quidem,
198 3309 227 3373 si
248 3309 320 3392 quis
343 3310 530 3392 diligentius
551 3315 777 3391 prosequatur,
800 3309 972 3373 inueniet.“

103 3421 267 3489 Unanimis
298 3446 375 3490 uero
408 3425 505 3489 hodie
544 3425 707 3489 sententia
749 3432 858 3489 sonat:
901 3425 930 3491 S.
959 3426 1118 3511 Joseph

110 3655 127 3716 ¹)
148 3655 256 3710 Haeret.
282 3654 435 3710 LXXVIII.
479 3655 499 3722 2)
523 3656 601 3711 ldem
625 3655 743 3710 habetur
766 3656 841 3709 haer.
865 3656 993 3721 XXVIII,
1019 3664 1047 3714 et
1071 3661 1118 3716 Ll.

50 3729 71 3795 3)
90 3735 128 3788 dd
149 3738 250 3806 XXlll,
276 3739 349 3792 diem
376 3737 511 3793 Octobris.
552 3741 573 3802 ⁴)
597 3737 629 3792 ln
654 3755 713 3806 oap.
740 3739 761 3805 1,
782 3738 880 3793 Matth.
922 3739 943 3806 5)
964 3741 1006 3794 De
1030 3743 1118 3800 instit.

48 3813 118 3885 Virg.
142 3836 182 3888 op.
209 3821 254 3876 Vl.
298 3821 352 3876 Cir.
379 3821 516 3890 Chrysost.
545 3823 574 3876 in
601 3822 675 3876 Orat.
704 3823 739 3876 de
768 3828 888 3889 annunt;
918 3824 1119 3894 Theophylact.

47 3914 124 3965 snper
139 3902 234 3959 Matth.
252 3922 316 3973 opp.
333 3908 373 3970 13,
390 3909 422 3958 27
427 3925 434 3972 ;
458 3905 589 3972 Euthym.
607 3923 665 3972 sup.
683 3907 745 3961 Jos.
762 3904 798 3972 11,
815 3923 899 3973 snper
916 3906 1016 3962 Matth.
1037 3909 1118 3977 x111;

48 3978 117 4050 Orig.
133 4003 212 4054 super
229 3987 329 4042 Matth.
349 3986 427 4054 x111;
446 3989 558 4056 Cajetan
576 3987 611 4042 ad
629 3989 688 4044 Gal.
707 3988 728 4044 l.
