2728 4560
733 357 791 416 178

221 519 336 604 angelo
372 515 476 582 filium
507 515 713 599 promittenti
749 515 957 600 aliquatenus
988 517 1153 585 titubavit.
1207 524 1290 602 Quo-

221 618 350 695 modo,
380 615 502 698 inquit,
533 614 610 680 fiet
636 614 769 680 istud?
800 613 914 699 Neque
936 616 1021 680 enim
1043 639 1080 682 eo
1102 621 1214 702 modo,
1236 647 1290 707 quo

221 718 292 783 fieri
314 717 398 782 solet
418 716 453 779 in
473 713 585 778 terris:
611 714 716 779 virum
736 713 866 796 penitus
886 735 952 779 non
974 736 1140 799 cognosco,
1163 743 1223 786 nec
1241 723 1292 788 filii

222 815 382 883 desiderio
410 835 470 878 neo
498 834 554 896 spe
582 811 713 895 prolis.“
762 812 940 877 Audiamus
968 814 1068 878 etiam
1096 814 1292 886 Nicolaum

222 935 363 999 papam
389 913 451 978 hac
478 911 519 977 de
540 933 576 978 re
597 912 646 976 ita
668 912 896 976 disserentem:
910 914 935 996 ¹)
968 914 1024 996 ,si
1051 916 1293 986 cohabitationis

224 1036 399 1082 consensus
431 1013 673 1078 matrimonium
706 1012 803 1092 facit,
835 1019 914 1078 tunc
949 1012 1055 1079 frater
1088 1038 1162 1082 cum
1194 1042 1293 1086 sorore

222 1113 465 1181 matrimonium
485 1118 595 1195 potest
616 1111 823 1176 contrahere:
846 1112 874 1176 si
895 1113 1034 1178 carnalis
1056 1118 1201 1199 copulae,
1219 1121 1293 1185 inter

222 1215 361 1280 Mariam
375 1218 409 1277 et
419 1212 440 1278 J
442 1211 542 1293 oseph
555 1232 622 1275 non
639 1209 704 1274 fuit
719 1211 912 1293 conjugium.
941 1211 1083 1279 Voverat
1101 1217 1188 1281 enim
1201 1219 1294 1283 Maria

223 1335 258 1380 se
273 1313 430 1396 virginem
445 1315 734 1394 perseveraturam.
757 1309 851 1375 Unde
867 1310 915 1374 ait
927 1309 1066 1394 Angelo:
1085 1314 1293 1396 ,Quomodo

223 1413 301 1477 fiet
323 1409 442 1488 istud,
467 1408 652 1492 quoniam
671 1409 797 1473 virum
818 1430 894 1474 non
921 1413 1157 1493 cognosco?“
1189 1415 1224 1479 id
1243 1421 1293 1494 est,

223 1532 275 1576 me
303 1531 369 1574 non
399 1508 604 1592 cognituram
631 1508 808 1591 proposui?
846 1507 961 1592 Neque
989 1508 1090 1589 enim,
1121 1513 1294 1595 quietum

223 1610 329 1675 virum
357 1626 423 1672 non
452 1604 683 1689 cognoscebat,
716 1627 848 1671 necesse
877 1613 950 1672 erat
977 1607 1113 1690 inquiri,
1144 1612 1294 1694 quomodo
1355 1671 1356 1690 ,

226 1713 337 1792 posset
363 1705 467 1770 filium
493 1705 629 1784 habere,
660 1705 718 1770 sed
746 1706 824 1789 quia
850 1728 1016 1790 nunqnam
1044 1729 1077 1772 se
1105 1712 1297 1794 cognituram
1355 1725 1356 1728 ’

225 1810 451 1890 proposuerat.
506 1803 540 1868 Si
572 1825 648 1886 ergo
686 1810 801 1869 contra
831 1825 926 1868 suum
956 1808 1162 1888 propositum
1191 1818 1297 1893 postea

227 1904 391 1970 consensit
411 1903 446 1967 in
467 1901 630 1967 carnalem
657 1901 822 1984 copulam,
851 1923 909 1967 rea
935 1901 1025 1968 facta
1052 1911 1103 1970 est
1123 1909 1191 1973 voti
1210 1909 1297 1992 virgi-

227 2003 311 2069 nalis
332 2007 450 2080 mente,
473 2001 536 2066 etsi
558 2022 624 2065 non
645 2021 780 2082 corpore
800 2000 932 2080 violati,
954 2003 1042 2084 quod
1063 2003 1103 2068 de
1126 2009 1297 2072 casentino

226 2102 318 2168 nefas
340 2101 419 2166 est.“
520 2119 524 2124 ·
974 2096 977 2107 ‘

291 2201 341 2265 Ex
366 2197 603 2264 recentioribus
626 2198 743 2263 Sotus
756 2198 781 2280 2)
812 2197 934 2281 optime
962 2200 1169 2266 concordat:v
1187 2201 1298 2284 ,Plana

230 2297 317 2364 enim
345 2319 397 2362 res
425 2303 490 2376 est,
520 2296 643 2379 inquit,
672 2297 806 2361 verbum
832 2297 915 2362 illud
940 2319 1006 2362 non
1032 2297 1142 2365 facere
1168 2323 1297 2378 sensum,
1355 2323 1356 2326 ’

228 2399 285 2484 qui
306 2403 364 2477 est,
383 2418 450 2461 non
471 2396 619 2478 cognovi:
642 2395 819 2478 quiaillud
837 2396 881 2461 ad
898 2399 1145 2481 conceptionem
1162 2399 1298 2466 futuram

227 2498 438 2580 impertinens
466 2501 554 2573 erat3
587 2494 645 2558 sod
673 2515 785 2559 sensns
812 2494 892 2573 fuit,
926 2497 1079 2578 quoniam
1111 2499 1214 2564 virum
1241 2521 1298 2563 non

228 2616 421 2681 cognoscere
459 2595 561 2659 statui
596 2601 737 2677 votoque
773 2593 928 2658 firmavi.“
954 2584 956 2592 '
980 2596 1094 2679 Neque
1131 2598 1228 2664 aliter
1259 2599 1298 2663 lo-

230 2696 343 2780 quitur
375 2693 579 2759 doctissimus
610 2692 852 2758 Benedictus
880 2693 982 2758 XIV:
1018 2695 1129 2776 ,Nulli
1160 2697 1296 2780 profecto

229 2795 364 2860 dubium
393 2813 463 2857 esse
489 2797 614 2876 potest,
643 2791 796 2875 inquitl)
828 2793 907 2875 quin
931 2792 1037 2857 Maria
1057 2794 1156 2878 Virgo
1184 2794 1299 2860 voverit

228 2893 458 2978 virginitatem.
518 2892 623 2969 Quum
661 2891 785 2955 monita
820 2890 921 2957 fuerit
958 2891 999 2956 ab
1036 2894 1167 2976 angelo,
1206 2893 1299 2958 filium

231 3016 266 3059 se
297 2993 493 3076 parituram,
531 2991 562 3056 ei
592 2990 777 3072 respondit:
817 2991 1034 3073 ,Quomodo
1075 2991 1152 3058 fiet
1190 2990 1296 3068 istud,

230 3091 414 3176 quoniam
448 3089 573 3155 virum
607 3110 683 3154 non
719 3091 935 3172 cognosco?
973 3090 1063 3169 Quae
1098 3092 1228 3174 quidem
1254 3111 1298 3154 re-

229 3189 359 3273 sponsio
382 3189 510 3254 abunde
531 3189 665 3272 probat,
689 3209 761 3252 eam
781 3194 960 3272 perpetuae
980 3190 1178 3273 virginitatis
1198 3197 1299 3258 votum

228 3288 374 3354 lecisse.“

292 3385 468 3468 Objioies
500 3404 546 3449 a:
578 3385 612 3450 Si
639 3384 670 3448 b.
691 3385 791 3468 Virgo
817 3386 884 3450 tale
912 3386 1021 3452 emisit
1046 3394 1159 3452 votum
1183 3388 1299 3469 hocque

229 3506 295 3550 non
316 3483 468 3549 obstante
488 3482 729 3548 matrimonium
753 3485 928 3563 contraxit,
951 3491 1030 3550 tunc
1050 3486 1188 3551 illudere
1208 3483 1301 3550 voluit

230 3583 299 3648 viro
322 3603 513 3648 consensum
540 3583 574 3646 in
597 3580 748 3665 copulam
775 3584 970 3665 expectanti.
1015 3585 1121 3663 Quum
1149 3600 1300 3652 veronen

299 3830 318 3897 1)
343 3829 478 3894 saun,
506 3847 550 3898 qu.
575 3831 591 3880 a
615 3846 658 3897 ep.
686 3805 873 3896 ,serenans¹
890 3829 940 3885 se.
965 3831 1042 3885 aena
1071 3831 1101 3886 in
1126 3833 1195 3888 oue.
1218 3848 1257 3900 cp.
1292 3871 1298 3896 ‚

230 3911 353 3966 Anselm.
372 3911 406 3965 de
424 3911 522 3966 excell.
540 3911 619 3980 Virg.
637 3928 679 3982 cp.
698 3912 744 3968 lV.
785 3915 806 3979 ²)
823 3912 856 3965 In
874 3911 925 3974 IV,
951 3913 1026 3969 Sent.
1047 3913 1112 3971 dist.
1129 3915 1218 3982 XXX,
1239 3930 1264 3981 q·
1278 3912 1299 3964 2·

229 4011 255 4049 a.
274 3998 296 4051 1.
330 3994 350 4062 ³)
368 3995 409 4050 De
426 3994 504 4049 festis
521 3995 552 4049 Β.
569 3995 674 4050 Mariae
692 3995 818 4064 Virginis
835 4010 878 4064 cp.
896 3994 918 4062 l,
935 4013 961 4051 n.
979 3998 1018 4051 7..
