2726 4560
555 347 592 407 71

47 506 235 574 Probatica.“
280 505 416 572 Saeculo
440 510 487 572 12.
514 506 535 572 J
541 528 687 574 oannes
716 497 866 574 Phocus
894 508 1031 576 eandem
1059 529 1113 576 ex·

47 608 137 690 primit
165 606 382 687 sententiam3
395 606 419 689 ¹)
453 607 582 672 saeculo
610 609 761 692 sequenti
788 629 860 674 eam
885 608 1029 692 produnt
1052 608 1074 674 J
1078 630 1113 676 a·

46 708 144 773 cobus
175 707 224 772 dc
254 706 369 788 Vitry
398 705 580 772 Cardinalis
608 713 641 771 et
668 707 889 774 Guilelmus
916 708 1111 792 Tyrensis.

46 806 108 886 ,Est
126 813 253 884 autem,
272 805 381 888 inquit
397 804 585 883 Guilelmus,
605 805 695 871 locus
710 807 942 890 Hierosolymis
963 807 997 872 in
1017 814 1113 890 parte

46 907 182 972 orientali
197 906 294 989 juxta
308 910 446 986 portam,
464 925 548 987 quae
566 904 687 972 dicitur
701 906 868 990 Josapbat,
886 925 978 972 secus
996 905 1112 985 lacum,

47 1006 88 1085 qui
114 1013 266 1087 tempore
301 1003 436 1085 antiquo
468 1001 643 1068 Probatica
678 1004 849 1071 dicebatur
879 1006 1019 1089 piscina,
1055 1004 1113 1069 ubi

48 1104 218 1168 ostenditur
246 1109 374 1186 crypta,
405 1103 439 1166 in
468 1123 533 1185 qua
552 1103 701 1168 Joachim
730 1112 764 1170 et
790 1105 978 1188 praedictae
999 1105 1112 1170 Annae

44 1203 120 1284 juxta
147 1203 346 1269 traditiones
377 1209 524 1268 veterum
552 1202 751 1269 domicilium
781 1204 896 1283 fuisse,
929 1205 986 1269 ubi
1013 1204 1112 1288 Virgo

47 1311 190 1385 perpetua
219 1309 299 1366 nata
328 1322 398 1366 esse
419 1301 641 1383 perhibetur.“
683 1302 776 1368 Anno
800 1308 888 1369 1320.
911 1303 1026 1369 scribit
1051 1302 1113 1366 Ni-

46 1402 166 1467 colaus
188 1400 367 1484 Pipinns:
391 1399 554 1482 ,Primum
571 1400 673 1484 igitur
693 1402 821 1467 visitavi
838 1401 953 1482 locum,
973 1402 1031 1467 ubi
1047 1400 1112 1466 fuit

48 1499 146 1566 domus
162 1501 208 1566 sti
222 1500 380 1577 Joachim‚
398 1499 455 1580 ubi¹
471 1506 550 1564 nata
569 1507 619 1564 est
634 1499 665 1564 b.
679 1500 778 1584 Virgo
795 1500 920 1566 Maria“
937 1508 971 1567 ct
986 1500 1114 1583 aliquot

46 1620 133 1664 annos
160 1605 236 1682 post
264 1620 339 1663 eum
370 1597 590 1663 Guilelmus
621 1597 850 1664 Baldensel:
887 1599 1033 1682 ,Ibidem
1061 1620 1112 1664 ec·

47 1699 132 1764 clesia
150 1700 181 1764 b.
199 1699 321 1776 Annae,
338 1697 429 1763 aviae
451 1696 581 1762 Christi.
621 1698 707 1763 Satis
724 1697 862 1781 pulchra
883 1704 942 1777 est,
961 1698 1113 1780 contigua

48 1795 177 1862 Piscinae
198 1796 405 1881 probaticae;
427 1795 484 1860 ubi
500 1795 532 1859 b.
547 1796 646 1878 Virgo
668 1801 826 1880 con'cepta
843 1797 943 1874 fuisse
961 1797 1111 1862 dicitur.“

49 1896 156 1973 Quibus
182 1896 391 1962 consentiunt
418 1917 441 1958 s.
464 1895 683 1978 Birgitta,²)
713 1917 797 1980 quae
818 1897 1113 1980 peregrinationem

49 1995 360 2080 Hierosolymitanam
388 2016 461 2059 cum
487 1993 564 2059 filiis
592 1995 749 2077 suscepit,
782 2003 817 2060 ct
845 1995 1109 2074 Quaresmius‚

50 2094 238 2162 doctissimus
259 2101 368 2160 terrac
389 2100 521 2160 sanctae
543 2101 661 2160 custos.

427 2275 721 2292 nmvmmvwvvuvvvvxm

470 2423 573 2557 Gap.
604 2423 666 2531 ΙΙΙ.

87 2631 137 2700 llll
162 2631 1066 2802 BEnmmffiffddomfflssfflm

102 2897 235 2977 ,Rident
247 2900 391 2964 suaviter
403 2898 658 2976 Centuriatores,
671 2897 779 2980 inquit
795 2917 874 2962 ven.
889 2893 1110 2976 Caniniua³)

54 2995 124 3074 quod
139 2999 282 3076 audiant,
298 2998 436 3063 Mariam
452 2998 613 3063 triennem
629 2998 663 3062 in
680 2995 839 3078 templum
853 2995 1025 3073 introduci,
1044 2993 1112 3059 ide·

54 3113 121 3175 oque
136 3119 198 3165 non
219 3098 317 3162 aliter
331 3096 455 3162 factum
471 3102 530 3162 aut
550 3094 723 3161 confictum
740 3095 850 3178 potius
871 3093 973 3159 videri
989 3093 1111 3174 volunt,

55 3198 187 3274 quamsi
214 3197 331 3262 eadem
358 3196 417 3261 sub
439 3203 563 3280 papatu
591 3195 740 3261 monialis
769 3201 870 3274 esset,
900 3201 938 3260 ut
957 3194 1111 3259 irrisoriis

54 3291 176 3373 ipsorum
203 3295 312 3361 verbis
339 3296 501 3360 utamur.“
544 3294 667 3360 Contra
695 3294 790 3373 istos,
820 3293 975 3378 mysteria
1002 3293 1112 3359 ortho-

54 3391 137 3461 doxae
164 3395 241 3462 fidci
271 3417 337 3462 non
363 3417 469 3478 pauca
498 3396 586 3460 inter
616 3395 719 3460 aniles
750 3400 944 3477 reponentes
971 3391 1110 3472 fabulas,

53 3489 76 3552 b·
98 3495 293 3580 Virginem
321 3517 341 3560 a
368 3493 604 3577 parentibus
632 3493 758 3559 fuisse
788 3493 827 3558 in
854 3492 1001 3576 templo
1030 3494 1111 3558 Deo

53 3601 331 3670 praesentatam
351 3594 526 3678 probamus

53 3743 228 3758 5-—

106 3825 125 3892 ¹)
144 3825 176 3881 In
199 3827 331 3897 descript
354 3827 462 3882 itineris
485 3827 527 3881 sui
552 3825 716 3895 cp.XX1V;
741 3825 791 3881 cfr.
812 3824 912 3879 Levini
935 3822 1111 3878 (luido-ludi·

54 3911 164 4044 crteuhl.
181 3927 213 3978 a,
230 3911 280 3965 ubi
297 3914 423 3966 auctores
441 3910 572 3965 citantur.
605 3909 627 3976 2)
643 3909 739 3964 Revcl.
755 3908 804 3964 lib.
821 3907 854 3964 V.
888 3907 910 3976 8)
926 3905 957 3962 L.
976 3922 999 3961 c.
1017 3924 1044 3976 p.
1061 3906 1112 3972 IV,

54 3995 108 4044 rect.
149 4033 156 4046 .
