2728 4560
744 337 804 398 218

230 499 368 565 fratrem
398 505 432 563 et
453 517 597 562 sororem
626 518 690 578 non
719 502 830 580 potest
858 518 928 562 esse
949 503 1096 581 potestas
1125 498 1160 562 in
1179 498 1297 562 invicem

232 600 275 664 ad
302 598 467 664 carnalem
498 597 664 680 copulam,
697 597 783 661 sicut
814 619 874 662 nec
905 597 995 662 licite
1026 597 1167 662 carnalis
1198 595 1296 680 copula
1358 600 1359 615 ¹

230 720 291 764 nec
313 704 500 763 contractus
522 697 781 776 matrimonialis.

294 799 475 880 Expressus
502 818 676 860 consensus
706 795 748 860 ad
777 795 926 879 copulam
947 796 1026 861 licet
1053 796 1096 860 ad
1118 794 1298 860 matrimonii

231 898 376 962 valorem
397 895 528 960 minime
551 895 772 974 desideretur,
800 916 910 959 omnes
930 901 1049 960 ¹tamen
1070 895 1140 960 fere
1162 894 1296 976 theologi,

232 997 432 1063 matrimonii
468 995 632 1060 vinculum
671 1017 710 1060 ex
747 1017 807 1059 sua
844 996 971 1078 ratione
1008 995 1132 1078 absque
1169 995 1234 1060 ullo
1265 992 1298 1058 ad

233 1097 384 1180 copulam
406 1094 519 1159 ordine
542 1115 611 1158 esse
632 1115 697 1160 non
718 1115 813 1176 posse
835 1095 1045 1159 contendunt.

295 1197 345 1260 An
366 1195 489 1278 poterit
510 1193 649 1257 forsitan
677 1192 840 1256 vinculum
867 1192 949 1256 illud
971 1193 1149 1286 consistere
1171 1193 1204 1256 in
1230 1189 1300 1256 sola

232 1295 451 1358 animarum
483 1291 767 1374 conjunctione
800 1312 859 1372 per
888 1291 1094 1356 dilectionem
1128 1299 1162 1356 et
1187 1291 1299 1354 habita·

233 1395 357 1459 tionem
378 1393 489 1457 facta?
519 1391 574 1472 ,si
596 1389 849 1454 cohabitationis
877 1411 1052 1455 consensus
1074 1390 1300 1456 matrimonium

233 1493 329 1572 facit,
364 1493 471 1575 inquit
501 1491 650 1555 Doctor
679 1489 971 1572 Seraphious,¹)
1004 1496 1083 1554 tunc
1112 1490 1216 1554 frater
1243 1509 1301 1554 cum

232 1615 360 1672 sorore,
391 1599 469 1656 tunc
498 1596 593 1673 pater
621 1612 694 1653 cum
722 1589 791 1653 filia
818 1589 1010 1654 contrahere
1029 1591 1179 1670 „potestss
1227 1588 1301 1652 luter

234 1713 345 1756 omnes
366 1691 446 1756 istas
468 1711 622 1772 personas
651 1710 824 1753 consensus
845 1685 920 1752 vere
942 1688 1120 1770 conjugalis
1141 1705 1301 1769 verumque

233 1791 476 1857 matrimonium
503 1789 680 1853 consistere
701 1794 826 1871 posset,
857 1789 885 1852 si
912 1787 1077 1852 vinculum
1105 1795 1140 1852 et
1161 1785 1301 1870 obligatio

234 1889 412 1972 conjugalis
444 1910 509 1952 non
541 1888 718 1970 respiceret
747 1888 965 1953 essentialiter
996 1895 1089 1952 actus
1121 1887 1301 1971 conjugales,

234 1989 293 2053 sed
319 1988 518 2052 individuam
545 1987 744 2052 solummodo
766 1988 864 2052 vitae.
880 1987 1088 2066 societatem3
1121 1987 1213 2051 nulla
1231 1986 1303 2050 enim

233 2093 373 2169 apparet
400 2087 499 2164 ratio,
529 2109 588 2151 cur
615 2087 664 2151 illi
691 2087 855 2152 vinculum
884 2094 918 2152 et
939 2087 1172 2170 obligationem
1198 2087 1240 2151 ad
1264 2087 1303 2148 in·

235 2185 400 2250 dividuam
436 2186 522 2251 vitae
559 2188 751 2250 societatem
786 2187 896 2252 subire
934 2208 999 2250 non
1030 2187 1177 2264 valeant,
1216 2204 1304 2269 quum

234 2283 387 2362 rationes,
411 2283 452 2348 ob
475 2305 556 2366 quas
578 2286 821 2351 matrimonium
841 2286 928 2350 inter
955 2307 1009 2350 eos
1025 2287 1172 2350 existere
1192 2283 1303 2367 nequit,

234 2381 399 2446 vinculum
421 2388 454 2445 et
475 2382 707 2466 obligationem
734 2385 891 2448 adactus
920 2383 1105 2467 conjugales
1133 2383 1304 2457 excludant,

234 2501 396 2546 monuero
418 2479 461 2544 ad
482 2481 682 2546 individuam
703 2484 788 2548 vitae
811 2483 1042 2564 societatem.²)

296 2579 570 2644 Matrimonialem
598 2602 790 2646 consensum
818 2581 852 2645 in
879 2581 1043 2645 vinculum
1072 2581 1169 2646 etin
1195 2580 1305 2662 obliga·

235 2678 359 2742 tionem
380 2679 582 2761 conjugalem
602 2680 683 2744 ferri
710 2680 842 2758 debere,
871 2680 1036 2745 vinculum
1063 2687 1176 2745 autem
1201 2681 1257 2744 hoc
1277 2683 1305 2741 et

236 2775 467 2858 obligationem
503 2779 722 2843 essentialiter
759 2801 824 2843 non
863 2779 905 2844 ad
939 2780 1197 2845 indissolubilem
1228 2779 1306 2842 vitae

234 2876 427 2940 societatem
448 2883 576 2942 tantum
598 2884 631 2942 et
647 2878 928 2943 cohabitationem
948 2879 1118 2960 respicere,
1139 2879 1305 2944 sedetiam

235 2974 278 3038 ad
308 2974 505 3040 exhibendos
537 2983 630 3042 actus
663 2977 863 3060 conjugales,
897 2978 925 3042 si
953 2979 1144 3062 exigantur,
1180 2999 1218 3042 ex
1242 2976 1307 3058 ipsa

236 3073 434 3154 matrimonii
463 3075 496 3138 in
524 3076 676 3158 paradiso
705 3077 910 3140 institutione
939 3098 998 3142 nec
1025 3098 1090 3141 non
1120 3098 1161 3140 ex
1189 3071 1307 3140 Domini

236 3171 343 3236 verbis
365 3171 438 3236 luce
460 3172 579 3238 clarius
601 3180 710 3256 patet:
739 3174 864 3256 ,Quam
885 3175 926 3239 ob
948 3197 1018 3238 rem
1039 3175 1203 3258 relinquet
1221 3174 1307 3236 homo

235 3276 364 3352 patrem
396 3293 490 3335 suurn
522 3279 555 3337 et
586 3280 724 3338 matrem
746 3280 794 3338 'et
825 3273 1018 3338 adhaerebit
1049 3275 1144 3337 uxori
1175 3293 1247 3338 suae
1265 3275 1307 3333 ¹et

237 3376 335 3434 erunt
357 3370 420 3433 duo
443 3371 594 3437 incarne
622 3373 752 3455 una.“³)
795 3373 916 3437 Docuit
937 3394 1012 3455 ergo
1029 3372 1206 3454 Dominus,
1233 3369 1308 3433 hanc

236 3469 430 3534 societatem
447 3471 631 3560 maritalem
649 3473 736 3538 inter
754 3477 892 3536 matrem
909 3478 944 3536 et
959 3471 1071 3549 filium,
1089 3471 1177 3535 inter
1194 3476 1310 3554 patrem

237 3575 272 3632 et
295 3567 397 3632 filiam
418 3569 636 3635 inordinatam
657 3571 796 3654 ideoque
817 3592 882 3634 non
904 3576 1045 3649 castam,
1069 3592 1169 3653 quum
1190 3571 1223 3633 in
1242 3588 1309 3631 con-

304 3738 323 3804 1)
348 3737 439 3806 Opera
463 3737 567 3802 omnia,
594 3737 679 3790 editio
705 3737 849 3806 recognito
873 3753 888 3789 a
913 3735 1020 3789 Peltier
1040 3739 1107 3789 tom.
1132 3735 1183 3799 Vl,
1210 3753 1235 3804 p.
1255 3733 1307 3785 237.

234 3821 256 3888 2)
281 3819 336 3875 Cfr.
360 3809 380 3874 ἑ.
405 3820 502 3876 Thom.
525 3820 555 3873 in
580 3819 628 3885 lv,
653 3818 718 3874 dist.
743 3818 874 3885 xxviii,
900 3836 925 3886 q.
951 3819 1034 3871 unica
1059 3834 1084 3870 a.
1107 3819 1136 3885 43
1164 3817 1228 3872 Soto
1251 3814 1307 3866 dist

237 3902 365 3968 XXVlll,
388 3920 415 3971 q.
437 3905 453 3955 2
475 3920 499 3958 a.
521 3906 550 3972 23
576 3903 702 3971 vasquez
725 3902 754 3954 in
779 3900 828 3968 lll,
853 3918 879 3970 p.
903 3899 974 3969 disp.
997 3901 1104 3966 CXXV,
1130 3917 1172 3970 op.
1193 3903 1208 3954 7
1228 3918 1251 3953 n.
1269 3897 1307 3950 79.

233 3987 256 4053 ³)
275 3986 342 4041 Gen.
360 3986 396 4053 ll,
413 3989 453 4042 24.
799 4001 802 4008 ·
