<?xml version="1.0" encoding="UTF-8"?>
<!DOCTYPE html PUBLIC "-//W3C//DTD XHTML 1.0 Transitional//EN"
    "http://www.w3.org/TR/xhtml1/DTD/xhtml1-transitional.dtd">
<html xmlns="http://www.w3.org/1999/xhtml" xml:lang="en" lang="en">
 <head>
  <title>
</title>
<meta http-equiv="Content-Type" content="text/html;charset=utf-8" />
  <meta name='ocr-system' content='tesseract 3.04.00' />
  <meta name='ocr-capabilities' content='ocr_page ocr_carea ocr_par ocr_line ocrx_word'/>
</head>
<body>
  <div class='ocr_page' id='page_1' title='image "./mariologiaseupo00stamgoog_0599.png"; bbox 0 0 2772 4550; ppageno 0'>
   <div class='ocr_carea' id='block_1_1' title="bbox 333 935 875 1303">
    <p class='ocr_par' dir='ltr' id='par_1_1' title="bbox 333 935 875 1303">
     <span class='ocr_line' id='line_1_1' title="bbox 333 935 875 1075; baseline 0 -2"><span class='ocrx_word' id='word_1_1' title='bbox 333 935 875 1075; x_wconf 80' lang='lat' dir='ltr'><strong>APPENDIGES.</strong></span> 
     </span>
     <span class='ocr_line' id='line_1_2' title="bbox 439 1193 774 1303; baseline -0.003 0"><span class='ocrx_word' id='word_1_2' title='bbox 439 1193 704 1303; x_wconf 80' lang='lat' dir='ltr'>nrrruou</span> <span class='ocrx_word' id='word_1_3' title='bbox 747 1195 774 1303; x_wconf 86' lang='grc' dir='ltr'>ι.</span> 
     </span>
    </p>
   </div>
   <div class='ocr_carea' id='block_1_2' title="bbox 63 1381 1150 1664">
    <p class='ocr_par' dir='ltr' id='par_1_2' title="bbox 63 1381 1150 1650">
     <span class='ocr_line' id='line_1_3' title="bbox 63 1381 1150 1482; baseline 0.004 -28.087"><span class='ocrx_word' id='word_1_4' title='bbox 63 1384 198 1477; x_wconf 79' lang='lat' dir='ltr'>,soon</span> <span class='ocrx_word' id='word_1_5' title='bbox 234 1382 370 1452; x_wconf 81' lang='lat' dir='ltr'>mano</span> <span class='ocrx_word' id='word_1_6' title='bbox 410 1381 641 1450; x_wconf 80' lang='lat' dir='ltr'>conemur</span> <span class='ocrx_word' id='word_1_7' title='bbox 682 1383 738 1451; x_wconf 83' lang='lat' dir='ltr'>ur</span> <span class='ocrx_word' id='word_1_8' title='bbox 774 1383 939 1454; x_wconf 82' lang='lat' dir='ltr'>mmm</span> <span class='ocrx_word' id='word_1_9' title='bbox 978 1389 1150 1482; x_wconf 84' lang='lat' dir='ltr'>rmrun,</span> 
     </span>
     <span class='ocr_line' id='line_1_4' title="bbox 105 1479 1107 1664; baseline -0.008 -113"><span class='ocrx_word' id='word_1_10' title='bbox 105 1483 162 1551; x_wconf 80' lang='lat' dir='ltr'>nr</span> <span class='ocrx_word' id='word_1_11' title='bbox 194 1479 442 1615; x_wconf 82' lang='lat' dir='ltr'>roommon</span> <span class='ocrx_word' id='word_1_12' title='bbox 474 1480 625 1548; x_wconf 85' lang='lat' dir='ltr'>noum</span> <span class='ocrx_word' id='word_1_13' title='bbox 657 1481 763 1550; x_wconf 78' lang='lat' dir='ltr'>uuus</span> <span class='ocrx_word' id='word_1_14' title='bbox 795 1482 1051 1664; x_wconf 54' lang='lat' dir='ltr'>ffflff</span> <span class='ocrx_word' id='word_1_15' title='bbox 1041 1483 1107 1570; x_wconf 71' lang='grc' dir='ltr'>αι)</span> 
     </span>
    </p>
   </div>
   <div class='ocr_carea' id='block_1_3' title="bbox 55 1727 1172 3694">
    <p class='ocr_par' dir='ltr' id='par_1_3' title="bbox 57 1727 1151 2510">
     <span class='ocr_line' id='line_1_5' title="bbox 126 1727 1150 1814; baseline 0.004 -18"><span class='ocrx_word' id='word_1_16' title='bbox 126 1731 253 1814; x_wconf 81' lang='lat' dir='ltr'>Operae</span> <span class='ocrx_word' id='word_1_17' title='bbox 282 1727 425 1810; x_wconf 89' lang='lat' dir='ltr'>pretium</span> <span class='ocrx_word' id='word_1_18' title='bbox 454 1748 514 1791; x_wconf 87' lang='lat' dir='ltr'>nee</span> <span class='ocrx_word' id='word_1_19' title='bbox 542 1748 608 1791; x_wconf 93' lang='lat' dir='ltr'>non</span> <span class='ocrx_word' id='word_1_20' title='bbox 638 1749 734 1811; x_wconf 88' lang='lat' dir='ltr'>soopo</span> <span class='ocrx_word' id='word_1_21' title='bbox 764 1729 858 1795; x_wconf 92' lang='lat' dir='ltr'>nobis</span> <span class='ocrx_word' id='word_1_22' title='bbox 887 1731 1032 1814; x_wconf 86' lang='lat' dir='ltr'>praefixo</span> <span class='ocrx_word' id='word_1_23' title='bbox 1060 1734 1150 1800; x_wconf 91' lang='lat' dir='ltr'>haud</span> 
     </span>
     <span class='ocr_line' id='line_1_6' title="bbox 62 1824 1149 1903; baseline 0.002 -6"><span class='ocrx_word' id='word_1_24' title='bbox 62 1828 309 1896; x_wconf 80' lang='lat' dir='ltr'>disconveniens</span> <span class='ocrx_word' id='word_1_25' title='bbox 338 1825 416 1903; x_wconf 90' lang='lat' dir='ltr'>erit,</span> <span class='ocrx_word' id='word_1_26' title='bbox 446 1825 530 1890; x_wconf 89' lang='lat' dir='ltr'>hano</span> <span class='ocrx_word' id='word_1_27' title='bbox 558 1824 772 1891; x_wconf 76' lang='lat' dir='ltr'>illustrissimi</span> <span class='ocrx_word' id='word_1_28' title='bbox 800 1829 920 1894; x_wconf 87' lang='lat' dir='ltr'>veteris</span> <span class='ocrx_word' id='word_1_29' title='bbox 948 1830 1149 1899; x_wconf 75' lang='lat' dir='ltr'>Testamenti</span> 
     </span>
     <span class='ocr_line' id='line_1_7' title="bbox 61 1922 1151 2018; baseline 0.004 -24"><span class='ocrx_word' id='word_1_30' title='bbox 61 1929 149 2018; x_wconf 84' lang='lat' dir='ltr'>vatis</span> <span class='ocrx_word' id='word_1_31' title='bbox 170 1927 274 1992; x_wconf 84' lang='lat' dir='ltr'>fusius</span> <span class='ocrx_word' id='word_1_32' title='bbox 304 1923 467 2007; x_wconf 83' lang='lat' dir='ltr'>explicare</span> <span class='ocrx_word' id='word_1_33' title='bbox 488 1922 712 2007; x_wconf 79' lang='lat' dir='ltr'>prophetiam,</span> <span class='ocrx_word' id='word_1_34' title='bbox 743 1947 841 2007; x_wconf 89' lang='lat' dir='ltr'>quam</span> <span class='ocrx_word' id='word_1_35' title='bbox 862 1927 976 1994; x_wconf 87' lang='lat' dir='ltr'>Patres</span> <span class='ocrx_word' id='word_1_36' title='bbox 997 1933 1151 1998; x_wconf 89' lang='lat' dir='ltr'>vetustis·</span> 
     </span>
     <span class='ocr_line' id='line_1_8' title="bbox 60 2022 1149 2108; baseline 0.005 -15"><span class='ocrx_word' id='word_1_37' title='bbox 60 2029 137 2094; x_wconf 87' lang='lat' dir='ltr'>simi</span> <span class='ocrx_word' id='word_1_38' title='bbox 169 2048 207 2092; x_wconf 86' lang='lat' dir='ltr'>ao</span> <span class='ocrx_word' id='word_1_39' title='bbox 239 2023 463 2108; x_wconf 80' lang='lat' dir='ltr'>probatissimi</span> <span class='ocrx_word' id='word_1_40' title='bbox 500 2022 683 2105; x_wconf 89' lang='lat' dir='ltr'>exemplum</span> <span class='ocrx_word' id='word_1_41' title='bbox 719 2033 892 2108; x_wconf 89' lang='lat' dir='ltr'>sequentes</span> <span class='ocrx_word' id='word_1_42' title='bbox 929 2050 953 2092; x_wconf 93' lang='lat' dir='ltr'>s.</span> <span class='ocrx_word' id='word_1_43' title='bbox 987 2029 1149 2098; x_wconf 79' lang='lat' dir='ltr'>Matthaei</span> 
     </span>
     <span class='ocr_line' id='line_1_9' title="bbox 59 2122 1149 2210; baseline 0.003 -17"><span class='ocrx_word' id='word_1_44' title='bbox 59 2123 327 2210; x_wconf 67' lang='lat' dir='ltr'>avangelistaer)</span> <span class='ocrx_word' id='word_1_45' title='bbox 356 2123 399 2188; x_wconf 91' lang='lat' dir='ltr'>ad</span> <span class='ocrx_word' id='word_1_46' title='bbox 428 2122 715 2188; x_wconf 86' lang='lat' dir='ltr'>demonstrandam</span> <span class='ocrx_word' id='word_1_47' title='bbox 744 2131 777 2189; x_wconf 92' lang='lat' dir='ltr'>et</span> <span class='ocrx_word' id='word_1_48' title='bbox 799 2125 1005 2192; x_wconf 82' lang='lat' dir='ltr'>divinitatem</span> <span class='ocrx_word' id='word_1_49' title='bbox 1027 2128 1149 2195; x_wconf 86' lang='lat' dir='ltr'>Christi</span> 
     </span>
     <span class='ocr_line' id='line_1_10' title="bbox 60 2221 1151 2306; baseline 0.003 -14"><span class='ocrx_word' id='word_1_50' title='bbox 60 2227 139 2292; x_wconf 88' lang='lat' dir='ltr'>Filii</span> <span class='ocrx_word' id='word_1_51' title='bbox 168 2232 201 2290; x_wconf 92' lang='lat' dir='ltr'>et</span> <span class='ocrx_word' id='word_1_52' title='bbox 229 2223 406 2306; x_wconf 86' lang='lat' dir='ltr'>virgineam</span> <span class='ocrx_word' id='word_1_53' title='bbox 434 2222 644 2286; x_wconf 87' lang='lat' dir='ltr'>beatissimae</span> <span class='ocrx_word' id='word_1_54' title='bbox 666 2221 807 2305; x_wconf 85' lang='lat' dir='ltr'>Virginis</span> <span class='ocrx_word' id='word_1_55' title='bbox 836 2226 1082 2293; x_wconf 87' lang='lat' dir='ltr'>maternitatem</span> <span class='ocrx_word' id='word_1_56' title='bbox 1103 2229 1151 2295; x_wconf 88' lang='lat' dir='ltr'>al-</span> 
     </span>
     <span class='ocr_line' id='line_1_11' title="bbox 59 2319 1150 2409; baseline 0.002 -18"><span class='ocrx_word' id='word_1_57' title='bbox 59 2325 244 2409; x_wconf 85' lang='lat' dir='ltr'>legaverint</span> <span class='ocrx_word' id='word_1_58' title='bbox 272 2341 435 2406; x_wconf 85' lang='lat' dir='ltr'>quamque</span> <span class='ocrx_word' id='word_1_59' title='bbox 463 2319 596 2399; x_wconf 82' lang='lat' dir='ltr'>Judaei,</span> <span class='ocrx_word' id='word_1_60' title='bbox 627 2321 724 2386; x_wconf 85' lang='lat' dir='ltr'>sicuti</span> <span class='ocrx_word' id='word_1_61' title='bbox 752 2343 817 2387; x_wconf 94' lang='lat' dir='ltr'>non</span> <span class='ocrx_word' id='word_1_62' title='bbox 845 2326 941 2406; x_wconf 86' lang='lat' dir='ltr'>pauci</span> <span class='ocrx_word' id='word_1_63' title='bbox 971 2325 1150 2394; x_wconf 83' lang='lat' dir='ltr'>Christiani</span> 
     </span>
     <span class='ocr_line' id='line_1_12' title="bbox 57 2420 818 2510; baseline -0.008 -20"><span class='ocrx_word' id='word_1_64' title='bbox 57 2425 268 2510; x_wconf 83' lang='lat' dir='ltr'>judaizantes</span> <span class='ocrx_word' id='word_1_65' title='bbox 290 2421 415 2503; x_wconf 89' lang='lat' dir='ltr'>eripere</span> <span class='ocrx_word' id='word_1_66' title='bbox 437 2420 531 2484; x_wconf 91' lang='lat' dir='ltr'>nohis</span> <span class='ocrx_word' id='word_1_67' title='bbox 553 2421 663 2485; x_wconf 89' lang='lat' dir='ltr'>conati</span> <span class='ocrx_word' id='word_1_68' title='bbox 684 2420 818 2486; x_wconf 84' lang='lat' dir='ltr'>fuerint.</span> 
     </span>
    </p>

    <p class='ocr_par' dir='ltr' id='par_1_4' title="bbox 58 2519 1172 3495">
     <span class='ocr_line' id='line_1_13' title="bbox 125 2519 1147 2605; baseline 0.001 -16"><span class='ocrx_word' id='word_1_69' title='bbox 125 2523 234 2602; x_wconf 83' lang='lat' dir='ltr'>Rasin,</span> <span class='ocrx_word' id='word_1_70' title='bbox 257 2541 332 2604; x_wconf 84' lang='lat' dir='ltr'>rege</span> <span class='ocrx_word' id='word_1_71' title='bbox 355 2520 476 2603; x_wconf 81' lang='lat' dir='ltr'>Syriae,</span> <span class='ocrx_word' id='word_1_72' title='bbox 500 2525 534 2584; x_wconf 91' lang='lat' dir='ltr'>et</span> <span class='ocrx_word' id='word_1_73' title='bbox 554 2519 690 2598; x_wconf 91' lang='lat' dir='ltr'>Phaoee,</span> <span class='ocrx_word' id='word_1_74' title='bbox 713 2541 788 2603; x_wconf 85' lang='lat' dir='ltr'>rege</span> <span class='ocrx_word' id='word_1_75' title='bbox 810 2520 949 2601; x_wconf 89' lang='lat' dir='ltr'>Israelis,</span> <span class='ocrx_word' id='word_1_76' title='bbox 972 2523 1006 2586; x_wconf 93' lang='lat' dir='ltr'>in</span> <span class='ocrx_word' id='word_1_77' title='bbox 1028 2524 1147 2605; x_wconf 88' lang='lat' dir='ltr'>Achaz,</span> 
     </span>
     <span class='ocr_line' id='line_1_14' title="bbox 60 2618 1172 2708; baseline 0.002 -19"><span class='ocrx_word' id='word_1_78' title='bbox 60 2645 173 2708; x_wconf 83' lang='lat' dir='ltr'>regem</span> <span class='ocrx_word' id='word_1_79' title='bbox 189 2621 277 2688; x_wconf 88' lang='lat' dir='ltr'>Juda</span> <span class='ocrx_word' id='word_1_80' title='bbox 295 2626 329 2685; x_wconf 88' lang='lat' dir='ltr'>at</span> <span class='ocrx_word' id='word_1_81' title='bbox 332 2639 394 2703; x_wconf 91' lang='lat' dir='ltr'>qne</span> <span class='ocrx_word' id='word_1_82' title='bbox 416 2619 450 2683; x_wconf 93' lang='lat' dir='ltr'>in</span> <span class='ocrx_word' id='word_1_83' title='bbox 468 2618 583 2683; x_wconf 90' lang='lat' dir='ltr'>urbem</span> <span class='ocrx_word' id='word_1_84' title='bbox 598 2619 619 2683; x_wconf 88' lang='lat' dir='ltr'><strong>J</strong></span> <span class='ocrx_word' id='word_1_85' title='bbox 621 2619 779 2684; x_wconf 90' lang='lat' dir='ltr'>emsalem</span> <span class='ocrx_word' id='word_1_86' title='bbox 801 2641 892 2686; x_wconf 83' lang='lat' dir='ltr'>arma</span> <span class='ocrx_word' id='word_1_87' title='bbox 911 2621 1172 2700; x_wconf 66' lang='lat' dir='ltr'>intentantibus„</span> 
     </span>
     <span class='ocr_line' id='line_1_15' title="bbox 59 2717 1150 2806; baseline -0.001 -18"><span class='ocrx_word' id='word_1_88' title='bbox 59 2726 228 2806; x_wconf 86' lang='lat' dir='ltr'>ingentem</span> <span class='ocrx_word' id='word_1_89' title='bbox 250 2718 363 2803; x_wconf 92' lang='lat' dir='ltr'>populi</span> <span class='ocrx_word' id='word_1_90' title='bbox 385 2718 521 2796; x_wconf 88' lang='lat' dir='ltr'>ruinam,</span> <span class='ocrx_word' id='word_1_91' title='bbox 552 2717 616 2781; x_wconf 91' lang='lat' dir='ltr'>imo</span> <span class='ocrx_word' id='word_1_92' title='bbox 638 2718 740 2801; x_wconf 90' lang='lat' dir='ltr'>ipsius</span> <span class='ocrx_word' id='word_1_93' title='bbox 762 2719 870 2802; x_wconf 86' lang='lat' dir='ltr'>regiae</span> <span class='ocrx_word' id='word_1_94' title='bbox 892 2741 951 2785; x_wconf 90' lang='lat' dir='ltr'>seu</span> <span class='ocrx_word' id='word_1_95' title='bbox 973 2721 1150 2788; x_wconf 88' lang='lat' dir='ltr'>Davidieae</span> 
     </span>
     <span class='ocr_line' id='line_1_16' title="bbox 58 2803 1150 2904; baseline 0 -18"><span class='ocrx_word' id='word_1_96' title='bbox 58 2820 207 2886; x_wconf 86' lang='lat' dir='ltr'>familiae</span> <span class='ocrx_word' id='word_1_97' title='bbox 238 2803 467 2884; x_wconf 89' lang='lat' dir='ltr'>exterminium</span> <span class='ocrx_word' id='word_1_98' title='bbox 498 2837 556 2880; x_wconf 89' lang='lat' dir='ltr'>rex</span> <span class='ocrx_word' id='word_1_99' title='bbox 583 2816 693 2881; x_wconf 81' lang='lat' dir='ltr'>thaz</span> <span class='ocrx_word' id='word_1_100' title='bbox 726 2817 860 2901; x_wconf 91' lang='lat' dir='ltr'>ejusque</span> <span class='ocrx_word' id='word_1_101' title='bbox 896 2819 1019 2885; x_wconf 91' lang='lat' dir='ltr'>subditi</span> <span class='ocrx_word' id='word_1_102' title='bbox 1047 2823 1150 2904; x_wconf 89' lang='lat' dir='ltr'>perti·</span> 
     </span>
     <span class='ocr_line' id='line_1_17' title="bbox 58 2916 1150 3004; baseline -0.001 -18"><span class='ocrx_word' id='word_1_103' title='bbox 58 2921 260 2986; x_wconf 87' lang='lat' dir='ltr'>mescebant.</span> <span class='ocrx_word' id='word_1_104' title='bbox 304 2917 444 3000; x_wconf 71' lang='lat' dir='ltr'>ablegat</span> <span class='ocrx_word' id='word_1_105' title='bbox 445 2937 485 2981; x_wconf 91' lang='lat' dir='ltr'>nr</span> <span class='ocrx_word' id='word_1_106' title='bbox 506 2917 566 2999; x_wconf 83' lang='lat' dir='ltr'>igit</span> <span class='ocrx_word' id='word_1_107' title='bbox 567 2938 607 2980; x_wconf 89' lang='lat' dir='ltr'>ur</span> <span class='ocrx_word' id='word_1_108' title='bbox 627 2939 647 2981; x_wconf 92' lang='lat' dir='ltr'>a</span> <span class='ocrx_word' id='word_1_109' title='bbox 670 2917 739 2982; x_wconf 89' lang='lat' dir='ltr'>Deo</span> <span class='ocrx_word' id='word_1_110' title='bbox 761 2918 863 2982; x_wconf 79' lang='lat' dir='ltr'>isaias</span> <span class='ocrx_word' id='word_1_111' title='bbox 884 2916 1062 3000; x_wconf 87' lang='lat' dir='ltr'>propheta,</span> <span class='ocrx_word' id='word_1_112' title='bbox 1092 2921 1150 3004; x_wconf 88' lang='lat' dir='ltr'>qni</span> 
     </span>
     <span class='ocr_line' id='line_1_18' title="bbox 59 3016 1149 3102; baseline 0 -17"><span class='ocrx_word' id='word_1_113' title='bbox 59 3019 178 3085; x_wconf 87' lang='lat' dir='ltr'>anxios</span> <span class='ocrx_word' id='word_1_114' title='bbox 202 3017 423 3099; x_wconf 88' lang='lat' dir='ltr'>demissosque</span> <span class='ocrx_word' id='word_1_115' title='bbox 446 3016 550 3098; x_wconf 85' lang='lat' dir='ltr'>erigat</span> <span class='ocrx_word' id='word_1_116' title='bbox 572 3036 697 3080; x_wconf 89' lang='lat' dir='ltr'>ammos</span> <span class='ocrx_word' id='word_1_117' title='bbox 719 3022 753 3081; x_wconf 91' lang='lat' dir='ltr'>e</span> <span class='ocrx_word' id='word_1_118' title='bbox 739 3016 1015 3082; x_wconf 86' lang='lat' dir='ltr'>tfoederatornm</span> <span class='ocrx_word' id='word_1_119' title='bbox 1035 3039 1149 3102; x_wconf 82' lang='lat' dir='ltr'>regum</span> 
     </span>
     <span class='ocr_line' id='line_1_19' title="bbox 59 3114 1150 3199; baseline -0.001 -15"><span class='ocrx_word' id='word_1_120' title='bbox 59 3118 198 3197; x_wconf 82' lang='lat' dir='ltr'>cladem,</span> <span class='ocrx_word' id='word_1_121' title='bbox 218 3116 311 3199; x_wconf 85' lang='lat' dir='ltr'>regni</span> <span class='ocrx_word' id='word_1_122' title='bbox 332 3137 408 3180; x_wconf 90' lang='lat' dir='ltr'>vero</span> <span class='ocrx_word' id='word_1_123' title='bbox 424 3115 548 3197; x_wconf 86' lang='lat' dir='ltr'>judaiei</span> <span class='ocrx_word' id='word_1_124' title='bbox 571 3115 703 3180; x_wconf 89' lang='lat' dir='ltr'>nuntiet</span> <span class='ocrx_word' id='word_1_125' title='bbox 720 3114 956 3180; x_wconf 86' lang='lat' dir='ltr'>liberationem.</span> <span class='ocrx_word' id='word_1_126' title='bbox 1000 3117 1052 3181; x_wconf 83' lang='lat' dir='ltr'>Ad</span> <span class='ocrx_word' id='word_1_127' title='bbox 1073 3138 1150 3183; x_wconf 90' lang='lat' dir='ltr'>con-</span> 
     </span>
     <span class='ocr_line' id='line_1_20' title="bbox 58 3214 1149 3298; baseline 0 -16"><span class='ocrx_word' id='word_1_128' title='bbox 58 3217 257 3282; x_wconf 87' lang='lat' dir='ltr'>firmandum</span> <span class='ocrx_word' id='word_1_129' title='bbox 280 3216 366 3278; x_wconf 84' lang='lat' dir='ltr'>hune</span> <span class='ocrx_word' id='word_1_130' title='bbox 393 3215 546 3279; x_wconf 81' lang='lat' dir='ltr'>rinntinm</span> <span class='ocrx_word' id='word_1_131' title='bbox 568 3221 658 3279; x_wconf 81' lang='lat' dir='ltr'>rates</span> <span class='ocrx_word' id='word_1_132' title='bbox 687 3214 868 3296; x_wconf 87' lang='lat' dir='ltr'>alloquitur</span> <span class='ocrx_word' id='word_1_133' title='bbox 888 3235 997 3298; x_wconf 83' lang='lat' dir='ltr'>regem</span> <span class='ocrx_word' id='word_1_134' title='bbox 1019 3217 1149 3282; x_wconf 89' lang='lat' dir='ltr'>nomine</span> 
     </span>
     <span class='ocr_line' id='line_1_21' title="bbox 59 3313 1149 3397; baseline -0.002 -16"><span class='ocrx_word' id='word_1_135' title='bbox 59 3317 142 3381; x_wconf 90' lang='lat' dir='ltr'>Dei:</span> <span class='ocrx_word' id='word_1_136' title='bbox 165 3315 264 3397; x_wconf 84' lang='lat' dir='ltr'>,Pete</span> <span class='ocrx_word' id='word_1_137' title='bbox 286 3313 350 3380; x_wconf 92' lang='lat' dir='ltr'>tihi</span> <span class='ocrx_word' id='word_1_138' title='bbox 371 3314 497 3396; x_wconf 82' lang='lat' dir='ltr'>signum</span> <span class='ocrx_word' id='word_1_139' title='bbox 519 3336 539 3377; x_wconf 89' lang='lat' dir='ltr'>a</span> <span class='ocrx_word' id='word_1_140' title='bbox 561 3313 700 3378; x_wconf 92' lang='lat' dir='ltr'>Domino</span> <span class='ocrx_word' id='word_1_141' title='bbox 724 3313 793 3377; x_wconf 86' lang='lat' dir='ltr'>Deo</span> <span class='ocrx_word' id='word_1_142' title='bbox 815 3320 872 3379; x_wconf 91' lang='lat' dir='ltr'>tuo</span> <span class='ocrx_word' id='word_1_143' title='bbox 895 3313 927 3374; x_wconf 91' lang='lat' dir='ltr'>in</span> <span class='ocrx_word' id='word_1_144' title='bbox 948 3313 1149 3395; x_wconf 85' lang='lat' dir='ltr'>profundum</span> 
     </span>
     <span class='ocr_line' id='line_1_22' title="bbox 58 3412 712 3495; baseline -0.005 -17"><span class='ocrx_word' id='word_1_145' title='bbox 58 3414 192 3493; x_wconf 84' lang='lat' dir='ltr'>insemi,</span> <span class='ocrx_word' id='word_1_146' title='bbox 214 3413 337 3478; x_wconf 82' lang='lat' dir='ltr'>sivein</span> <span class='ocrx_word' id='word_1_147' title='bbox 360 3412 522 3477; x_wconf 80' lang='lat' dir='ltr'>excelsum</span> <span class='ocrx_word' id='word_1_148' title='bbox 544 3413 673 3495; x_wconf 85' lang='lat' dir='ltr'>supra.“</span> <span class='ocrx_word' id='word_1_149' title='bbox 686 3413 712 3492; x_wconf 69' lang='lat'>⁸)</span> 
     </span>
    </p>

    <p class='ocr_par' dir='ltr' id='par_1_5' title="bbox 55 3510 1150 3694">
     <span class='ocr_line' id='line_1_23' title="bbox 124 3510 1150 3594; baseline 0.001 -18"><span class='ocrx_word' id='word_1_150' title='bbox 124 3513 175 3576; x_wconf 90' lang='lat' dir='ltr'>En</span> <span class='ocrx_word' id='word_1_151' title='bbox 203 3512 334 3577; x_wconf 89' lang='lat' dir='ltr'>unioum</span> <span class='ocrx_word' id='word_1_152' title='bbox 365 3510 548 3592; x_wconf 89' lang='lat' dir='ltr'>exemplum</span> <span class='ocrx_word' id='word_1_153' title='bbox 577 3532 596 3576; x_wconf 88' lang='lat' dir='ltr'>a</span> <span class='ocrx_word' id='word_1_154' title='bbox 625 3533 648 3574; x_wconf 93' lang='lat' dir='ltr'>s.</span> <span class='ocrx_word' id='word_1_155' title='bbox 673 3511 843 3594; x_wconf 86' lang='lat' dir='ltr'>Scriptura</span> <span class='ocrx_word' id='word_1_156' title='bbox 871 3510 1029 3588; x_wconf 87' lang='lat' dir='ltr'>relatum,</span> <span class='ocrx_word' id='word_1_157' title='bbox 1061 3513 1150 3594; x_wconf 88' lang='lat' dir='ltr'>quod</span> 
     </span>
     <span class='ocr_line' id='line_1_24' title="bbox 55 3609 1150 3694; baseline -0.001 -17"><span class='ocrx_word' id='word_1_158' title='bbox 55 3610 186 3677; x_wconf 91' lang='lat' dir='ltr'>homini</span> <span class='ocrx_word' id='word_1_159' title='bbox 204 3611 409 3694; x_wconf 79' lang='lat' dir='ltr'>praeceperit</span> <span class='ocrx_word' id='word_1_160' title='bbox 427 3609 523 3687; x_wconf 93' lang='lat' dir='ltr'>Deus,</span> <span class='ocrx_word' id='word_1_161' title='bbox 544 3616 583 3675; x_wconf 92' lang='lat' dir='ltr'>ut</span> <span class='ocrx_word' id='word_1_162' title='bbox 603 3609 639 3673; x_wconf 92' lang='lat' dir='ltr'>in</span> <span class='ocrx_word' id='word_1_163' title='bbox 659 3611 749 3674; x_wconf 89' lang='lat' dir='ltr'>verbi</span> <span class='ocrx_word' id='word_1_164' title='bbox 771 3610 822 3674; x_wconf 90' lang='lat' dir='ltr'>sui</span> <span class='ocrx_word' id='word_1_165' title='bbox 839 3611 1064 3676; x_wconf 88' lang='lat' dir='ltr'>testimonium</span> <span class='ocrx_word' id='word_1_166' title='bbox 1085 3612 1150 3676; x_wconf 91' lang='lat' dir='ltr'>sibi</span> 
     </span>
    </p>
   </div>
   <div class='ocr_carea' id='block_1_4' title="bbox 57 3775 1151 3929">
    <p class='ocr_par' dir='ltr' id='par_1_6' title="bbox 57 3775 1151 3929">
     <span class='ocr_line' id='line_1_25' title="bbox 131 3775 1150 3847; baseline 0.002 -15"><span class='ocrx_word' id='word_1_167' title='bbox 131 3778 150 3845; x_wconf 90' lang='lat'>¹)</span> <span class='ocrx_word' id='word_1_168' title='bbox 168 3778 222 3833; x_wconf 78' lang='lat' dir='ltr'>Cir.</span> <span class='ocrx_word' id='word_1_169' title='bbox 238 3777 403 3833; x_wconf 77' lang='lat' dir='ltr'>Dissertatio</span> <span class='ocrx_word' id='word_1_170' title='bbox 421 3777 473 3832; x_wconf 88' lang='lat' dir='ltr'>Vl:</span> <span class='ocrx_word' id='word_1_171' title='bbox 499 3777 542 3830; x_wconf 90' lang='lat' dir='ltr'>Dn</span> <span class='ocrx_word' id='word_1_172' title='bbox 564 3777 707 3832; x_wconf 70' lang='lat' dir='ltr'>oaraothre</span> <span class='ocrx_word' id='word_1_173' title='bbox 729 3776 778 3832; x_wconf 86' lang='lat' dir='ltr'>des</span> <span class='ocrx_word' id='word_1_174' title='bbox 799 3775 960 3845; x_wconf 76' lang='lat' dir='ltr'>prophetie·</span> <span class='ocrx_word' id='word_1_175' title='bbox 983 3794 1018 3832; x_wconf 88' lang='lat' dir='ltr'>en</span> <span class='ocrx_word' id='word_1_176' title='bbox 1034 3778 1150 3847; x_wconf 75' lang='lat' dir='ltr'>general</span> 
     </span>
     <span class='ocr_line' id='line_1_26' title="bbox 57 3858 1151 3929; baseline 0.001 -14"><span class='ocrx_word' id='word_1_177' title='bbox 57 3865 89 3916; x_wconf 89' lang='lat' dir='ltr'>et</span> <span class='ocrx_word' id='word_1_178' title='bbox 115 3860 151 3915; x_wconf 85' lang='lat' dir='ltr'>de</span> <span class='ocrx_word' id='word_1_179' title='bbox 168 3860 196 3914; x_wconf 76' lang='lat' dir='ltr'>lo</span> <span class='ocrx_word' id='word_1_180' title='bbox 212 3859 360 3929; x_wconf 71' lang='lat' dir='ltr'>prophetie</span> <span class='ocrx_word' id='word_1_181' title='bbox 384 3858 483 3915; x_wconf 84' lang='lat' dir='ltr'>d&#39;lsoie</span> <span class='ocrx_word' id='word_1_182' title='bbox 508 3876 556 3914; x_wconf 86' lang='lat' dir='ltr'>sur</span> <span class='ocrx_word' id='word_1_183' title='bbox 571 3858 757 3914; x_wconf 83' lang='lat' dir='ltr'>l’Emmenuel</span> <span class='ocrx_word' id='word_1_184' title='bbox 782 3875 817 3912; x_wconf 88' lang='lat' dir='ltr'>en</span> <span class='ocrx_word' id='word_1_185' title='bbox 834 3859 1011 3928; x_wconf 83' lang='lat' dir='ltr'>particulier,</span> <span class='ocrx_word' id='word_1_186' title='bbox 1035 3866 1151 3916; x_wconf 79' lang='lat' dir='ltr'>auctore</span> 
     </span>
    </p>
   </div>
   <div class='ocr_carea' id='block_1_5' title="bbox 56 3940 1141 4095">
    <p class='ocr_par' dir='ltr' id='par_1_7' title="bbox 56 3940 1141 4095">
     <span class='ocr_line' id='line_1_27' title="bbox 56 3940 1141 4014; baseline 0.004 -18"><span class='ocrx_word' id='word_1_187' title='bbox 56 3943 96 3998; x_wconf 87' lang='lat' dir='ltr'>ol.</span> <span class='ocrx_word' id='word_1_188' title='bbox 113 3942 271 4012; x_wconf 85' lang='lat' dir='ltr'>Deohamps</span> <span class='ocrx_word' id='word_1_189' title='bbox 289 3942 319 3996; x_wconf 92' lang='lat' dir='ltr'>in</span> <span class='ocrx_word' id='word_1_190' title='bbox 336 3959 435 4013; x_wconf 87' lang='lat' dir='ltr'>opere:</span> <span class='ocrx_word' id='word_1_191' title='bbox 459 3943 517 4011; x_wconf 88' lang='lat' dir='ltr'>„Le</span> <span class='ocrx_word' id='word_1_192' title='bbox 535 3941 629 3999; x_wconf 79' lang='lat' dir='ltr'>Christ</span> <span class='ocrx_word' id='word_1_193' title='bbox 649 3947 678 3997; x_wconf 89' lang='lat' dir='ltr'>et</span> <span class='ocrx_word' id='word_1_194' title='bbox 693 3943 735 3996; x_wconf 88' lang='lat' dir='ltr'>les</span> <span class='ocrx_word' id='word_1_195' title='bbox 754 3940 927 3996; x_wconf 79' lang='lat' dir='ltr'>Antichrist“</span> <span class='ocrx_word' id='word_1_196' title='bbox 944 3959 1007 4011; x_wconf 84' lang='lat' dir='ltr'>pag.</span> <span class='ocrx_word' id='word_1_197' title='bbox 1023 3945 1074 4000; x_wconf 82' lang='grc'>460</span> <span class='ocrx_word' id='word_1_198' title='bbox 1091 3962 1141 4014; x_wconf 82' lang='lat' dir='ltr'>sqq</span> 
     </span>
     <span class='ocr_line' id='line_1_28' title="bbox 56 4025 594 4095; baseline 0.002 -15"><span class='ocrx_word' id='word_1_199' title='bbox 56 4025 79 4091; x_wconf 78' lang='lat'>²)</span> <span class='ocrx_word' id='word_1_200' title='bbox 99 4025 201 4083; x_wconf 73' lang='lat' dir='ltr'>Marah.</span> <span class='ocrx_word' id='word_1_201' title='bbox 219 4026 242 4094; x_wconf 92' lang='lat'>1,</span> <span class='ocrx_word' id='word_1_202' title='bbox 258 4028 291 4079; x_wconf 83' lang='lat'>22</span> <span class='ocrx_word' id='word_1_203' title='bbox 308 4043 348 4095; x_wconf 82' lang='lat' dir='ltr'>eq.</span> <span class='ocrx_word' id='word_1_204' title='bbox 382 4026 404 4092; x_wconf 73' lang='grc'>3)</span> <span class='ocrx_word' id='word_1_205' title='bbox 421 4026 456 4082; x_wconf 84' lang='lat' dir='ltr'>Is.</span> <span class='ocrx_word' id='word_1_206' title='bbox 474 4025 537 4092; x_wconf 87' lang='lat' dir='ltr'>Vll,</span> <span class='ocrx_word' id='word_1_207' title='bbox 555 4028 594 4081; x_wconf 84' lang='lat'>12.</span> 
     </span>
    </p>
   </div>
   <div class='ocr_carea' id='block_1_6' title="bbox 0 0 1390 4550">
    <p class='ocr_par' dir='ltr' id='par_1_8' title="bbox 0 0 1390 4550">
     <span class='ocr_line' id='line_1_29' title="bbox 0 0 1390 4550; baseline 0 0"><span class='ocrx_word' id='word_1_208' title='bbox 0 0 1390 4550; x_wconf 95' lang='lat' dir='ltr'> </span> 
     </span>
    </p>
   </div>
  </div>
 </body>
</html>
