2730 4564
562 362 619 420 171

74 521 213 587 referebat
249 518 443 601 dignitatem
474 540 534 584 nec
570 520 812 603 suspicabatur,
849 522 1130 596 annuntiationem

74 621 102 684 de
119 620 232 685 Massia
260 616 323 681 sibi
344 637 415 681 esse
436 616 567 684 factam.
610 619 737 684 Deinde
766 621 867 686 etiam
893 622 1021 702 medua,
1051 646 1130 707 quo·

74 720 146 785 nodo
169 740 210 784 ex
230 716 363 798 Virgine
384 722 574 783 nasceretur
594 717 744 797 Messias,
774 718 865 783 illam
885 720 992 787 latuit.
1035 723 1129 788 Unde

71 821 170 902 optime
211 839 235 881 s.
274 815 521 880 Ambrosius:
538 816 561 896 ¹)
603 816 712 897 ,Bene
753 818 927 901 quaesivit,
968 822 1129 903 quomodo

70 917 150 984 fieret.
193 917 334 998 Legerat
355 911 454 990 enim,
484 913 561 996 quia
582 914 671 996 virgo
693 923 878 997 generaret;
908 939 974 982 non
994 918 1128 1003 legerat,

70 1016 208 1098 quomodo
241 1016 420 1096 generaret.
470 1011 625 1094 Legerat:
659 1009 763 1094 „Ecce
792 1014 891 1098 Virgo
924 1017 1063 1101 accipiet
1094 1020 1130 1084 in

69 1116 178 1195 utero;“
208 1110 369 1197 quomodo
396 1116 507 1175 autem
534 1111 713 1193 acciperet,
741 1112 776 1176 in
802 1116 967 1198 evangelio
988 1118 1129 1200 primum

69 1217 181 1298 angelus
204 1219 255 1280 est
275 1210 434 1276 locutus.“
476 1210 639 1275 Probatur

113 1320 139 1380 2.
172 1335 217 1379 ex
249 1334 293 1377 ss.
323 1309 526 1388 Patribus,
560 1310 616 1393 qui
647 1309 852 1393 praedictum
884 1334 908 1377 s.
939 1314 1127 1398 Scripturae

67 1411 154 1479 locum
182 1412 222 1476 de
249 1410 458 1476 beatissimae
478 1409 621 1493 Virginis
649 1416 725 1476 roto
754 1419 929 1493 exponunt.
973 1414 1026 1480 Sic
1047 1438 1074 1479 v.
1097 1438 1126 1500 g.

67 1533 84 1575 s.
101 1511 311 1596 Gregorius
332 1507 581 1592 Nyssenusz²l
603 1509 698 1587 Audi,
721 1509 837 1593 iuquit,
861 1533 963 1593 purae
984 1513 1127 1597 Virginis

66 1633 173 1678 vocem:
214 1609 381 1689 Quomodo
417 1608 474 1674 fiet
509 1608 591 1673 mihi
620 1608 703 1673 hoc?
739 1609 892 1692 quoniam
926 1611 1030 1676 virum
1062 1634 1127 1678 non

65 1731 214 1795 cognosco.
257 1709 399 1792 Angelus
420 1714 551 1790 partum
573 1707 753 1785 denuntiat,
775 1714 809 1773 et
829 1707 886 1772 illa
907 1709 1126 1792 virginitatem

65 1811 272 1894 amplectitur,
302 1807 489 1873 castitatem
515 1807 680 1890 angelicae
702 1807 889 1889 praeferens
915 1809 1125 1891 apparitioni:

64 1929 91 1973 ac
118 1931 222 1994 neque
253 1907 415 1972 rationem
449 1904 634 1988 expeditam
665 1905 781 1984 habet,
818 1928 876 1971 cur
906 1907 1029 1992 Angelo
1061 1931 1126 1974 non

64 2010 176 2088 credat,
214 2028 320 2090 neque
354 2004 395 2070 ab
432 2004 585 2076 instituto
624 2003 771 2068 discedit.
823 2005 1004 2072 Interdicta
1036 2008 1125 2088 mihi,

63 2108 164 2192 inquit,
183 2116 233 2174 est
253 2106 313 2170 viri
335 2103 546 2182 consuetudo,
567 2125 632 2187 quo
654 2108 751 2186 pacto
773 2103 834 2168 hoc
851 2105 930 2169 mihi
948 2107 1124 2190 continget,

62 2208 176 2289 quando
205 2206 337 2291 quidem
365 2204 469 2269 virum
496 2225 562 2269 uon
590 2203 769 2286 cognosco?
799 2202 889 2269 Hace
910 2205 1034 2272 Mariae
1064 2229 1126 2272 vox

62 2305 248 2373 demonstrat
269 2327 339 2370 esse
361 2325 450 2382 vera,
474 2324 557 2387 quae
578 2325 638 2387 per
659 2303 821 2368 occultam
843 2303 935 2369 illam
955 2305 1124 2372 historiam

61 2406 228 2471 traduntur.
278 2403 361 2469 Nam
394 2404 421 2468 si
452 2403 640 2485 nuptiarum
672 2424 771 2467 causa
801 2412 969 2487 assumpta
1001 2413 1073 2471 erat
1104 2428 1124 2471 a

59 2504 195 2588 losepho,
217 2503 378 2587 quomodo
404 2502 554 2592 angelum
576 2501 616 2568 dc
637 2508 735 2584 partu
757 2503 1007 2585 praedicentem,
1031 2505 1125 2588 quasi

60 2625 88 2667 re
108 2627 185 2669 nova
202 2611 301 2686 atque
323 2601 455 2666 insolita
477 2600 705 2683 obstupefacta
723 2608 872 2666 aversata
889 2603 995 2667 esset?
1017 2602 1124 2680 Quum

59 2725 177 2785 prorsus
198 2707 354 2786 speraret,
374 2721 408 2766 se
431 2722 559 2784 quoque
581 2701 685 2783 ipsam
707 2701 882 2786 aliquando
902 2701 996 2783 juxta
1018 2702 1123 2786 legem

59 2810 182 2868 naturae
203 2810 342 2881 matrem
362 2823 433 2866 esse
450 2800 604 2866 futuram.
639 2800 704 2867 Sed
722 2801 875 2884 quoniam
893 2801 963 2866 Deo
982 2801 1124 2867 dicatam

59 2908 88 2965 et
104 2909 319 2970 consecratam
337 2921 467 2966 carnem
485 2900 587 2965 veluti
604 2907 753 2965 sanctum
772 2899 935 2983 quoddam
953 2900 1123 2966 donarium

58 2999 201 3067 intactam
233 3002 357 3067 servari
391 3000 580 3084 oportebat,
616 3007 791 3083 propterea
826 3000 954 3064 etiamsi
988 3001 1122 3084 angelus

58 3099 108 3178 sis,
135 3101 253 3184 inquit,
283 3122 322 3165 ac
344 3101 383 3166 de
408 3101 497 3165 coelo
521 3099 663 3177 veneris,
695 3098 824 3163 etiamsi
843 3120 941 3181 supra
960 3099 1123 3164 hominem

59 3198 94 3262 sit
113 3200 158 3279 id,
181 3199 268 3284 quod
290 3205 443 3283 apparet:
473 3204 619 3264 attamen
641 3203 679 3262 ut
699 3198 804 3262 virum
824 3218 1028 3280 cognoscam,
1050 3197 1122 3263 fieri
1228 3209 1231 3215 '

58 3317 113 3362 non
132 3306 255 3383 potest,
286 3299 342 3383 qui
363 3304 469 3363 mater
492 3319 547 3361 ero
570 3297 693 3380 absque
715 3296 806 3361 viro?
837 3295 1015 3378 Josephum
1036 3297 1122 3361 enim

58 3416 198 3478 sponsum
222 3398 354 3482 quidem
374 3397 457 3475 novi,
480 3396 584 3460 virum
605 3401 716 3460 autem
737 3417 802 3460 non
823 3397 1010 3478 cognosco.“

110 3497 177 3562 Huc
199 3518 329 3581 quoque
354 3500 482 3578 spectat
508 3492 703 3558 Melliflui
731 3494 963 3558 testimonium.
1007 3495 1122 3576 ,Quo-

57 3597 171 3676 modo,
204 3597 361 3680 inquit,³)
394 3595 470 3660 liet
507 3593 632 3671 istud,
670 3595 854 3677 quoniam
886 3594 1010 3658 virum
1046 3615 1122 3658 non

57 3695 279 3776 cognosco?“
311 3693 480 3759 Immobile
501 3692 705 3775 propositum
726 3693 931 3775 virginitatis
955 3692 1041 3775 quod
1062 3714 1122 3758 nec

55 3840 237 3856 *—

114 3926 131 3988 ¹)
148 3924 179 3980 ln
197 3925 265 3981 Luc.
281 3925 329 3979 lib.
347 3928 372 3978 2.
404 3925 426 3990 ²)
445 3925 486 3978 De
508 3928 604 3976 sancta
622 3921 723 3977 Christi
740 3922 854 3977 Nativit.
873 3940 956 3979 serm.
994 3925 1016 3990 ³)
1035 3923 1124 3978 Serm.

56 4001 85 4056 de
102 4009 235 4078 Assumpt.
252 4009 281 4063 B.
300 4008 337 4062 M.
349 4007 387 4064 V.
925 4087 957 4142 12
