2728 4554
733 347 795 408 454

225 504 392 570 naturales
430 505 607 587 dignificati
641 527 701 588 per
736 508 876 589 gratiam
911 507 1113 574 habitualem
1149 509 1282 594 aequales

227 623 296 668 esse
317 611 455 686 possunt
475 605 508 669 in
529 604 638 669 valore
660 627 733 671 cum
754 607 964 672 maternitate
986 607 1104 674 divina.
1115 611 1138 691 ¹)

287 702 427 768 Ubinam
442 725 539 785 porro
561 704 728 787 praemii
749 705 901 788 operibus
919 706 1077 771 reddendi
1094 700 1283 790 promissio

226 803 269 867 ad
287 803 438 868 meritum
468 803 508 868 de
531 805 689 887 condigno
711 806 913 870 necessaria?
945 806 1012 871 Nec
1034 808 1067 870 in
1089 829 1113 871 s.
1137 807 1285 890 Scriptura

227 923 286 966 nec
329 904 362 966 in
401 902 577 968 traditione
618 904 770 987 legimus,
814 905 1061 987 promissionem
1106 906 1145 970 de
1183 905 1285 972 Christi

228 1003 437 1067 maternitate
482 1004 634 1086 operibus
678 1004 708 1067 b.
746 1004 888 1092 Virginis
932 1005 1146 1070 retribuenda
1182 1003 1285 1069 factam

228 1100 338 1166 fuisse.
397 1103 431 1168 Si
470 1103 573 1182 dices,
613 1103 712 1168 verba
747 1103 907 1186 Isaiae12)
954 1104 1058 1185 ,Ecce
1093 1104 1192 1186 Virgo
1227 1124 1286 1167 eon·

229 1200 329 1283 cipiet
369 1209 402 1267 et
439 1204 546 1286 pariet
584 1203 723 1267 11111313α
760 1203 1005 1285 promissionem
1044 1204 1209 1267 continere
1242 1223 1286 1265 seu

228 1308 361 1381 pactum
396 1301 436 1366 de
467 1303 611 1385 praemio
646 1303 798 1384 operibus
830 1303 1005 1366 meritoriis
1038 1302 1217 1380 reddendo,
1248 1321 1287 1364 re-

229 1400 432 1481 spondemus,
452 1423 490 1466 ea
508 1402 606 1466 verba
630 1401 796 1465 continere
815 1422 871 1464 seu
892 1399 1072 1483 significare
1091 1400 1286 1484 prophetiam,

229 1519 294 1561 non
329 1521 404 1563 vero
437 1501 690 1582 promissionem.
745 1500 959 1582 Dependebat
994 1501 1127 1583 quidem
1157 1501 1288 1564 lucarna-

230 1598 330 1663 tionis
351 1601 539 1682 mysterium
568 1623 588 1665 a
608 1602 749 1684 Virginis
780 1622 988 1678 consensu,
1019 1599 1077 1664 sed
1097 1599 1153 1664 ille
1175 1619 1288 1663 consen·

231 1717 285 1760 sus
313 1697 386 1762 ideo
415 1721 480 1763 non
508 1707 617 1782 potest
646 1701 845 1765 considerari
872 1699 922 1763 uti
950 1720 1070 1762 oausa
1101 1695 1289 1763 meritoria

230 1795 327 1878 hujus
349 1799 503 1880 mysterii,
525 1799 582 1863 sed
604 1805 733 1864 tantum
754 1806 792 1863 ut
813 1798 991 1863 conditio
1021 1797 1107 1861 sine
1135 1818 1209 1880 qua
1227 1815 1287 1858 non.

232 1895 265 1960 Si
298 1897 370 1978 quis
407 1898 492 1961 enim
527 1898 710 1976 statuisset,
750 1919 817 1962 non
838 1885 930 1961 ¹dare
975 1896 1210 1985 eleemosynam
1239 1892 1290 1956 nisi

230 1997 367 2078 pauperi
395 1997 578 2076 seminudo,
612 2019 677 2062 non
706 2003 912 2080 sequoretur,
945 1995 1209 2060 seminuditatem
1234 2011 1290 2057 esse

231 2115 362 2158 causam
387 2095 608 2178 eleemosynae
626 2096 835 2174 meritoriam,
856 2094 913 2159 sed
931 2101 1061 2159 tantum
1082 2093 1289 2166 conditionem,

231 2193 299 2257 sine
322 2215 387 2276 qua
408 2217 472 2259 non
493 2194 610 2259 fuisset
631 2216 791 2259 concessa.

292 2293 377 2376 Ergo
407 2293 436 2357 b.
459 2293 558 2378 Virgo
587 2316 651 2358 non
678 2295 798 2358 meruit
819 2315 858 2358 ex
885 2293 1044 2374 condigno
1066 2290 1291 2356 maternitatem

233 2392 293 2456 Dei
310 2414 375 2470 seu,
389 2393 475 2475 quod
487 2394 575 2458 Deus
591 2415 632 2457 ax
647 2392 705 2458 illa
720 2399 910 2458 nasceretur
926 2398 960 2456 et
971 2411 1102 2456 carnem
1120 2391 1289 2455 assumeret.

728 2593 760 2676 a
783 2589 815 2658 3

268 2735 304 2798 Β.
334 2736 460 2820 Virgo
490 2739 730 2804 certissime
759 2739 914 2802 meruit
942 2735 1260 2819 dispositionem

372 2837 523 2918 quibus
553 2859 736 2920 congrue
764 2836 897 2906 fieret
926 2837 1060 2900 Mater
1090 2834 1173 2898 Dei.

294 2983 428 3047 Nullum
456 2985 489 3048 in
521 2985 551 3049 b.
581 2986 712 3068 Virgine
740 2985 977 3050 Inuarnationis
1005 3005 1063 3048 seu
1091 2977 1291 3048 maternitatis

233 3081 385 3145 meritum
404 3092 602 3164 agnoverunt
619 3085 816 3149 Lutherus
836 3085 970 3167 ejusque
988 3084 1140 3148 asseclae.
1174 3081 1292 3163 ,Quan-

234 3181 280 3244 vis
302 3181 400 3263 Virgo
430 3182 547 3261 Maria,
577 3185 692 3250 scribit
720 3185 791 3260 iste,
802 3184 827 3265 3)
855 3183 1029 3248 benedicta
1057 3183 1101 3247 sit
1129 3183 1213 3246 inter
1238 3197 1292 3242 mr·

233 3280 345 3358 lieres,
376 3281 567 3372 quodnulli
595 3283 723 3347 mulieri
751 3289 894 3364 unquam
915 3282 992 3346 talis
1013 3282 1174 3345 bonorum
1199 3277 1291 3342 aDec
1349 3341 1350 3344 ,

234 3379 371 3461 contigit
392 3380 510 3460 honos,
542 3388 652 3446 tamen
673 3379 816 3464 Angelus
846 3381 950 3462 ipsam
971 3380 1005 3443 in
1026 3379 1172 3460 ordinem
1193 3373 1293 3455 redigit

236 3485 270 3542 et
302 3479 450 3544 omnibus
482 3481 603 3545 sanctis
635 3481 707 3544 aliis
743 3487 864 3563 aequat
897 3479 1022 3543 dicens:
1065 3477 1138 3559 ,Ne
1171 3477 1293 3540 timeas

234 3577 375 3656 Maria,
398 3578 592 3644 invenisti
614 3579 713 3643 enim
735 3579 904 3661 gratiam
925 3577 1029 3660 apud
1047 3575 1205 3640 Deumss
1226 3571 1292 3636 Nam

210 3683 349 3760 'aperte
382 3677 476 3742 dicit:
515 3678 654 3763 gratiam
686 3700 772 3756 esse,
808 3685 842 3742 et
872 3699 938 3742 non
969 3676 1152 3741 meritum.“
1201 3669 1291 3754 ,Haec

301 3917 322 3975 ,1)
340 3913 393 3968 Cfr.
415 3912 559 3979 Sedlmeyr
580 3913 598 3965 l.
621 3928 644 3966 c.
668 3930 694 3980 p.
713 3910 759 3977 lv,
783 3915 849 3966 sect.
868 3910 889 3976 1,
912 3927 935 3965 a.
955 3909 1000 3964 lV.
1041 3909 1064 3975 ²)
1084 3906 1147 3971 Vll,
1164 3905 1199 3958 14.
1234 3901 1252 3965 ³)
1266 3895 1290 3947 11¹

237 3997 352 4050 Postilla
369 3996 403 4050 de
423 4013 517 4064 evang.
536 3995 771 4049 Annuntiatiouis.
