2730 4564
732 351 733 356 '
766 367 823 426 roo

251 531 370 595 Merito
392 529 493 612 igitur
515 527 629 592 scribit
656 525 883 592 Gennadius
910 525 1228 613 Massiliensiszss')
1257 535 1320 613 „ln-

154 611 165 682 ἠ
250 634 356 711 tegra,
370 627 435 692 fide
464 625 660 692 credendum
688 631 751 702 est,
781 624 913 689 beatam
938 624 1090 712 Mariam,
1121 628 1183 693 Dei
1210 631 1322 696 Christi

249 734 402 804 matrem,
433 732 467 790 et
488 725 645 807 virginem
672 722 857 805 concepisse
887 729 920 787 et
943 723 1099 806 virginem
1128 731 1274 810 genuisse
1294 740 1321 795 et

250 833 325 909 post
361 832 491 909 parturn
526 823 683 905 virginem
718 821 964 905 permansisse.“
1018 823 1079 889 Oui
1116 836 1271 895 consonat
1303 852 1322 894 s.

251 923 519 988 Damascenus
552 923 600 986 ita
625 922 823 1005 inquiens:¹)
857 921 1043 1003 „Hodierna
1072 922 1124 987 die
1153 935 1267 992 sancta
1292 951 1322 992 ac

250 1024 320 1089 sola
341 1023 440 1105 Virgo
463 1020 583 1087 mundo
605 1020 786 1085 sublimiori
807 1042 845 1086 ac
867 1020 1001 1086 coelesti
1022 1022 1144 1104 templo
1167 1024 1322 1103 offeretur,

251 1143 334 1206 quae
351 1122 571 1204 virginitatem
593 1142 630 1184 eo
653 1123 755 1204 usque
778 1121 879 1185 coluit
900 1127 999 1203 atque
1022 1124 1216 1206 concupivit,
1234 1134 1270 1192 ut
1289 1127 1322 1190 ab

247 1243 290 1286 ea
310 1229 478 1305 tamquam
506 1243 525 1285 a
548 1221 721 1303 purissimo
748 1219 891 1303 quodam
917 1220 990 1303 igne
1016 1219 1208 1288 afficeretur.
1251 1223 1324 1290 Nam

251 1343 352 1404 quum
372 1321 470 1403 Virgo
499 1322 602 1385 omnis
628 1342 688 1403 per
713 1327 846 1404 partum
871 1320 1053 1402 virginitati
1067 1324 1257 1403 perniciem
1277 1327 1324 1390 ad-

249 1419 350 1498 ferat,
385 1421 457 1503 ipsa
484 1427 595 1486 tamen
624 1427 658 1484 et
686 1426 763 1484 ante
789 1425 922 1502 partum
951 1425 985 1484 et
1013 1420 1047 1484 in
1072 1429 1172 1503 partu
1201 1431 1324 1508 etpost

245 1525 381 1602 ¹partum
402 1519 501 1603 Virgo
530 1519 739 1604 permansit.“
784 1517 909 1583 Similia
935 1517 1201 1601 Ildepbonsus
1228 1524 1324 1590 Tole-

251 1625 368 1683 tanus
390 1619 430 1683 de
451 1625 611 1703 perpetua
632 1639 656 1682 s.
679 1618 802 1682 Mariae
823 1617 1011 1699 virginitate
1033 1618 1155 1684 scribit.
1198 1623 1323 1706 „Hujus

249 1718 373 1801 inquit,
387 1718 412 1800 2)
452 1725 541 1782 certe
580 1717 748 1800 virginitas
787 1737 915 1799 semper
953 1715 1163 1801 incorrupta,
1208 1743 1325 1805 semper

249 1817 387 1899 integra,
410 1839 537 1900 semper
558 1816 680 1895 illaesa,
704 1837 831 1898 semper
854 1815 1018 1880 inviolata.
1062 1815 1147 1882 Nam
1167 1822 1323 1904 angelicae

249 1914 356 1988 forma
373 1923 512 1981 naturae
530 1922 606 1980 ante
628 1915 828 1982 soliditatem
845 1908 980 1998 fragilis,
998 1922 1075 1980 ante
1093 1917 1324 1987 firmamentum

249 2013 377 2092 labens,
409 2020 486 2090 ante
512 2015 729 2080 stabilitatem
750 2035 861 2092 ruens,
895 2021 972 2079 ante
993 2013 1093 2079 robur
1114 2017 1264 2084 titubans
1284 2027 1324 2084 at-

250 2134 313 2196 que
328 2119 457 2177 nutans.
485 2113 575 2178 Haec
589 2113 711 2178 femina
726 2112 994 2178 sanctificationis
1009 2135 1065 2178 vas
1081 2122 1139 2194 est,
1155 2121 1324 2183 aeternitas

249 2212 446 2295 virginitatis
468 2220 532 2290 est,
555 2220 661 2277 mater
682 2213 744 2276 Dei
766 2218 830 2290 est,
860 2213 1039 2278 sacrarium
1060 2235 1083 2278 s,
1108 2215 1252 2297 Spiritus
1273 2225 1323 2293 est,

249 2312 409 2394 templum
430 2313 639 2396 singulariter
660 2313 792 2377 unicum
812 2312 948 2378 factoris
970 2313 1021 2378 sui
1043 2314 1122 2378 est.“

312 2410 481 2476 Neminem
516 2433 613 2495 porro
649 2411 747 2490 latet,
786 2411 873 2476 inter
909 2412 1168 2495 compertissima
1206 2415 1323 2480 christi·

247 2531 332 2574 anae
371 2510 558 2579 traditionis
599 2510 709 2592 capita
747 2509 829 2574 illud
863 2511 1002 2588 censeri,
1041 2533 1104 2594 quo
1144 2515 1261 2596 synodi
1298 2523 1323 2578 et

251 2630 274 2674 s.
302 2607 417 2672 Patres
444 2609 643 2674 unanimiter
671 2608 847 2691 Deiparam
873 2609 1065 2691 praedicant
1095 2611 1273 2694 „virginem
1292 2649 1323 2659 -

250 2727 378 2789 semper
398 2707 564 2789 Virginem
585 2745 625 2754 -
648 2715 817 2790 παρθενον
840 2745 880 2754 -
903 2711 1199 2794 aernaptevov.“³)
1242 2714 1324 2797 Ejus·

249 2804 338 2870 modi
358 2826 433 2870 vero
462 2805 617 2888 epithetis
644 2828 702 2872 seu
723 2808 895 2874 attributis
921 2809 1099 2875 clarissime
1121 2810 1322 2894 significatur,

315 3018 335 3083 1)
359 3017 467 3072 Orati
490 3018 525 3072 de
548 3018 717 3074 dormitione
734 3021 878 3090 Deiparee.
920 3023 942 3088 ²³)
964 3021 1005 3076 De
1030 3027 1138 3092 perpet.
1160 3024 1283 3095 virginit.
1302 3024 1323 3076 b.

250 3099 355 3154 Mariae
373 3117 416 3169 op.
433 3103 472 3155 10.
505 3102 526 3166 ⁸)
544 3101 738 3172 Mingarellius
755 3103 855 3170 (Notae
870 3104 899 3158 in
913 3104 963 3159 lib.
977 3104 1089 3174 Didymi
1105 3104 1141 3159 de
1158 3123 1178 3160 ι.
1195 3107 1324 3162 Trinitete

247 3182 296 3236 lib.
315 3186 328 3237 l
348 3199 391 3250 op.
411 3183 463 3249 27)
495 3183 620 3252 Didymi,
647 3185 792 3254 scriptorio
816 3187 909 3255 quarti
932 3188 1049 3254 saeculi,
1072 3188 1178 3243 verbis:
1205 3190 1275 3258 „Qui
1296 3205 1323 3241 er

249 3265 384 3318 ineffabili
401 3265 517 3319 lnoeab
541 3271 654 3321 aeterno
672 3268 775 3334 eluxit,
801 3286 817 3323 e
841 3287 968 3340 „semper
989 3270 1323 3340 virginetposterioribue

249 3347 422 3417 temporibus
447 3348 484 3403 ob
509 3366 585 3402 suam
610 3349 640 3403 in
668 3349 793 3406 homines
817 3352 1021 3424 benignitatem
1046 3352 1230 3408 ineffabiliter
1254 3359 1324 3409 natus

154 3467 156 3470 -
249 3430 309 3484 est“
334 3429 406 3486 hanc
430 3431 544 3502 subjicit
568 3432 788 3488 adnotationem:
817 3434 864 3501 „si
884 3435 977 3490 Rufini
1003 3435 1165 3502 Palaestini,
1191 3435 1324 3508 Pelegisni

249 3512 371 3583 quidem,
389 3514 438 3571 sed
455 3516 609 3584 pervetusti
625 3517 748 3572 auctoris
765 3517 869 3572 librum
886 3517 994 3574 deiide
1011 3517 1134 3588 allegare
1151 3517 1199 3573 hio
1215 3520 1292 3586 licet,
1305 3519 1324 3571 is

247 3611 358 3664 quoque
376 3595 425 3650 Nr.
442 3601 475 3651 43
492 3597 603 3654 scribit:
630 3599 695 3666 „lix
712 3599 803 3654 Maris
820 3599 932 3670 quidem
949 3616 1060 3669 semper
1077 3600 1194 3670 Virgine
1211 3603 1325 3657 nascitur

131 3751 133 3754 v
247 3676 358 3733 homo.“
384 3679 489 3734 Verum
504 3681 677 3750 temporibus
688 3681 807 3751 Didymo
823 3684 1024 3752 posterioribus
1037 3683 1157 3738 maxime
1171 3684 1288 3740 invaluit
1299 3683 1325 3738 id

247 3761 374 3827 nomen,“
390 3766 420 3817 ut
434 3762 503 3816 nihil
517 3764 689 3833 frequentius
704 3771 843 3831 occurrat,
857 3782 939 3835 quam
954 3783 1037 3821 voces
1057 3758 1279 3834 αειπαρθενος
1292 3787 1324 3799 -

247 3859 359 3912 semper
375 3843 462 3914 Virgo
479 3873 511 3883 —
528 3847 558 3900 in
576 3846 684 3916 graecis
702 3851 731 3902 et
747 3848 843 3902 latinis
859 3848 996 3918 liturgiis,
1014 3850 1186 3920 antiphonis,
1205 3851 1324 3908 orationi·

248 3925 312 3990 bus,
330 3929 413 3995 atque
431 3926 500 3981 adeo
518 3927 548 3982 in
565 3928 733 3997 synodorum
751 3931 820 3986 actis
839 3935 868 3985 et
884 3936 1043 3988 sanctorum
1061 3933 1175 3990 Petrum
1194 3935 1323 4006 operibus.

247 4005 296 4060 ubi
314 4007 349 4061 de
366 4004 447 4063 beata
464 4009 554 4064 Maria
571 4027 662 4103 sermo
676 4011 735 4067 fit.“
