2772 4550
541 335 560 360 ”
578 351 637 411 545

57 513 212 599 gustinus
222 512 246 594 ¹)
274 510 344 593 ipso
373 508 407 573 iu
428 529 577 574 sermone
599 509 639 575 de
669 511 849 577 aloannia
870 513 1043 596 Baptistae
1065 519 1150 583 uati·

59 615 165 680 vitate
186 611 309 677 festum
329 608 513 673 nativitatis
540 607 570 672 b.
593 608 737 692 Virginis
766 611 949 677 excludens.
993 615 1148 695 „Natales

59 714 134 779 <lies
151 709 266 788 carnis,
281 707 397 792 inquit,
415 707 499 770 nulli
515 707 759 790 prophetarum,
778 709 860 775 nulli
875 712 1147 796 patriarcharum,

59 811 186 878 nemini
214 807 448 892 Apostolorum
477 805 655 872 celebravit
675 807 836 874 Ecclesia:
867 810 953 876 solos
984 813 1065 878 duos
1092 837 1149 880 na·

58 913 148 978 tales
169 907 323 984 celebrat,
345 905 442 987 hujus
465 905 503 987 (s.
525 905 675 987 Joannis)
698 913 732 971 et
753 907 906 974 (11111511.α

125 1010 155 1075 b.
188 1008 291 1073 Juxta
318 1004 446 1088 aliquot
474 1010 630 1092 sanctores¹
656 1004 718 1069 hoc
746 1005 878 1072 festum.
898 1008 1058 1074 saeculo
1087 1011 1148 1075 IX.

59 1108 209 1176 nondum
229 1105 295 1170 fuit
321 1103 532 1168 celebratum.
575 1102 629 1167 ita
656 1104 805 1170 sentiunt
832 1105 1149 1191 Thomassinus2)

59 1217 97 1275 et
138 1203 322 1272 cardinalis
360 1201 575 1279 Baronius,
619 1223 757 1284 quorum
798 1204 852 1269 hic
893 1205 942 1269 ita
979 1206 1149 1290 scribit:³)

59 1308 238 1391 ,Constat,
267 1302 461 1386 gallicanam
491 1301 663 1367 ecclesiam
690 1303 790 1368 etiam
816 1305 1019 1387 temporibus
1041 1307 1152 1373 Caroli

59 1404 176 1489 Magni
205 1408 239 1468 et
265 1399 423 1465 Ludovici
449 1399 500 1464 Pii
529 1421 601 1466 eam
630 1401 882 1468 solemnitatem·
900 1403 1083 1488 ignorasse,
1112 1413 1151 1471 ut

59 1508 204 1588 apparet
236 1521 276 1564 ex
308 1498 453 1564 Concilio
485 1498 677 1582 Moguntino
712 1501 772 1566 sub
805 1501 920 1567 eodem
949 1503 1150 1587 Imperatore

60 1602 232 1670 celebrato
261 1620 346 1664 anno
372 1598 505 1663 Domini
527 1603 588 1663 813
618 1619 688 1662 can.
713 1603 752 1663 36
781 1607 815 1665 et
844 1620 885 1666 ex
913 1601 1150 1684 capitularibus

59 1701 211 1787 ejusdem
231 1699 443 1781 Imperatoris
465 1704 500 1763 et
520 1697 678 1763 Ludovici
698 1698 815 1780 Pii.“⁴)

126 1800 218 1878 Quae
239 1796 404 1862 sententia
426 1797 500 1879 jure
522 1818 561 1861 ac
582 1798 700 1862 merito
722 1798 879 1881 rejicitur.
930 1798 1043 1864 Plures
1066 1801 1152 1866 enim

60 1901 241 1983 scriptores
264 1895 478 1962 ecclesiastici
506 1902 583 1961 ante
605 1896 716 1961 Caroli
734 1895 848 1980 Magni
869 1905 903 1963 ct
923 1898 1081 1964 Ludovici
1101 1900 1152 1964 Pii

60 2009 215 2082 tempora
246 1996 400 2061 florentes
428 1995 525 2077 hujus
556 1994 634 2060 festi
665 1997 864 2062 mentionem
896 1997 1062 2064 fecerunt:
1102 2021 1150 2082 vg.

61 2123 86 2166 s.
117 2097 343 2180 ildephonsus,
351 2096 377 2177 ⁵)
409 2115 480 2158 ven.
508 2093 609 2172 Beda,
618 2093 643 2176 θ)
677 2095 809 2178 Sergius
837 2096 860 2160 1.
889 2096 979 2180 Papa
1006 2097 1152 2163 indicens

61 2202 98 2266 in
128 2201 271 2282 quatuor
298 2193 547 2259 celebritatibus
576 2215 600 2258 s.
630 2193 807 2277 Deiparae,
840 2195 993 2261 videlicet
1019 2197 1152 2262 Annun-

62 2296 223 2374 tiationis,
250 2292 500 2370 Purifioationis,
529 2293 768 2375 Assumptionis
798 2300 832 2359 et
852 2294 1044 2360 Natiuitatis
1070 2297 1153 2379 pub·

62 2399 146 2463 licas
177 2394 321 2460 litanias.
372 2391 460 2474 „Nec
493 2390 620 2469 obstat,
654 2397 749 2457 notat
777 2393 995 2475 Azorinr,⁷)
1027 2395 1152 2459 nullam

62 2516 136 2562 esse
165 2493 199 2557 in
227 2491 381 2558 Conciliis
409 2490 653 2575 praedictorum
673 2491 912 2574 Imperatorum
941 2494 1071 2558 saeculo
1100 2515 1152 2558 ce-

62 2593 203 2660 lebratis
231 2591 429 2656 mentionem
456 2589 579 2655 factam
599 2590 697 2673 hujus
726 2591 944 2671 celebritatis3
973 2592 1036 2657 hoc
1065 2594 1152 2658 enim
1264 2639 1286 2650 .-

62 2694 173 2761 solum
199 2690 337 2769 indicat,
371 2689 549 2773 gallicanas
582 2689 735 2755 ecclesias
764 2690 909 2756 nondum
938 2711 975 2760 eo
1004 2698 1152 2775 tempore

63 2796 153 2859 hunc
180 2791 267 2856 diem
294 2789 417 2855 festum
444 2810 541 2873 agere
574 2796 609 2854 ct
637 2790 809 2856 observare
838 2791 993 2873 coepisse.
1045 2792 1152 2869 Quare

62 2893 186 2958 falsum
213 2890 344 2955 omnino
376 2894 440 2967 est,
472 2887 561 2971 quod
589 2895 705 2954 auctor
733 2888 866 2972 quidam
893 2890 1039 2972 scripsit,
1068 2890 1153 2956 hanc

63 2993 96 3057 b.
123 2989 267 3072 Virginis
296 2986 524 3052 celebritatem
551 2985 593 3050 ab
622 2986 812 3052 Innocentio
839 2988 892 3053 IV.
923 3009 992 3054 esse
1021 2990 1153 3055 institu-

64 3089 167 3156 tam.“
209 3085 413 3152 Thomassini
442 3092 477 3153 et
496 3085 632 3150 Baronii
653 3087 762 3169 opinio
785 3085 949 3152 refellitur
971 3089 1073 3154 etiam
1093 3111 1153 3173 per

64 3187 254 3256 Usuardum
288 3184 496 3264 monachum,
535 3185 593 3268 qui
629 3185 689 3250 sub
728 3185 837 3251 Caroli
870 3185 981 3270 Magni
1016 3187 1153 3270 imperio

64 3286 337 3370 Martyrologium
375 3283 517 3349 confecit
552 3284 665 3367 ibique
700 3305 759 3367 pro
795 3284 849 3349 dic
887 3291 915 3349 8.
950 3285 1153 3368 Septembris

64 3385 180 3472 posuit
200 3383 323 3451 festum
343 3382 537 3449 Natiuitatis
558 3383 589 3447 b.
611 3383 803 3466 Virginis.⁸)

134 3586 155 3651 ¹)
174 3583 244 3652 Opp.
262 3581 330 3637 edit.
347 3581 436 3637 Maur.
453 3584 520 3635 tom.
538 3579 572 3645 V,
590 3597 672 3634 serm.
689 3581 737 3634 287
754 3599 782 3634 n.
801 3583 823 3635 l.
856 3580 878 3645 ²)
898 3579 930 3634 ln
947 3580 1101 3636 comment.
1118 3580 1154 3635 de

65 3667 176 3722 dierum
193 3665 328 3720 festorum
352 3663 485 3718 celebrat.
502 3663 550 3722 lib.
568 3663 605 3731 ll,
622 3680 666 3731 cp.
686 3665 725 3715 20.
767 3666 789 3728 ³)
808 3663 841 3717 In
858 3663 939 3718 Notis
956 3663 993 3717 ad
1009 3662 1156 3732 Martyrol.

65 3751 147 3806 Rom.
170 3749 217 3803 die
240 3750 265 3804 8.
283 3747 358 3816 Sept.
399 3748 420 3813 ⁴)
438 3746 499 3801 Lib.
519 3746 538 3813 l,
564 3748 687 3815 cp.164;
711 3746 761 3800 lib.
779 3746 815 3812 ll,
840 3762 884 3815 cp.
900 3747 946 3813 35;
970 3744 1018 3800 lib.
1037 3745 1086 3811 VI,
1109 3761 1154 3814 cp.

67 3835 125 3888 186.
167 3832 189 3896 ⁵)
208 3831 240 3884 ln
264 3830 314 3886 lib.
338 3830 373 3885 de
391 3828 524 3898 Vtrginit.
542 3828 573 3883 Β.
590 3828 630 3882 Μ.
647 3829 680 3884 V.
722 3829 744 3894 ⁶)
764 3828 796 3882 ln
818 3829 962 3897 Martyrol.
985 3831 1066 3883 sexto
1088 3827 1155 3883 Idus

66 3917 143 3985 Sept.
166 3915 348 3971 Nativitatem
370 3915 401 3968 B.
420 3913 456 3968 M.
474 3912 506 3966 V.
530 3928 645 3980 ponens.
687 3912 707 3979 7)
724 3911 756 3967 L.
780 3928 804 3966 c.
828 3929 872 3981 cp.
891 3911 964 3978 XIX,
983 3911 1017 3965 E.
1058 3911 1080 3978 8)
1099 3909 1156 3966 cfr.

64 3997 255 4054 Bollaudistas
272 3997 302 4050 in
320 3998 400 4052 Actis
418 3996 582 4051 Sanctorum
600 3995 679 4050 Iunii
695 4000 764 4051 tom.
782 3995 844 4051 Vll.
955 4076 989 4131 35
