2726 4560
554 318 556 324 ¹
573 368 591 427 a

49 525 183 592 insolens
204 547 286 606 esse,
303 532 343 590 ut
365 527 628 613 κατ’ἐναλλαγην
651 529 786 594 verbum
807 531 977 596 masculini
998 533 1124 616 generis

50 647 116 690 cum
141 624 301 690 feminino
331 627 561 711 conjungatur3
591 634 620 692 4.
644 627 775 694 demum
801 629 936 713 perinde
966 652 1036 696 esse
1058 632 1125 696 siva

48 723 171 806 legatur
192 725 342 808 ,ipsa,“
365 727 431 791 sive
453 728 583 811 ,ipse“
605 729 671 792 sive
694 728 879 812 ,ipsum.“
921 730 1004 795 Nam
1026 753 1126 816 quum

51 823 159 888 mulier
185 846 253 888 non
281 826 404 890 virtute
434 829 581 911 propria,
615 827 673 892 sed
700 828 760 892 filii
787 829 913 894 meritis
944 831 1126 895 contritura

50 922 88 986 sit
106 925 270 1006 serpentis
292 946 349 990 seu
368 925 533 990 daemonis
555 932 662 1009 caput,
680 927 708 990 si
728 927 858 1009 legetur
879 929 1028 1012 ,ipsa,“
1050 928 1126 993 sub-

51 1022 245 1088 audiendum
267 1025 332 1089 erit
352 1045 412 1108 per
440 1026 628 1109 ,ipsum,“
661 1047 777 1109 nempe
798 1047 907 1092 semen
928 1034 986 1093 aut
1005 1026 1125 1106 filium3

51 1123 227 1188 sinautem
259 1125 391 1207 „ipsc“
423 1124 473 1189 vel
505 1126 696 1208 ,ipsum‚“
728 1126 892 1190 sententia
919 1147 958 1190 ea
979 1127 1057 1204 erit,
1087 1132 1126 1190 ut

51 1219 127 1285 filius
148 1227 211 1286 aut
232 1243 341 1287 semen
359 1223 503 1288 mulieris
522 1245 588 1288 una
608 1246 682 1289 cum
699 1224 834 1289 muliere
851 1232 951 1307 caput
964 1224 1126 1307 serpentis

52 1341 101 1384 seu
128 1320 299 1386 daemonis
327 1322 371 1386 sit
399 1323 608 1388 contriturus.
658 1324 811 1389 Ceterum
839 1324 989 1407 analogia
1015 1324 1125 1388 favere

51 1422 145 1504 magis
167 1421 307 1500 mulieri,
330 1444 427 1504 quam
448 1425 564 1488 semini
584 1424 720 1502 videtur,
740 1430 806 1502 aut,
826 1423 855 1487 si
875 1423 976 1501 lubet,
993 1423 1126 1506 utrique

51 1520 155 1599 simul,
179 1521 228 1584 ita
250 1527 288 1585 ut
309 1521 425 1586 mulier
447 1544 520 1587 cum
542 1525 679 1602 semine,
709 1523 833 1588 scilicet
853 1520 921 1587 filio
943 1543 1001 1586 suo
1023 1523 1067 1586 sit
1085 1521 1125 1586 de

51 1617 201 1684 daemone
223 1641 261 1684 ac
283 1627 418 1702 peccato
440 1622 549 1686 latura
569 1623 800 1705 triumphum.“
814 1622 839 1703 ¹)

106 1719 273 1803 Quidquid
301 1740 377 1802 ergo
406 1719 446 1785 de
474 1727 585 1786 textus
614 1721 768 1786 Hebraici
797 1720 848 1785 vel
869 1720 1029 1814 vulgatae
1056 1740 1126 1784 ver·

110 1937 129 2004 ¹)
145 1937 186 1992 Ut
202 1937 276 1990 enim
295 1935 393 1991 scribit
409 1937 550 1991 Cornelius
568 1954 584 1990 a
604 1935 706 2005 Lepide
724 1931 753 1990 in
770 1935 797 1990 h.
814 1938 844 1992 l.:
864 1937 971 2005 „Quum
989 1935 1062 1989 Deus
1078 1933 1125 1988 hic

53 2025 178 2088 opponat,
205 2021 282 2088 quasi
308 2019 511 2089 antagonistas,
540 2021 684 2074 mulierem
711 2038 773 2074 cum
799 2038 849 2074 auo
874 2020 978 2072 semiue
1003 2018 1126 2087 serpenti

54 2119 108 2155 cum
123 2120 172 2156 suo
186 2103 301 2167 semine,
316 2110 518 2171 consequenter
531 2103 590 2155 vult
604 2102 708 2168 dicere,
722 2104 867 2156 mulierem
881 2120 945 2158 cum
959 2120 1007 2154 suo
1020 2102 1125 2156 semine

55 2187 228 2240 contriturum
248 2193 332 2254 caput
348 2188 498 2254 serpentis:
516 2186 589 2240 sicut
606 2204 621 2239 e
639 2187 779 2240 contrario
797 2175 910 2250 serpens
927 2192 984 2238 tam
1002 2185 1125 2237 mulieris

55 2286 127 2336 quam
149 2269 262 2322 seminis
284 2269 342 2336 ejus
368 2270 498 2330 calcanco
523 2269 696 2322 insidiatur.“
731 2269 770 2322 De
789 2268 898 2323 Christo
922 2284 954 2321 ac
979 2274 1126 2336 propterea

55 2352 84 2406 de
100 2355 155 2422 ejus
170 2354 261 2407 Matre
278 2350 331 2406 hoc
349 2354 490 2406 oraculum
508 2369 543 2406 ex
561 2354 702 2407 veteribus
720 2357 915 2422 exposuerunt,
933 2351 1049 2402 obscura
1067 2349 1126 2417 qui-

54 2435 111 2488 dem
127 2436 314 2491 Tertullianus
334 2419 417 2489 fibla
435 2435 496 2490 adv.
514 2435 601 2489 Marc.
619 2452 661 2503 cp.
681 2439 725 2502 1ος
751 2436 853 2488 clarius
873 2451 940 2488 vero
957 2451 977 2487 s.
997 2433 1126 2486 lrcnaeus

56 2525 143 2572 contra
159 2519 270 2574 Haeres.
288 2519 337 2572 lib.
355 2522 371 2572 3
388 2535 431 2586 cp.
447 2521 479 2571 23
497 2533 549 2570 nec
567 2535 623 2570 non
641 2518 689 2571 lib.
705 2522 722 2569 4
738 2534 782 2586 cp.
799 2520 845 2584 403
869 2535 890 2571 s.
908 2516 1060 2584 Cyprianus
1077 2514 1125 2567 lib.

55 2604 68 2653 2
83 2602 229 2657 Testimon.
248 2620 275 2671 p.
292 2603 354 2668 288,
372 2601 545 2669 apertissime
567 2600 679 2654 demum
704 2617 725 2654 a.
743 2599 916 2669 Epiphanius
937 2598 999 2652 adv.
1015 2597 1126 2652 Haerea.

55 2685 98 2740 lib.
114 2689 128 2739 3
144 2684 250 2740 haeres.
264 2687 305 2739 78.
319 2685 400 2753 Cujus
418 2683 511 2748 verba,
530 2699 600 2750 quae
617 2683 732 2750 propius
749 2683 784 2736 ad
802 2683 828 2738 b.
843 2681 985 2750 Virginem
1003 2679 1126 2733 referun-

56 2775 106 2834 tur,
127 2767 173 2822 hic
197 2768 357 2821 describere
374 2768 480 2836 placet:
508 2767 661 2832 „Quoniam
686 2783 751 2818 vero
776 2783 860 2834 quum
885 2765 975 2817 aalhuc
1000 2765 1080 2828 virgo
1097 2763 1126 2815 in

56 2849 134 2904 hortis
152 2852 212 2904 Era
230 2851 362 2918 degeret,
386 2866 435 2917 per
453 2849 654 2902 contumaciam
673 2847 747 2916 apud
766 2848 855 2902 Deum
872 2847 1038 2914 offenderat,
1063 2845 1126 2899 ideo

57 2935 152 2998 gratiae
169 2936 284 3001 propria
301 2948 317 2984 a
335 2933 451 3000 Virgine
469 2933 593 2984 manavit
610 2931 779 2998 obedientia,
805 2935 948 3000 postquam
966 2929 1127 2984 circumfusi

57 3030 163 3084 corpore
189 3016 288 3081 Verbi,
314 3017 552 3083 sempiternaeque
577 3015 651 3067 vitae
677 3015 712 3067 de
738 3014 816 3067 coelo
843 3021 885 3068 est
910 3015 1053 3067 nuntiatus
1078 3011 1126 3065 ad·

58 3104 154 3154 ventus.
195 3099 266 3152 Nam
291 3099 350 3152 illic
381 3101 420 3152 ita
444 3104 601 3165 serpentem
628 3098 703 3150 Deus
733 3097 898 3164 alloquitur:
929 3096 1127 3160 „inimicitiam

58 3199 147 3250 ponam
165 3184 257 3237 inter
274 3189 306 3236 te
324 3189 356 3236 et
373 3183 463 3235 inter
480 3179 573 3256 illam,
587 3181 662 3233 inter
677 3186 861 3261 semenqtuum
875 3187 904 3234 et
918 3197 1011 3234 semen
1025 3179 1126 3232 illius.“

60 3267 132 3334 Atqui
148 3281 283 3334 nusquam
300 3263 434 3333 ejusmodi
451 3281 545 3316 semen
562 3263 686 3316 mulieris
704 3263 824 3315 inveniri
841 3268 940 3331 potest.
973 3262 1053 3316 Unde
1070 3279 1127 3314 non

59 3348 129 3402 aliter
145 3365 227 3416 quam
246 3337 296 3416 per
312 3347 551 3400 adumbrationem
569 3362 602 3398 ac
626 3344 835 3398 similitudinem
853 3347 889 3399 ad
907 3347 995 3398 Evam
1012 3345 1127 3399 hostiles

59 3430 113 3483 illae
130 3432 293 3485 inimicitiae
311 3429 483 3494 referuntur,
509 3446 657 3496 quaecum
675 3428 754 3496 hujus
774 3429 860 3496 stirpe
877 3445 991 3496 serpens
1012 3428 1072 3494 ille,
1099 3432 1128 3482 et

59 3515 97 3581 qui
120 3516 148 3568 in
173 3521 303 3584 serpente
328 3515 420 3567 inerat
447 3514 554 3567 invidia
579 3513 699 3582 flagrans
726 3512 853 3565 diabolus
878 3516 1000 3566 exercet.
1042 3512 1127 3564 Plena

59 3597 157 3662 quidem
175 3614 208 3651 ac
224 3597 350 3666 perfecte
366 3597 540 3650 accomodari
559 3596 595 3649 ad
612 3597 689 3649 illam
706 3597 836 3649 universa
852 3601 1005 3664 nequeunt;
1030 3595 1078 3648 sed
1097 3595 1127 3648 in

58 3683 233 3747 sanctissima,
256 3682 358 3735 eximia
375 3697 408 3734 ac
425 3681 559 3750 singulari
576 3683 675 3749 stirpe,
700 3696 769 3748 quae
787 3697 802 3732 a
819 3679 878 3732 sola
896 3679 1012 3746 Virgine
1030 3678 1127 3746 Maria,

58 3763 109 3817 sine
128 3766 185 3818 ulla
206 3765 259 3818 viri
285 3763 494 3828 consuetudine,
520 3771 673 3832 propagata
697 3773 753 3828 est,
778 3762 869 3829 reipsa
894 3778 927 3814 ac
950 3763 1060 3832 penitus
1077 3763 1128 3814 im·

58 3845 146 3911 pletur.
171 3847 224 3901 llic
243 3849 316 3902 enim
334 3847 409 3900 illius
426 3846 497 3900 filius
515 3847 551 3900 ad
568 3847 783 3915 extinguendam
802 3845 947 3914 serpentis,
961 3863 993 3899 ac
1009 3845 1130 3899 tortuosi

9 3999 10 4006 ἵ
59 3929 162 3996 colubri,
178 3931 339 4002 sagacisque
357 3932 414 3983 vim
430 3945 463 3983 ac
480 3933 643 3997 potentiam,
658 3931 704 3998 qui
723 3947 752 3983 se
769 3935 859 3984 totum
877 3929 973 3983 orbem
988 3935 1128 3983 terrarum

9 4007 10 4080 j
60 4009 191 4069 dominatu
206 4032 256 4068 suo
274 4011 518 4082 comprehendisse
535 4013 665 4081 jactabat,
683 4013 719 4067 ad
735 4012 804 4067 haec
820 4013 915 4066 infima
932 4013 1104 4070 descendit.⁸‘
