2730 4564
238 541 421 606 mirabilius
439 541 473 604 in
491 539 686 623 virginitatis
702 539 832 604 laudem
850 545 884 604 et
902 540 944 604 ad
961 540 1208 623 ostendendum,
1228 568 1325 628 quam
1351 531 1352 558 ¹

239 648 333 723 grata
353 640 398 704 sit
411 640 480 704 Deo
502 639 678 721 virginitas,
698 639 763 703 dici
783 639 913 722 potest?
935 638 1074 706 Gentilis
1097 650 1169 708 erat
1186 644 1326 710 Claudia
1351 697 1352 702 ,

239 739 423 822 Vestaeque
445 737 532 803 idolo
560 738 684 817 dicata,
714 738 926 803 nihilominus
947 744 1042 803 tanto
1063 740 1221 808 miraculo
1253 767 1326 809 cum

239 839 297 904 illa
329 838 495 904 concurrit
526 838 615 901 Deus
652 836 694 901 ad
724 837 918 919 pudicitiam
955 838 1025 920 ejus
1057 839 1221 906 illustrem
1254 831 1352 909 red·¹

240 937 389 1004 dendam.

302 1037 464 1114 Quantum
490 1035 623 1100 honoris
652 1036 797 1100 exhiberi
826 1037 1030 1102 consueverit
1055 1037 1106 1102 his
1133 1039 1326 1122 virginibus,

239 1136 481 1201 Plutarchus
495 1135 518 1218 ¹)
551 1134 662 1199 refert.
714 1134 910 1200 Gaudebant
928 1157 1015 1218 prae
1043 1137 1115 1201 aliis
1144 1139 1326 1228 privilegio,

242 1236 329 1321 quod
360 1236 488 1300 vivente
520 1234 628 1300 adhuc
655 1241 749 1318 patre
781 1241 1015 1301 testamentum
1047 1237 1187 1302 condere
1221 1247 1257 1305 et
1290 1243 1328 1306 de

242 1337 336 1401 bonis
357 1335 424 1400 suis
446 1335 617 1418 disponere
638 1342 780 1418 possent.
823 1335 908 1400 Item
929 1357 1002 1399 cum
1023 1335 1150 1401 facibus
1171 1341 1327 1418 accensis,

241 1437 269 1501 si
289 1435 471 1519 prodirent,
503 1433 757 1499 deducebantur.
803 1434 837 1499 Si
866 1443 1074 1501 occurrerent
1101 1457 1173 1515 reo,
1207 1439 1266 1520 qui
1288 1440 1328 1503 ad

242 1541 380 1599 mortem
402 1533 596 1612 ducebatur,
621 1554 739 1597 necare
761 1554 835 1597 eum
855 1554 921 1597 non
942 1533 1078 1614 licebat;
1103 1535 1328 1617 juramentum

242 1655 317 1698 vero
339 1639 507 1716 praestare
537 1630 680 1695 debebat
707 1631 811 1713 virgo,
842 1651 876 1695 se
905 1631 1032 1697 nonde
1060 1632 1239 1713 industria,
1273 1637 1327 1701 sed

243 1755 318 1798 casu
351 1733 478 1797 obviam
510 1731 641 1796 factam.
696 1730 873 1811 ,Consules
906 1737 940 1795 et
971 1731 1191 1814 Imperatores
1228 1741 1265 1799 et
1297 1737 1328 1799 in

243 1832 391 1897 curribus
410 1831 658 1913 triumphantes,
679 1830 735 1912 qui
754 1829 793 1894 de
816 1829 980 1913 superatis
999 1830 1150 1912 gentibus
1168 1833 1329 1916 trophaea

245 1931 432 1996 referebant
461 1937 494 1994 et
523 1929 627 1993 omnis
656 1928 826 2011 dignitatis
854 1929 974 2012 gradus
997 1929 1044 1993 eis
1073 1931 1113 2023 de
1137 1931 1191 1995 via
1212 1933 1328 1998 cedere

243 2030 424 2096 solebant.“

306 2121 462 2194 Omnibus
491 2127 542 2191 his
563 2126 740 2190 honoribus
761 2126 1003 2210 perinsignibus
1024 2149 1089 2192 non
1118 2129 1329 2195 obstantibus

244 2229 304 2292 sub
322 2228 469 2310 Augusto
488 2226 689 2308 Imperatore
710 2225 744 2288 in
764 2224 925 2289 nobilium
945 2225 1077 2291 familiis
1099 2249 1166 2292 non
1187 2230 1328 2313 amplius

243 2327 493 2392 inveniebantur
532 2325 686 2407 virginee,
730 2346 813 2407 quae
852 2325 968 2391 alendo
1009 2332 1043 2390 et
1080 2325 1220 2392 favendo
1263 2330 1327 2412 igni

244 2427 364 2492 Vestae
393 2425 549 2490 destinari
578 2424 715 2504 vellent3
749 2446 850 2508 quare
879 2441 944 2509 pro·
966 2427 1028 2490 hoc
1056 2449 1191 2492 munere
1221 2451 1327 2494 sacer·

244 2526 348 2592 dotali
383 2525 586 2608 suscipiendo
624 2523 700 2606 eligi
735 2524 900 2590 debebant
935 2547 1099 2590 servorum
1132 2525 1229 2591 filiae.
1288 2529 1328 2592 Et

243 2634 361 2690 tamen*
381 2625 521 2706 virgines
550 2623 688 2688 vestales
717 2645 782 2688 non
811 2630 920 2703 erant,
953 2625 1016 2689 nisi
1043 2646 1179 2689 numero
1209 2627 1326 2710 viginti

244 2745 303 2788 nec
330 2723 373 2788 ad
393 2729 586 2806 perpetuam
614 2722 844 2806 obligabantur
869 2724 1106 2806 virginitatem,
1136 2723 1195 2788 sed
1223 2747 1327 2809 usque

245 2824 287 2888 ad
309 2823 511 2905 trigesimum
532 2844 661 2902 annum,
682 2845 745 2905 quo
769 2830 884 2902 exacto
906 2825 1079 2907 sponsione
1101 2824 1229 2889 solutae
1254 2826 1327 2890 illae

244 2923 375 3006 nuptias
408 2921 542 2985 inibant.
594 2922 734 2986 Tantum
766 2921 904 3004 denique
937 2922 1045 3009 abest,
1080 2930 1117 2987 ut
1148 2924 1233 2988 hanc
1269 2926 1327 2988 vir-

244 3029 362 3096 tutem,
394 3042 477 3104 quae
505 3020 592 3103 apud
620 3042 674 3085 eas
703 3043 769 3084 non
798 3021 911 3100 animi,
945 3021 1003 3085 sed
1030 3023 1174 3105 corporis
1197 3030 1326 3089 tantum

245 3128 330 3200 erat,
361 3142 471 3184 amore
493 3121 654 3185 coluerint
674 3121 844 3203 puritatis,
874 3127 913 3184 ut
941 3141 1013 3185 eam
1035 3121 1075 3184 ob
1098 3121 1240 3186 honores
1265 3122 1325 3186 ele·

245 3222 353 3304 gerint
381 3219 587 3304 temporales.
637 3221 815 3303 Virginitas
849 3240 959 3284 earum
988 3221 1084 3302 juxta
1116 3242 1139 3283 s.
1170 3220 1327 3285 Ambro-

246 3321 384 3403 sium2)
410 3327 482 3384 erat
502 3321 680 3403 ,emptitia
704 3319 903 3402 temporaria
924 3340 962 3383 ac
984 3319 1073 3384 fastu
1093 3319 1223 3402 plena.“

309 3418 396 3502 ,Nec
424 3419 558 3498 mirum,
588 3420 696 3502 inquit
724 3419 753 3482 d.
782 3419 1044 3501 Hieronymus
1073 3417 1093 3481 l.
1124 3440 1166 3496 c.,
1196 3419 1261 3484 hoc
1291 3419 1327 3483 de

245 3520 446 3598 hominibus,
477 3543 576 3603 quum
596 3519 776 3583 Minervam
805 3539 934 3601 quoque
964 3524 998 3582 et
1021 3517 1160 3582 Dianam
1188 3518 1328 3600 virgines

248 3620 324 3684 deas
340 3619 471 3684 finxerit
485 3641 576 3683 error
591 3618 775 3701 gentilium:
796 3623 830 3681 et
844 3618 931 3680 inter
945 3616 1116 3680 duodecim
1130 3616 1224 3698 signa
1237 3617 1326 3694 coeli,

248 3718 365 3801 quibus
386 3718 542 3782 mundum
563 3718 648 3781 volvi
669 3723 802 3798 putant,
832 3716 989 3797 virginem
1011 3716 1204 3780 collocarint
1226 3767 1232 3778 .
1260 3767 1266 3778 .
1293 3763 1327 3776 ..

313 3951 331 4016 ¹)
354 3949 386 4003 ln
409 3951 489 4005 Num.
514 3950 550 4004 fo.
576 3950 618 4003 62.
659 3949 680 4014 2)
705 3946 737 3999 ln
764 3945 966 4029 Symmachum.
994 3947 1043 4001 cfr.
1068 3946 1182 4000 Beronii
1209 3947 1329 4000 Annales

245 4034 312 4088 eccl.
331 4033 366 4087 ad
384 4050 485 4087 annum
504 4031 607 4087 Christi
624 4035 664 4086 57.
