2730 4564
767 374 807 432 98

248 536 300 601 lac
321 535 482 600 infantiae
508 557 587 600 suae
614 533 703 600 suxit
724 531 882 610 infusum,
913 533 1000 614 quod
1021 555 1087 598 non
1104 534 1245 617 jussisti,
1273 537 1322 601 sed

168 669 169 672 ¹
249 634 476 700 tantummodo
508 632 693 698 volentibus
724 630 947 713 arripiendum
977 634 1178 715 proposuisti
1206 635 1342 720 dicens,

252 735 339 818 ,qui
359 739 496 817 potest
516 752 668 815 capere,
690 729 889 812 capiat.“¹)
926 729 1156 812 Arripuerunt,
1175 741 1321 798 voverunt
1341 727 1342 738 ¹

251 840 285 899 et
305 839 441 916 propter
461 852 597 915 regnum
619 829 785 895 coelorum
810 849 845 892 se
866 828 969 910 ipsos,
1000 850 1065 894 non
1091 830 1170 912 quia
1190 832 1321 896 minatus

251 954 294 1011 es,
317 932 375 996 sed
396 931 473 1014 quia
493 930 644 994 hortatus
666 949 709 1006 es,
732 927 990 991 castraverunt.“

290 1045 292 1050 '
312 1032 473 1096 Vixerunt
488 1030 523 1093 in
540 1028 663 1094 Christi
680 1026 817 1092 ecclesia
835 1027 984 1091 omnibus
1003 1029 1206 1109 temporibus
1223 1053 1323 1113 quam·
1342 998 1343 1084 i

250 1131 384 1215 plurimi
410 1129 582 1211 utriusque
611 1149 707 1192 sexus
735 1126 904 1208 omnisque
932 1126 1052 1192 aetatis
1080 1126 1244 1209 homineS,
1277 1131 1323 1212 qui

250 1238 445 1314 perpetuam
463 1229 634 1294 coluerrmt
651 1226 881 1309 virginitatem.
915 1225 1050 1308 Semper
1066 1229 1323 1308 generosissimae

250 1331 298 1395 ibi
337 1329 476 1394 floruere
513 1327 671 1410 virgines,
712 1345 795 1408 quae
834 1325 1117 1389 acerbissimorum
1155 1314 1344 1396 tormento-f

251 1451 324 1494 rum
344 1429 451 1512 pretio
474 1425 672 1510 virginitatis
700 1423 912 1506 margaritam
932 1422 997 1487 sibi
1024 1432 1258 1506 compararunt
1276 1447 1324 1490 seu

251 1528 361 1610 potius
397 1531 644 1602 conservarunt,
682 1544 766 1606 quae
800 1522 1052 1605 pretiosissimos
1088 1522 1189 1586 etiam
1223 1525 1324 1589 mundi

251 1627 422 1693 thesauros
443 1624 582 1708 pedibus
603 1622 833 1688 conculcantes
855 1621 1086 1686 crudelissimis
1107 1621 1150 1685 ad
1167 1623 1325 1707 virginita-

252 1733 318 1790 tem
339 1724 577 1790 defendendam
596 1721 811 1786 libentissime
834 1741 904 1784 sese
926 1720 1136 1803 subjecerunt
1158 1723 1324 1806 suppliciis.

252 1825 441 1906 ,Cruciate,
466 1829 634 1905 torquete,
656 1821 825 1897 damnate,
848 1819 985 1884 atterite
1005 1840 1079 1896 noe,
1101 1819 1229 1886 inducit
1251 1823 1325 1886 Ter-

253 1923 451 1987 tullianus
472 1941 528 1985 eos
548 1920 760 2002 loquentes,²)
781 1918 933 2001 probatio
955 1925 1006 1984 est
1024 1918 1111 1981 enim
1127 1919 1325 1985 innocentiae

251 2028 384 2087 nostrae
402 2020 559 2103 iniquitas
577 2025 695 2082 vestra.
730 2017 808 2082 Ideo
825 2040 885 2084 nos
902 2017 984 2082 haec
1000 2017 1070 2100 pati
1087 2018 1177 2083 Deus
1194 2021 1325 2103 patitur,
1345 2063 1346 2068 κ

252 2142 329 2184 nam
349 2125 383 2184 et
401 2119 548 2202 proxime
570 2117 613 2182 ad
634 2117 762 2181 leonem
783 2115 967 2181 damnando
986 2115 1207 2181 Christianam
1227 2121 1326 2202 potius

253 2239 352 2301 quam
379 2217 423 2282 ad
442 2217 608 2296 lenonem,
641 2216 781 2282 confessi
810 2217 889 2282 estis
917 2216 1026 2280 labem
1046 2216 1227 2298 pudicitiae
1249 2219 1326 2303 apud

253 2339 312 2381 nos
334 2316 529 2380 atrociorem
550 2317 639 2380 omni
659 2337 765 2398 poena
787 2322 821 2380 et
842 2315 931 2380 omni
950 2321 1056 2378 morte
1078 2319 1254 2382 revocari.“

314 2414 429 2478 Nonne
457 2413 519 2479 hoc
551 2414 707 2479 invictum
740 2413 834 2478 nobis
861 2413 1000 2496 praebet
1027 2423 1270 2496 argumentum,
1299 2418 1325 2480 in

253 2513 339 2578 sola
365 2513 550 2578 Ecclesia
577 2512 780 2577 catholica
806 2512 954 2577 extitisse
981 2533 1110 2595 semper
1131 2515 1326 2600 existereque

253 2634 383 2677 veram
401 2612 555 2678 Christi
573 2612 818 2677 doctrinam?
840 2612 925 2693 ,Ubi
944 2613 1039 2691 enim,
1057 2613 1166 2696 inquit
1182 2617 1326 2696 Arias³J

254 2733 349 2777 verae
377 2719 411 2778 ct
437 2712 603 2796 perfectae
631 2712 762 2776 virtutis
789 2710 981 2776 exercitatio
1008 2712 1108 2794 viget,
1137 2713 1185 2777 ibi
1206 2735 1326 2780 necesse

254 2817 314 2889 est,
331 2833 441 2876 veram
461 2833 591 2894 quoque
610 2811 717 2894 vigere
733 2811 892 2893 pietatem
907 2810 942 2874 in
959 2810 1066 2875 Deum
1086 2817 1121 2875 et
1136 2813 1326 2896 religionem.

254 2909 369 2974 Virtus
401 2911 429 2974 si
460 2910 594 2993 quidem
620 2908 769 2992 perfecta
799 2931 865 2973 non
895 2909 960 2974 nisi
990 2909 1112 2974 auxilio
1141 2913 1276 2980 coelesti
1301 2919 1329 2976 ct

256 3009 383 3074 divinae
412 3010 538 3092 gratiae
566 3007 723 3074 beneficio
748 3008 865 3073 haberi
884 3009 1026 3092 potest“
1068 3008 1238 3086 Quomodo
1265 3013 1328 3077 abs-

256 3129 319 3190 que
341 3107 450 3173 divino
474 3109 595 3173 auxilio
617 3107 758 3190 virgines
784 3107 862 3171 illae
883 3107 1105 3190 virginitatem
1132 3111 1220 3175 tanti
1241 3111 1328 3176 aesti-

254 3227 344 3272 mare
372 3207 570 3290 potuissent,
603 3215 642 3272 ut
669 3208 703 3270 in
732 3208 974 3290 comparatione
1003 3207 1090 3271 illius
1119 3211 1229 3276 omnia
1257 3210 1328 3276 nihd

254 3305 395 3372 fecerint
415 3313 593 3386 tormenta,
621 3308 685 3373 imo
707 3329 727 3371 a
748 3306 897 3372 leonibus
919 3307 1029 3389 potius
1050 3308 1217 3389 dilaniari,
1241 3331 1329 3394 quam

254 3406 450 3471 lascivorum
468 3406 646 3471 demulceri
666 3406 830 3470 coluerint
846 3405 1030 3471 lenociniis!
1053 3407 1118 3472 Ubi
1139 3430 1215 3475 vero
1232 3410 1329 3493 gratia

254 3507 450 3590 virtutisque
477 3507 650 3590 perfectio,
677 3507 728 3571 uti
754 3507 789 3570 in
815 3505 1001 3571 hominibus
1027 3507 1149 3572 sanctis
1177 3516 1212 3574 et
1229 3509 1328 3592 justis,

254 3605 302 3669 ibi
333 3605 491 3671 immensa
521 3606 745 3689 providentiae
777 3606 905 3670 divinae
935 3605 1080 3685 bonitas,
1115 3606 1330 3674 demonstrata

254 3705 394 3769 maxime
422 3727 498 3788 erga
521 3707 642 3789 justos,
674 3706 788 3770 abesse
816 3727 882 3769 non
911 3711 1021 3788 potest
1046 3727 1085 3770 ac
1113 3706 1251 3788 proinde
1277 3725 1329 3770 uec

255 3803 363 3868 aberit
383 3804 536 3870 coelestis
556 3806 590 3870 in
612 3806 699 3872 omni
718 3805 903 3870 necessa1ia
925 3805 1075 3870 doctrina
1097 3805 1279 3872 instructio.

323 3971 342 4037 ¹)
358 3971 457 4026 Mattb.
475 3971 550 4039 XIX,
570 3974 608 4027 12.
641 3972 663 4038 ²)
680 3971 798 4042 Apolcg.
815 3988 859 4042 cp.
876 3975 917 4028 50.
950 3973 971 4041 ³)
987 3974 1030 4028 De
1047 3971 1121 4028 lmit.
1138 3971 1171 4028 B.
1189 3972 1316 4044 Virginis.
