2728 4560
747 381 810 440 210

236 544 336 608 etiam
364 542 491 608 seclusa
518 542 651 625 copula,
682 541 770 624 quod
799 546 929 604 ratum
959 538 1096 618 dicitur3
1129 541 1158 604 si
1185 541 1299 606 accedat

235 641 367 725 copula,
390 642 634 706 matrimonium
662 645 974 706 consummatum
999 645 1144 703 vocatur.
1187 642 1231 705 Ac
1250 641 1300 705 tria

236 742 270 804 in
291 741 500 805 matrimonio
521 739 727 823 potissimum
749 738 928 821 spectanda
950 743 1039 801 sunt:
1074 737 1299 814 Substantia

236 860 328 904 usus
352 846 391 903 et
411 837 518 902 finis.
558 837 751 904 Substantia
770 843 821 901 est
837 843 952 901 mutua
969 835 1005 899 in
1023 857 1142 918 corpus
1158 844 1300 919 potestas

236 960 314 1002 usus
337 944 388 1002 est
409 937 527 1019 copula
554 935 747 1019 conjugalis,
778 957 843 1019 qua
863 934 1005 999 vicissim
1031 934 1066 998 in
1088 955 1148 999 sua
1168 935 1229 1000 sibi
1248 957 1301 1000 cor-

236 1058 317 1118 pora
333 1035 458 1101 tradita
472 1041 638 1118 potestate
654 1041 809 1114 utuntur3
830 1033 904 1098 finis
921 1033 1061 1116 denique
1079 1040 1129 1098 est
1145 1033 1302 1100 liberorum

236 1135 431 1218 procreatio
457 1134 565 1199 -Usus
594 1156 614 1198 a
644 1133 829 1199 substantia
854 1132 948 1216 jungi
976 1138 1010 1196 et
1039 1131 1223 1197 substantia
1248 1134 1302 1198 sine

237 1255 299 1298 usu
321 1254 391 1298 esse
415 1239 526 1315 potest
527 1281 657 1296 .....
703 1231 814 1296 Omnis
841 1231 941 1296 etiam
961 1237 1072 1313 potest
1099 1253 1170 1297 esse
1198 1234 1230 1297 in
1250 1254 1303 1297 ma·

236 1333 391 1398 trimonio
414 1333 600 1398 substantia
620 1333 690 1396 sine
709 1331 804 1396 fine.“

302 1432 509 1515 Quapropter
548 1430 815 1496 catechismus
854 1429 1087 1512 Romanus1)
1130 1430 1171 1496 de
1208 1430 1305 1496 matri·

240 1531 348 1596 monio
388 1531 507 1596 tradit:
549 1529 708 1612 „Parachi
745 1528 897 1593 fidelibus
935 1527 1083 1606 tradent,
1123 1528 1305 1594 matrimonii

237 1637 391 1696 naturam
413 1637 447 1696 et
467 1631 532 1694 vim
552 1631 588 1694 in
608 1629 735 1695 vinculo
766 1635 800 1693 et
822 1628 1020 1710 obligatione
1048 1615 1152 1692 sitam‘
1169 1651 1251 1694 esse:
1276 1649 1305 1692 ac

237 1736 369 1812 praeter
391 1751 583 1794 consensum
606 1748 660 1807 ee,
683 1748 747 1810 quo
770 1728 980 1805 dictumest,
1004 1726 1100 1790 modo
1125 1749 1304 1811 expressum,

238 1836 276 1894 ut
307 1851 420 1894 verum
450 1828 695 1893 matrimonium
727 1827 864 1905 existat,
903 1826 1160 1891 concubitum
1191 1849 1306 1892 neces·

239 1929 345 1992 sario
373 1949 449 1992 non
476 1927 645 2011 requiri:
674 1948 751 1991 nam
773 1931 807 1990 et
827 1925 949 2009 primos
970 1932 1123 2007 parentes
1150 1933 1225 1990 ante
1244 1947 1307 2010 pec-

240 2033 365 2106 catum,
396 2048 460 2110 quo
482 2033 630 2108 tempore
651 2025 743 2090 nulla
769 2025 856 2089 inter
878 2046 932 2088 eos
953 2025 1061 2094 ,carnis
1083 2025 1200 2106 copula
1222 2025 1309 2090 inter·

239 2131 398 2204 cesserat,
430 2131 469 2190 ut
495 2125 610 2189 Patres
638 2130 820 2202 testantur,
853 2143 928 2188 vero
959 2123 1166 2188 matrimonio
1190 2124 1309 2207 junctos

239 2223 340 2288 fuisse
361 2223 458 2306 plane
481 2224 641 2288 constat.“

302 2325 330 2385 3.
364 2322 415 2387 Sa.
445 2321 586 2386 Patres
617 2322 704 2386 idem
732 2321 922 2386 docuerunt.
972 2319 1152 2384 Audiamus
1184 2321 1212 2385 d.
1239 2323 1310 2384 Am-

240 2408 417 2485 brosium
448 2420 496 2484 ita
527 2420 766 2503 loquentem22)
803 2418 1028 2501 „Connubium
1059 2439 1125 2482 non
1156 2419 1235 2484 iacit
1263 2419 1311 2482 de·

240 2517 370 2583 doratio
392 2518 599 2601 virginitatis,
618 2519 677 2583 sed
697 2517 778 2582 fides
801 2525 835 2582 et
854 2518 964 2600 pactio
988 2517 1198 2600 conjugalis.“
1239 2517 1311 2583 Con·

240 2623 337 2682 sonat
378 2638 402 2681 s.
442 2617 689 2700 Augustinus
731 2637 894 2694 asserens,
909 2617 934 2698 ⁸)
975 2616 1062 2680 inter
1100 2616 1310 2682 beatissimam
1362 2699 1363 2702 Ἴ

240 2716 406 2799 Virginem
438 2723 472 2781 et
500 2739 523 2781 s.
553 2717 675 2800 Joseph
706 2717 949 2781 matrimonium
979 2717 1126 2781 extitisse
1155 2739 1220 2782 non
1246 2735 1312 2780 con·

242 2815 370 2893 cubitu,
398 2815 457 2880 sed
478 2815 615 2894 affectu,
644 2838 710 2880 non
733 2815 960 2881 commixtione
982 2836 1170 2898 corporum,
1194 2815 1247 2881 sed
1266 2834 1313 2878 co-

240 2913 425 2996 pulatione,
456 2913 543 2997 quod
565 2920 616 2978 est
637 2915 757 2979 caritas
777 2914 969 2978 animorum.
1010 2913 1050 2978 In
1070 2914 1155 2979 libro
1178 2915 1217 2979 de
1230 2907 1312 2977 bono

241 3012 403 3096 conjugali
413 3013 441 3095 ⁴)
480 3012 712 3078 celeberrimus
749 3012 967 3095 Hipponensis
1004 3012 1143 3078 antistes
1181 3011 1312 3096 exponit,

244 3112 298 3193 „in
320 3118 460 3195 utroque
482 3133 561 3177 sexu
582 3111 706 3195 absque
727 3112 956 3176 commixtione
978 3111 1172 3177 concubitus
1192 3110 1316 3177 alterius

240 3210 397 3293 regentis,
435 3211 571 3276 alterius
608 3211 818 3294 obsequentis
853 3210 1058 3276 amicabilem
1094 3212 1252 3294 quandam
1284 3214 1316 3272 et

241 3330 429 3392 germanam
448 3310 587 3375 existere
606 3331 701 3392 posse
721 3310 1010 3393 conjunctionem.“
1044 3310 1174 3392 Optime
1196 3327 1315 3394 quoque

242 3430 266 3473 s.
300 3407 536 3492 lsidvorusfi)
575 3409 756 3493 „Gonjuges
788 3410 895 3474 verius
931 3409 1139 3492 appellantur
1170 3433 1190 3476 a
1219 3409 1316 3492 prima

242 3506 503 3588 desponsationis
530 3507 611 3587 fide,
646 3508 792 3591 quamvis
820 3507 927 3572 adhuc
958 3508 1127 3590 ignoretur
1155 3510 1316 3575 intereos

242 3604 420 3688 conjugalis
450 3606 671 3672 concubitus.“
712 3607 757 3671 Et
785 3628 808 3670 s.
840 3606 1159 3689 Chrysostomus:
1192 3603 1317 3690 „Matri-

242 3705 386 3770 monium
417 3725 483 3770 non
513 3705 595 3772 facit
627 3706 749 3785 coitus,
783 3705 841 3771 sed
872 3706 1053 3770 voluntas.“
1095 3706 1195 3771 Plura
1224 3721 1315 3788 porro

308 3938 329 4005 ¹)
348 3938 415 3993 Parc
431 3937 469 4004 11,
487 3955 514 3992 n.
532 3937 566 3994 X.
600 3940 621 3999 Β)
638 3937 679 3992 Do
695 3937 787 3992 Instit.
807 3937 954 4005 Virginem
972 3951 1015 4004 cp.
1038 3939 1063 3991 6.
1102 3938 1124 4003 ³)
1145 3936 1205 3992 Lib.
1221 3928 1318 3994 xxm,

237 4023 315 4077 cont.
331 4021 423 4076 Faust.
441 4036 484 4090 cp.
501 4021 525 4076 8.
559 4020 581 4088 ⁴)
598 4019 645 4088 cp.
664 4019 685 4074 l.
718 4021 740 4086 ⁶)
758 4019 917 4087 Etymolog.
934 4018 984 4074 lib.
1000 4018 1017 4070 9
1034 4035 1078 4088 cp.
1097 4023 1122 4076 7.
