2730 4564
490 826 593 960 cas.
625 826 669 934 ΙΙ.

132 1045 183 1113 ιι,
205 1048 237 1116 s.
258 1047 464 1115 ernian
486 1045 776 1116 unornmrn
798 1045 846 1113 ιι
868 1047 1032 1116 sanem.

109 1228 293 1295 Beatissimo
319 1231 434 1314 Virgo,
467 1229 694 1294 illustrissimis
726 1229 832 1294 verbis
860 1229 1034 1312 promissa,
1067 1251 1119 1294 ar·

60 1324 224 1392 deotissime
257 1329 444 1394 desiderata
475 1334 634 1410 tantoque
667 1334 853 1410 expectata·
870 1335 1032 1411 tempore‚
1065 1330 1119 1394 in·

60 1434 241 1510 corrupta
277 1450 439 1511 semper
476 1449 520 1492 ac
557 1427 835 1510 integerrima
864 1427 991 1510 Virgo
1023 1428 1117 1494 fuit.

59 1524 156 1591 Omnia
182 1527 355 1592 concilia
383 1528 429 1592 de
459 1527 743 1591 Incarnatione
773 1526 811 1590 D.
834 1526 872 1590 N.
894 1527 923 1591 J.
951 1527 1014 1592 Ch.
1044 1528 1119 1593 dis·

58 1626 215 1691 serentia
235 1626 320 1691 hanc
340 1626 418 1690 fidei
438 1627 611 1691 veritatem
632 1632 820 1708 supponunt
841 1647 880 1690 ac
902 1625 1070 1692 definiunt.

107 1743 248 1827 „Siquis
270 1742 448 1808 secundum
469 1747 598 1806 sanctos
620 1741 744 1820 Patres,
766 1739 882 1806 definit
906 1743 1118 1807 concilium

57 1838 78 1901 l.
96 1840 366 1920 Lateranense‚
375 1842 400 1923 ¹)
428 1861 494 1906 non
515 1838 690 1904 confitetur
710 1841 856 1922 proprie,
886 1847 920 1905 et
940 1842 1119 1906 secundum

57 1939 222 2018 veritatem,
252 1940 314 2004 Dei
341 1939 541 2005 Genitricem
567 1944 714 2002 sanctam
739 1959 931 2022 semperque
951 1941 1120 2024 Virginem

57 2044 86 2101 et
110 2039 345 2104 immaculatam
373 2038 524 2116 Mariam,
557 2043 674 2120 utpote
706 2038 813 2120 ipsum
841 2038 948 2102 Deum
974 2039 1119 2104 Verbum

57 2139 225 2218 specialiter
258 2145 293 2203 et
323 2138 499 2215 veraciter,
533 2137 589 2220 qui
621 2158 641 2200 a
673 2137 742 2201 Deo
773 2137 870 2202 Patre
902 2144 978 2203 ante
1011 2129 1120 2204 omnia

57 2238 168 2302 saecula
187 2244 286 2302 natus
314 2242 377 2314 est,
405 2236 439 2299 in
466 2234 590 2299 ultimis
618 2234 822 2299 saeculorum
847 2235 970 2318 absque
997 2239 1118 2302 semine

57 2339 223 2420 concepisse
261 2358 301 2401 ex
336 2335 459 2417 Spiritu
496 2340 609 2398 sancto
646 2340 680 2399 et
716 2335 1010 2417 incorruptibiliter
1046 2358 1119 2402 eam

56 2436 199 2513 genuisse,
227 2434 447 2499 indissolubili
472 2439 697 2516 permanente,
726 2440 760 2498 et
785 2439 861 2516 post
881 2441 1013 2517 partum
1035 2437 1120 2519 ejus·

55 2531 114 2596 dem
139 2535 340 2618 virginitate,
373 2532 608 2597 condemnatus
639 2533 712 2596 sit.“
760 2532 885 2597 Eadem
915 2533 1035 2600 veritas
1064 2534 1120 2598 de·

54 2628 150 2696 finitur
180 2634 214 2697 in
248 2631 419 2697 concilio
451 2631 489 2696 V.
520 2630 1029 2714 Constantinopolitano‚²)
1061 2633 1119 2697 ubi

54 2727 225 2797 beatissima
262 2730 367 2794 Maria
404 2749 553 2812 „semper
583 2729 704 2812 Virg0“
743 2729 878 2809 dicitur,
917 2752 981 2813 quo
1018 2731 1119 2795 etiam

54 2830 132 2895 modo
159 2851 179 2894 a
207 2830 341 2894 Tarasio
369 2829 598 2913 Patriarohass)
628 2835 771 2894 ¹vocatur.
816 2829 960 2895 Concilio
988 2851 1118 2913 quoque

53 2925 284 3009 Ephesium,
308 2928 643 3006 Chalcedonense,
666 2927 983 3011 Tridentinum4)
1011 2929 1118 2994 verbis

53 3027 250 3107 apertissimis
277 3027 362 3092 hanc
394 3026 553 3092 definiunt
581 3026 768 3104 veritatem,
802 3048 900 3110 quam
927 3026 1119 3111 profitemur

53 3124 78 3186 in
105 3125 292 3209 symbolis
320 3126 570 3209 Apostolico‚
603 3125 661 3190 ubi
690 3125 839 3190 Christus
869 3125 990 3190 dicitur
1020 3133 1118 3192 natus

54 3245 99 3304 „er
110 3225 213 3290 Maria
227 3225 392 3308 Virgine,“
409 3224 507 3289 sicuti
524 3223 977 3307 Constantinopolitano
997 3233 1051 3307 „et
1070 3226 1118 3289 in-

53 3329 188 3388 carnatus
210 3331 261 3388 est
284 3323 323 3387 de
347 3324 471 3406 Spiritu
493 3329 605 3388 sancto
629 3345 669 3387 ex
689 3323 794 3388 Maria
815 3324 978 3407 Virgine.“

100 3439 271 3522 Symboli
299 3439 525 3521 Apostolici
554 3439 756 3504 authoritate
778 3445 972 3522 perpetuam
992 3439 1117 3504 Mariae
1242 3525 1245 3530 Ι

51 3537 256 3621 uirginitatem
287 3537 471 3604 luculenter
502 3539 607 3604 astrui
641 3545 785 3604 testatur
816 3538 844 3602 d.
879 3537 1077 3602 Ambrosius
1091 3539 1117 3621 5)

101 3805 120 3873 ¹)
146 3804 268 3860 consult.
293 3805 309 3856 5
334 3819 393 3857 can.
418 3803 442 3857 3.
485 3801 507 3868 ²)
535 3801 657 3856 Consult.
681 3803 698 3854 8
723 3817 784 3855 can.
809 3803 833 3856 6.
876 3801 897 3866 ³)
921 3799 954 3854 ln
980 3800 1061 3869 epist.
1085 3801 1121 3855 ad

51 3902 154 3943 summos
170 3886 337 3942 Sacerdotes
363 3889 392 3940 et
408 3885 572 3955 Episcopos.
609 3884 631 3952 ⁴)
648 3883 719 3940 Sese.
737 3887 754 3939 6
771 3884 799 3937 in
818 3883 932 3938 decreto
949 3885 985 3938 de
1002 3887 1119 3952 peccato

51 3969 175 4041 originali3
192 3985 259 4025 sess.
276 3971 293 4025 6
309 3984 369 4025 can.
385 3971 426 4024 23.
464 3966 486 4034 ⁵)
503 3967 632 4036 Epistola
648 3969 679 4020 81
698 3966 734 4021 ad
751 3965 889 4021 Siricium.
927 3965 949 4032 ⁶)
965 3964 999 4018 In
1015 3963 1064 4019 lib.
1083 3963 1118 4018 de

50 4056 97 4110 eccl.
116 4051 298 4122 domatibus
314 4051 388 4120 apud
407 4051 594 4120 Augustinum
611 4066 654 4119 cp.
672 4052 711 4105 69.

919 4128 951 4182 7*
