2730 4564
746 358 804 418 158

231 519 392 598 fidelium,
425 518 516 583 fonte
546 523 619 582 orta
646 517 870 600 baptismatis
903 517 989 582 siout
1020 541 1094 584 cum
1122 521 1248 588 Christo
1273 524 1301 587 in
1355 535 1356 540 ’

230 619 384 684 Passione
407 617 567 696 crucifixi,
590 617 624 680 in
646 617 894 681 Resurrectione
916 619 1117 698 resuscitati,
1140 621 1174 684 in
1196 622 1302 686 Ascen-

232 719 322 783 sione
351 718 394 783 ad
422 718 571 782 dextram
597 715 704 780 Patris
731 715 895 794 collocati,
926 716 974 780 ita
1001 738 1076 781 oum
1102 719 1173 801 ipso
1203 743 1301 785 sumus

231 819 266 882 in
288 819 357 902 ejus
377 817 557 882 Nativitate
580 817 772 899 congeniti?

295 923 323 982 3.
346 916 493 982 Docebat
509 915 663 979 nativitas
686 936 726 979 ex
741 913 883 997 Virgine,
904 921 942 979 ut
962 913 1161 980 mirabilis
1182 913 1303 982 nasce·

233 1023 353 1081 retur
391 1013 665 1080 mirabiliter.
727 1013 837 1096 ,Nove
877 1014 967 1078 nasci
1004 1013 1162 1095 debebat,
1203 1017 1304 1082 scribit

233 1113 579 1196 Tertullianus,¹)
611 1134 713 1178 novae
745 1113 928 1178 nativitatis
961 1113 1144 1194 dedicator,
1178 1115 1219 1180 de
1250 1135 1305 1199 qua

233 1216 360 1298 signum
388 1214 525 1279 daturus
553 1213 710 1278 Dominus
739 1213 780 1277 ab
807 1213 894 1277 Isaia
922 1212 1207 1295 praedicabatur.“
1254 1213 1306 1280 Oui

234 1313 396 1378 consentit
416 1311 601 1396 plenissime
631 1310 661 1375 d.
683 1311 930 1376 Ambrosius
958 1312 1123 1395 inquiens:
1136 1314 1162 1396 2)
1193 1313 1305 1395 ,inusi-

232 1419 320 1492 tato,
350 1413 443 1496 quasi
470 1412 574 1490 Deus,
604 1411 722 1475 itinere
750 1410 838 1475 venit
867 1411 902 1474 in
929 1416 1050 1490 terras,
1079 1417 1131 1490 ut,
1162 1411 1305 1494 quemad-

233 1511 365 1576 modum
386 1511 531 1576 dixerat:
562 1509 665 1592 ,Eooe
686 1508 771 1573 facio
794 1509 902 1574 omnia
922 1509 1035 1588 nova,“
1047 1511 1073 1592 3)
1094 1517 1194 1593 partu
1215 1511 1305 1575 etiam
1358 1589 1359 1592 Ἴ

231 1609 459 1674 immaculatae
486 1608 628 1692 Virginis
656 1614 862 1687 nasceretur,
892 1614 926 1672 et
954 1608 1040 1673 sicut
1067 1609 1226 1692 scriptum
1254 1615 1304 1686 est,

230 1715 270 1773 ut
291 1709 480 1773 crederetur
500 1707 669 1772 nobiscum
690 1706 811 1770 Deus.“

293 1807 423 1873 Christo
456 1806 594 1870 Domino
631 1805 771 1869 maxime
810 1807 981 1888 competit,
1021 1812 1160 1871 matrem
1194 1807 1306 1873 habere

231 1906 405 1990 Virginem,
428 1912 466 1970 ut
487 1912 632 1970 natura
654 1905 738 1987 ejus
760 1903 834 1968 inde
856 1905 1109 1970 illustretur.
1147 1906 1208 1971 Est
1228 1906 1306 1970 enin

231 2025 325 2068 verus
357 2004 413 2068 ille
442 2001 695 2081 Melchisedech,
729 2002 786 2084 qui
817 2002 886 2067 sine
918 2010 1012 2086 patre
1045 2011 1078 2069 et
1109 2005 1179 2069 sine
1210 2012 1307 2070 matre

232 2123 302 2168 esse
329 2103 463 2181 dicitur,
494 2123 594 2184 quum
621 2101 656 2164 in
684 2100 794 2165 divina
822 2104 1031 2183 generatione
1058 2111 1198 2169 matrem
1226 2105 1307 2169 etin

231 2201 404 2267 nativitate
432 2200 574 2264 humana
599 2206 729 2282 patrem
754 2200 935 2266 nesciverit,
978 2202 1071 2267 Unde
1098 2203 1307 2286 pulcherrime

230 2299 540 2382 Lactantius:⁴)
573 2295 718 2381 ,Idcirco
746 2296 851 2362 filium
878 2298 929 2364 bis
960 2302 1051 2366 nasci
1082 2303 1243 2385 oportuit,
1275 2308 1308 2367 ut

230 2399 301 2481 ipse
321 2397 416 2464 fieret
445 2398 581 2478 ἀπάτωρ
611 2403 711 2479 atque
743 2396 888 2484 ἀμήτωρ.
932 2399 970 2463 In
998 2400 1106 2483 prima
1137 2402 1223 2466 enim
1249 2401 1308 2467 Nu·

231 2497 362 2563 tivitate
383 2497 549 2581 spirituali
572 2495 706 2582 ἀμήτωρ
729 2495 808 2576 fuit,
838 2497 916 2580 quia
936 2498 1006 2562 sine
1034 2497 1137 2563 officio
1159 2499 1273 2566 Matris
1291 2521 1308 2564 a
1361 2551 1362 2566 2

232 2594 301 2660 solo
323 2595 393 2661 Deo
419 2597 517 2663 Patre
546 2603 719 2682 generatus
749 2601 807 2660 est.
851 2597 889 2661 In
917 2597 1059 2662 secunda
1086 2619 1163 2664 vero
1193 2599 1308 2664 carnali

116 2755 119 2763 Δ
233 2696 370 2780 ἀπάτωρ
402 2696 480 2778 fuit,
510 2699 665 2782 quoniam
692 2700 762 2764 sinc
782 2695 890 2762 Patris
918 2695 1020 2760 officio
1049 2696 1199 2779 virginali
1220 2705 1307 2763 utero

231 2804 422 2881 procreatus
445 2803 510 2876 est,
540 2804 578 2862 ut
598 2797 739 2863 mediam
760 2800 846 2863 inter
867 2797 973 2862 Deum
1001 2803 1035 2862 ct
1055 2797 1219 2864 hominem
1239 2798 1308 2864 sub·

231 2896 388 2961 stantiam
416 2902 561 2978 gereret,
594 2903 739 2962 nostram
766 2889 852 2962 hanc
877 2895 1028 2979 fragilem
1056 2895 1308 2981 imbecillemque

230 3000 385 3060 naturam
415 2995 509 3078 quasi
537 3015 636 3060 manu
650 2997 707 3067 ¹ad
736 2995 1018 3060 immortalitatem
1045 3002 1157 3078 posset
1186 2995 1308 3074 ducere,

232 3093 339 3160 factus
377 3101 428 3159 cst
461 3101 495 3159 et
527 3094 588 3159 Dei
619 3093 705 3160 filius
736 3116 796 3178 per
827 3094 984 3178 Spiritum
1021 3101 1055 3159 et
1085 3093 1225 3160 hominis
1255 3114 1310 3177 per

234 3193 394 3258 caruem.“
447 3192 574 3276 ,Quum
603 3191 733 3278 justitia
764 3193 854 3259 nulla
885 3200 971 3259 esset
1002 3193 1036 3257 in
1067 3200 1172 3273 terra,
1207 3194 1309 3278 inquit

230 3293 318 3357 idem
337 3293 539 3372 Lactantius,
549 3294 575 3378 5)
605 3294 693 3359 Deus
721 3315 865 3359 summus
895 3293 1061 3357 doctorem
1086 3292 1191 3372 misit,
1221 3291 1309 3377 quasi

230 3391 335 3457 vivam
355 3391 474 3475 legem,
503 3399 543 3457 ut
561 3413 680 3458 nomen
700 3414 738 3458 ao
760 3393 918 3476 templum
938 3413 1057 3457 novum
1078 3391 1247 3472 conderet3
1276 3397 1311 3455 ut

231 3511 342 3554 verum
374 3511 413 3555 ao
443 3490 534 3573 pium
571 3492 696 3557 cultum
727 3513 786 3576 per
823 3513 950 3556 omnem
987 3497 1109 3556 terram
1142 3491 1248 3556 verbis
1279 3497 1310 3554 et

231 3589 378 3672 exemplo
408 3589 592 3654 seminaret.
637 3590 702 3656 Sed
722 3597 847 3669 tamen,
877 3597 915 3655 ut
941 3597 1067 3655 certum
1096 3596 1183 3654 esset
1204 3612 1224 3655 a
1244 3590 1309 3653 Deo

230 3688 373 3768 missum,
389 3710 456 3754 non
476 3689 525 3754 ita
545 3688 639 3753 illum
659 3689 749 3755 nasci
770 3689 926 3773 oportuit,
946 3689 1031 3753 sicut
1051 3689 1148 3754 homo
1169 3691 1310 3756 nascitur

298 3919 318 3988 ¹)
335 3921 376 3975 De
393 3937 477 3975 carne
495 3917 597 3974 Christi
618 3935 662 3988 cp.
680 3922 721 3974 17.
761 3921 784 3986 ²)
803 3921 894 3989 Epist.
911 3918 997 3975 XLII.
1037 3920 1058 3988 8)
1076 3919 1137 3974 lsai.
1154 3919 1255 3988 XLIII,
1272 3921 1309 3975 19.

230 4002 253 4070 ⁴)
271 4001 333 4059 Lib.
351 4003 387 4058 de
404 4019 472 4058 vera
488 4001 639 4071 Sapientia.
672 4002 694 4070 ⁵)
710 4002 803 4058 Diviu.
820 4002 907 4058 instit.
924 4003 972 4058 lib.
991 4003 1038 4071 lv,
1057 4020 1100 4073 op.
1116 4004 1158 4058 25.
