2726 4560
549 377 587 436 41

42 540 87 622 qui
112 547 161 606 est
182 539 247 604 Dei
274 537 452 622 sapientia,
482 537 516 600 iu
544 537 616 620 ipsa
643 536 820 601 habitarit:
852 557 918 601 non
945 536 1049 601 solnm
1076 538 1110 601 in

40 639 148 720 anima,
178 639 239 705 sed
267 639 369 703 etiam
394 637 428 700 in
456 643 567 701 utero:
602 636 731 702 Dicitur
759 642 871 700 autem
899 637 973 720 Sap.
995 637 1019 700 1.
1053 637 1111 719 ,ln

41 738 220 802 malevolam
240 739 384 803 animam
411 757 476 801 non
505 736 656 802 introibit
684 736 846 818 sapientia
868 757 927 801 nec
948 735 1113 802 habitabit

41 839 217 922 incorpore
247 838 380 903 subdito
401 836 576 920 peccatis.“
618 835 662 900 Et
690 835 764 900 ideo
793 835 985 919 simpliciter
1005 835 1112 900 faten-

41 937 104 1000 dum
131 945 198 1016 est,
232 937 321 1020 quod
349 937 380 1001 b.
403 937 501 1018 Virgo
529 935 655 1000 nullum
685 935 814 1000 actuale
834 941 1006 1018 peccatum
1026 957 1112 1000 com-

41 1037 127 1116 misit,
157 1058 221 1101 nec
242 1036 397 1114 mortale,
426 1057 486 1100 neo
507 1035 650 1100 veniale:
682 1041 721 1099 ut
742 1035 788 1098 sic
809 1035 844 1099 in
865 1056 905 1099 ea
925 1034 1110 1118 impleatur,

41 1137 112 1216 quod
132 1137 258 1201 dicitur
279 1136 372 1200 Cant.
395 1134 456 1199 IV:
487 1133 588 1215 ,Tota
609 1133 747 1216 pulchra
769 1153 818 1212 es,
842 1135 946 1198 amica
966 1155 1053 1213 mea,
1077 1140 1111 1198 et

40 1236 151 1301 macula
172 1259 241 1301 non
263 1242 313 1300 cst
333 1236 368 1298 in
388 1236 452 1298 tc.“

12 1405 13 1412 ,
90 1335 236 1400 Cunctae
257 1335 320 1399 hae
339 1335 483 1400 rationes
507 1334 603 1417 juxta
630 1333 894 1398 Ambrosium
922 1332 1111 1398 C‘athari-
1145 1415 1147 1419 ι

40 1455 114 1498 num
127 1437 150 1517 ¹)
173 1435 301 1499 ordinis
320 1433 587 1498 Praedicatorum
607 1453 671 1497 non
692 1434 807 1512 minus,
828 1433 893 1497 imo
915 1433 1017 1515 magis
1038 1454 1112 1496 con·

12 1573 13 1578 κ
41 1533 162 1599 cludunt
183 1535 227 1599 de
256 1533 471 1616 originali,
495 1553 594 1616 quarn
615 1533 655 1596 de
677 1533 800 1598 actuali
822 1537 956 1615 peccato
979 1530 1111 1614 (veniali

39 1635 164 1716 tamen),
204 1656 307 1716 quum
339 1632 422 1696 illud
452 1631 556 1696 multo
588 1633 719 1715 majoris
755 1633 799 1696 sit
829 1632 1040 1714 ignominiae,
1077 1636 1111 1694 et

41 1733 182 1814 majorem
207 1733 389 1797 constituat
410 1731 601 1797 affinitatem
621 1754 695 1796 cum
716 1731 835 1811 Belial,
859 1739 893 1796 et
913 1732 1015 1814 magis
1036 1731 1111 1795 sub·

41 1830 130 1896 ditum
158 1831 282 1898 reddat
311 1853 428 1915 corpus
454 1837 606 1915 peccato,
633 1832 812 1915 majorique
843 1831 972 1895 macula
998 1828 1111 1893 foedet

41 1931 182 2010 animam,
222 1953 323 2016 quum
353 1930 454 1996 faciat
480 1931 644 1996 hominem
672 1932 835 2014 iniquum,
869 1930 1019 2012 impium,
1052 1927 1111 1990 im·

42 2051 155 2110 purum,
188 2032 260 2096 Deo
283 2031 464 2108 inimicum,
489 2030 653 2112 captivum
677 2029 816 2112 denique
838 2028 960 2092 diaboli
983 2034 1017 2092 et
1036 2047 1111 2110 pec·

42 2130 95 2192 rati
115 2180 151 2193 ..
179 2181 185 2194 .
213 2180 220 2193 .
253 2131 298 2195 At
319 2130 400 2193 nihil
427 2130 545 2194 horum
573 2128 612 2194 fit
632 2151 652 2194 a
673 2129 805 2207 veniali,
832 2127 920 2212 quod
948 2133 1016 2192 stat
1038 2148 1112 2190 cum

44 2229 150 2307 pietate
178 2237 216 2294 et
244 2230 390 2294 amicitia
413 2230 482 2294 Dei.
527 2228 652 2293 Deinde
680 2251 745 2292 non
770 2229 913 2307 videtur,
943 2250 1002 2292 cur
1028 2228 1110 2292 Can·
1157 2219 1159 2222 ’

42 2327 163 2393 ticorum
184 2328 303 2394 verba:
333 2328 436 2410 „Tota
456 2328 594 2412 pulchra
616 2349 665 2406 es,
695 2328 799 2392 amica
821 2349 906 2407 mea,
929 2335 962 2392 et
984 2328 1111 2392 macula

41 2449 93 2491 non
116 2437 165 2495 est
193 2430 231 2493 in
249 2430 313 2494 *te“
345 2428 385 2493 do
413 2428 602 2494 beatissima
622 2428 755 2512 Virgine
782 2426 942 2492 verificari
967 2433 1109 2509 possent,

42 2535 315 2610 quantumcunque
357 2529 514 2610 originale
556 2529 774 2610 contraxisset
812 2533 1002 2610 peccatum,
1045 2546 1111 2589 non

40 2633 149 2708 autem,
179 2628 209 2693 si
231 2628 265 2691 in
286 2649 346 2692 sua
371 2628 540 2711 juventute
562 2628 696 2710 aliquod
716 2627 767 2691 vel
788 2627 957 2690 minimum
980 2625 1111 2690 commi-

40 2725 120 2793 sisset
147 2727 287 2793 veniale.
337 2727 435 2792 Nulla
463 2727 548 2791 enim
580 2725 676 2791 adest
703 2749 765 2790 vox
794 2727 829 2790 in
858 2726 1017 2803 Canticis,
1050 2745 1110 2788 nec

41 2823 106 2888 alibi
137 2827 173 2890 in
207 2827 377 2908 Scriptura
413 2847 523 2904 sacra,
565 2847 648 2908 quae
682 2846 793 2900 vocem
829 2823 1032 2907 ,macula“
1068 2823 1110 2888 ad

41 2933 201 3002 peccata
234 2926 413 3008 restringat
441 2925 648 3008 actualia3
681 2925 771 2989 nulla
799 2946 877 3004 vox,
910 2945 992 3007 quae
1023 2923 1110 2987 idem

42 3023 159 3088 verbum
190 3024 234 3089 ad
255 3045 357 3088 unum
377 3030 506 3107 tempus
535 3025 661 3106 potina,
691 3045 787 3106 quam
815 3023 858 3087 ad
885 3021 976 3087 aliud
1003 3022 1111 3087 deter-

42 3122 136 3188 minet.
179 3125 249 3188 Imo
279 3124 313 3186 in
333 3124 484 3188 Hebraeo
513 3145 578 3188 non
606 3124 727 3206 legitur
753 3123 888 3187 verbum
917 3122 1024 3204 ,est,“
1053 3121 1111 3186 sed

43 3221 213 3303 dumtaxat,
245 3231 301 3306 ,et
320 3225 449 3288 macula
469 3247 535 3288 non
555 3224 590 3287 in
611 3225 682 3303 te,“
712 3224 805 3307 quasi
827 3222 934 3286 dicere
955 3220 1112 3286 voluisset

43 3321 168 3403 Spiritus
192 3329 341 3388 sanctus:
365 3345 445 3405 ,nec
466 3331 525 3402 cst,
547 3345 608 3387 nec
629 3343 773 3406 unquam
793 3321 887 3386 fuit.“

92 3423 123 3487 Si
155 3423 285 3488 favores
317 3423 509 3506 ampliandi,
550 3423 626 3488 odia
664 3429 741 3487 sunt
772 3420 1011 3504 restringenda,
1052 3441 1112 3484 cur

43 3523 284 3607 quotiescunque
307 3523 347 3587 de
369 3545 393 3587 s.
417 3523 570 3606 mysterio
592 3524 716 3606 agitur,
742 3521 941 3587 contrarium
962 3520 1034 3585 fieri
1055 3520 1110 3586 de·

42 3617 114 3700 beat,
138 3644 242 3707 usque
263 3644 350 3686 nunc
370 3623 539 3706 percipere
560 3644 626 3686 non
647 3623 748 3705 potui.

92 3721 268 3787 Audiamus
285 3728 458 3806 praeterea
476 3722 577 3786 alium
593 3745 617 3786 a.
635 3721 798 3788 Dominici
814 3722 918 3788 filium
936 3721 976 3786 de
993 3719 1109 3785 ultimo

12 3831 13 3834 ’
44 3837 62 3878 s.
88 3819 225 3886 Thomas
257 3827 351 3886 textu
384 3820 606 3887 disserentem.
655 3821 828 3904 ,Quamvis
860 3822 961 3888 thesis
993 3821 1037 3886 sit
1069 3820 1139 3914 de.

12 3929 13 3948 l

12 3955 14 3990 l

12 4111 14 4142 l

12 4153 14 4180 l

46 3957 230 3976 h-w-——wm

12 4033 13 4076 ἲ
98 4033 116 4100 ¹)
132 4033 206 4104 Disp.
219 4051 270 4104 pro
284 4035 365 4090 verit.
378 4035 490 4090 lmmac.
505 4037 635 4105 Concept.
652 4036 687 4090 ed
703 4035 767 4104 Syn.
779 4037 856 4092 Trid.
871 4036 938 4092 edit.
947 4037 1111 4092 Romlbol.
