2782 4554
666 386 671 393 ·
779 367 839 430 528

265 535 352 595 teste
374 550 398 593 s.
420 526 671 593 Bernerdino
694 527 875 607 Senensi,
900 551 1020 609 omnes,
1044 553 1185 614 quorum
1204 535 1235 599 b.
1247 535 1333 619 Virgo

265 621 325 711 per
346 627 554 692 dilectionem
574 625 665 691 fecta
687 632 738 691 est
758 633 872 693 mater.
882 629 909 711 1)

329 731 357 791 2.
397 727 451 792 Ss.
481 724 629 790 Patres
657 725 792 791 titulum
820 727 906 792 hunc
937 726 969 792 b.
998 728 1126 812 Virgini
1152 731 1331 798 attribuunt.

267 827 316 910 ,A
345 825 451 890 Maria
480 825 619 908 virgine,
652 824 761 908 inquit
792 847 817 890 s.
846 825 1151 912 epiphanium)
1183 830 1249 895 vita
1273 832 1332 914 ipss

266 932 318 991 est
345 926 380 990 in
415 924 572 989 mundum
606 925 810 1004 introducta,
843 932 882 1000 ut
911 932 946 991 et
973 927 1136 992 viventem
1172 929 1275 1010 periet
1304 935 1331 994 et

265 1024 442 1090 virentium
478 1024 522 1088 sit
553 1022 690 1088 Mater.“
744 1025 775 1089 S.
808 1025 1107 1091 Beneventure
1142 1027 1330 1110 praedicnt

265 1124 357 1189 illam
392 1144 459 1187 non
495 1122 600 1187 solum
641 1129 678 1188 ut
709 1129 848 1188 matrem
881 1123 1003 1189 Christi
1041 1123 1251 1206 singularem,
1284 1125 1330 1190 sed

266 1223 367 1287 etiem
397 1224 442 1286 ut:
462 1227 601 1286 matrem
630 1223 774 1287 omnium
801 1222 947 1287 fidelium
975 1223 1201 1289 universalem.
1251 1225 1329 1308 „Duc

265 1319 327 1386 filii
347 1319 472 1385 Mariae
493 1325 586 1400 sunt,
617 1318 731 1392 scribit
754 1320 840 1390 idem
869 1342 893 1386 s.
916 1320 1057 1400 Ductor,
1085 1322 1183 1389 homo
1205 1323 1285 1390 Deus
1304 1329 1332 1388 et

265 1541 335 1604 tum,
352 1555 438 1592 unum
456 1547 555 1606 nempe
577 1536 764 1603 literalem,
787 1553 869 1606 quem
886 1536 973 1591 verbe
989 1553 1040 1606 per
1056 1553 1086 1592 se
1103 1537 1294 1604 demonstrant,
1309 1543 1333 1592 et

265 1620 383 1676 alterum
408 1619 647 1688 spiritualem,
673 1636 756 1688 quem
782 1636 826 1673 res
851 1619 1000 1674 litereliter
1026 1619 1199 1689 significatae
1224 1622 1333 1676 vicissim

263 1703 430 1773 significent.
463 1702 574 1771 Duplex
590 1701 638 1756 ille
661 1719 756 1757 sensus
773 1703 922 1772 praecipue
945 1703 1134 1756 admittendus
1158 1708 1214 1770 est,
1236 1703 1333 1773 quando

265 1787 310 1842 vel
335 1785 576 1849 circumstantiae,
602 1785 647 1839 vel
671 1786 756 1839 verbe
779 1784 918 1851 adhibite,
944 1787 989 1838 vel
1013 1786 1132 1839 materis
1156 1788 1289 1841 substrata
1309 1787 1334 1841 id

265 1869 415 1938 postulant.
455 1869 494 1923 At
515 1868 545 1920 in
567 1871 662 1922 nostro
684 1884 749 1922 casu
772 1869 997 1922 circumstantiae
1021 1873 1050 1923 et
1070 1870 1187 1922 materia
1210 1869 1335 1923 substrata

265 1952 407 2020 postulare
424 1950 562 2016 videntur,
577 1950 661 2003 verbs
676 1951 727 2004 ills
738 1951 819 2020 juxte
836 1967 946 2004 sensum
963 1951 1102 2005 literalem
1120 1951 1231 2020 quidem
1245 1951 1334 2005 referri

263 2034 300 2088 ad
316 2034 405 2089 solum
422 2033 575 2096 loannem,
596 2033 677 2101 juxta
693 2049 803 2087 sensum
820 2050 887 2088 vero
911 2033 1086 2102 spiritualem
1109 2033 1147 2086 sd
1163 2050 1254 2088 omnes
1269 2033 1335 2087 chri-

264 2117 376 2171 stianos.
417 2114 469 2168 llle
500 2115 575 2168 enim
599 2133 695 2170 sensus
723 2116 806 2186 longe
837 2115 1006 2171 conformior
1036 2116 1149 2171 videtur
1177 2117 1265 2171 officio
1289 2118 1335 2171 Re·

265 2197 420 2271 demptoris
436 2203 504 2252 tunc
520 2200 683 2266 praesertim
701 2200 853 2270 adimpleti.

331 2283 351 2350 ¹)
374 2282 442 2336 Cum
465 2298 489 2336 s.
512 2280 685 2335 Bernerdino
709 2283 868 2351 plenissime
894 2281 1035 2337 consentit
1058 2281 1087 2335 in
1111 2283 1279 2351 exponendis
1299 2279 1335 2333 his

266 2364 417 2419 Salvetoris
441 2363 533 2418 verbis
557 2362 731 2418 doctissimus
754 2365 953 2418 Bossuetius
978 2363 1071 2431 (serm.
1098 2380 1146 2428 sur
1170 2364 1197 2418 le
1221 2362 1335 2428 Rossire)

263 2449 305 2503 its
321 2448 469 2503 disserens:
482 2447 626 2512 '„Femme‚
639 2446 682 2500 dit
694 2447 723 2512 il,
735 2446 810 2501 voilt
826 2451 905 2501 votre
922 2445 973 2500 fils.
1007 2445 1046 2500 Et
1061 2462 1098 2499 ne
1114 2463 1184 2499 vous
1199 2445 1334 2515 persuade

265 2547 314 2600 pas
339 2530 407 2599 qu’il
430 2530 549 2599 regende
573 2528 647 2584 saint
668 2529 738 2584 Jeen
763 2547 798 2584 en
821 2545 853 2583 ce
879 2530 936 2584 lieu
960 2545 1067 2582 comme
1092 2547 1130 2582 un
1154 2528 1263 2582 homme
1282 2545 1335 2596 per·

264 2614 386 2668 ticulier:
412 2616 474 2666 tous
491 2628 534 2665 ses
552 2610 682 2681 disciples
699 2612 769 2666 l’cnt
786 2611 959 2679 ebendonne',
978 2616 1007 2667 et
1023 2628 1074 2665 son
1091 2611 1162 2665 Pere
1180 2629 1215 2665 ne
1232 2609 1335 2666 conduit

264 2714 300 2750 au
317 2695 382 2764 pied
395 2694 430 2748 de
447 2711 478 2748 se
495 2695 574 2748 croix
588 2710 641 2762 que
656 2695 682 2748 le
697 2695 763 2749 bien
775 2723 808 2732 —
821 2695 893 2750 sime
907 2694 941 2748 de
956 2712 1006 2748 son
1019 2709 1117 2761 coeur;
1135 2694 1280 2748 tellement
1291 2707 1334 2762 que

265 2779 334 2833 dans
352 2794 398 2832 ces
423 2777 516 2832 debris
540 2779 575 2832 de
598 2794 648 2831 son
666 2777 771 2846 Eglise,
795 2779 868 2831 saint
884 2779 964 2832 Jean.
990 2777 1038 2846 qui
1062 2781 1106 2830 est
1122 2776 1149 2830 le
1167 2777 1227 2831 seul
1243 2776 1287 2844 qui
1303 2775 1335 2828 lui
1376 2798 1377 2817 1

264 2865 351 2927 reste,
375 2860 415 2914 lui
432 2859 593 2928 represents
610 2863 672 2913 tous
689 2861 729 2914 les
746 2859 843 2914 fideles
867 2864 895 2914 et
912 2864 989 2915 toute
1006 2859 1207 2913 l’universelite
1232 2859 1277 2911 des
1297 2873 1334 2908 en·

260 2943 338 2996 lente
364 2941 398 2996 de
422 2941 501 2995 Dieu.
542 2940 614 2995 C’est
643 2943 716 2996 donc
741 2947 803 2996 tout
827 2942 854 2996 le
879 2943 981 3012 peuple
1005 2957 1147 3004 nouveeu,
1178 2941 1246 2996 c’est
1269 2943 1334 2994 tonte

264 3026 292 3079 le
314 3024 418 3079 societe
442 3023 476 3078 de
501 3023 618 3092 l’Eglise
644 3041 697 3092 que
719 3025 799 3078 Jesus
823 3023 1018 3078 recommends
1043 3024 1059 3078 a
1082 3025 1111 3076 le
1135 3024 1224 3077 sainte
1245 3024 1334 3088 vierge
1375 3045 1376 3066 1

262 3124 301 3161 en
317 3107 345 3161 le
361 3121 499 3176 personne
516 3106 552 3160 de
569 3122 601 3160 ce
619 3106 686 3160 cher
703 3107 835 3176 disciple;
859 3110 888 3160 et
904 3124 956 3176 per
973 3111 1046 3161 cette
1069 3105 1165 3160 divine
1183 3107 1275 3175 parole
1291 3103 1334 3157 elle

263 3190 379 3243 devient
395 3205 452 3242 non
472 3188 626 3243 seulement
642 3189 719 3243 mere
743 3188 778 3244 de
800 3207 821 3244 s.
838 3190 924 3254 Jesn,
950 3189 1018 3242 mais
1043 3204 1144 3242 encore
1169 3189 1205 3242 ds
1229 3192 1288 3242 tous
1302 3187 1334 3240 les

263 3271 388 3326 fideles.“
422 3269 477 3325 Gir.
494 3271 593 3326 cornel
611 3290 628 3326 a
644 3272 749 3342 Lepide
774 3273 804 3327 in
820 3274 881 3327 Joe.
898 3288 942 3341 cp.
959 3272 1031 3326 XIX.
1066 3272 1234 3338 Ventura,
1258 3267 1334 3324 Maris

179 3411 180 3416 χ
264 3354 341 3408 mere
366 3353 401 3407 de
419 3354 498 3420 Dieu,
520 3353 596 3408 mere
621 3354 669 3409 des
693 3355 826 3422 hommes,
851 3353 895 3409 ch.
913 3353 960 3410 v1.
993 3354 1057 3422 „En
1083 3354 1175 3409 disent
1199 3355 1234 3409 de
1249 3351 1334 3414 Merit,

263 3436 356 3505 inquit
379 3434 459 3490 Gard.
484 3436 672 3506 Dechemps
696 3438 726 3491 in
751 3455 835 3507 opere
859 3453 908 3491 suo
927 3435 986 3503 „La
1002 3437 1130 3491 nouvelle
1148 3437 1227 3492 Eve‘·
1243 3453 1301 3506 peg.
1314 3435 1333 3496 5,

265 3519 365 3589 qu’elle
389 3535 458 3572 nous
484 3536 501 3572 a
524 3519 615 3574 donne
632 3521 660 3574 le
676 3521 730 3586 vie,
755 3520 854 3589 qu’elle
878 3527 987 3574 nons's
1004 3519 1160 3589 engendres
1185 3524 1202 3573 s
1225 3536 1278 3574 une
1298 3515 1334 3570 vis

263 3600 393 3656 nouvelle
415 3618 467 3670 par
487 3602 515 3655 le
537 3603 615 3657 force
639 3602 674 3657 de
692 3604 773 3667 Dieu,
795 3619 864 3657 neus
888 3619 924 3657 ne
945 3602 1058 3672 perlons
1081 3618 1132 3671 pas
1156 3601 1225 3656 dens
1241 3602 1267 3656 le
1283 3613 1334 3654 sens

263 3683 361 3753 figure,
386 3684 455 3738 meis
473 3684 541 3739 dens
558 3684 585 3739 le
602 3703 664 3740 sens
681 3702 784 3755 propre
801 3690 830 3741 et
845 3685 959 3752 litteral,
985 3689 1015 3739 et
1030 3697 1100 3740 nous
1116 3686 1143 3739 le
1161 3685 1263 3740 faisses
1278 3695 1334 3737 avec

263 3785 302 3820 un
320 3767 396 3836 plein
413 3767 496 3822 droit.
529 3768 716 3823 lesus-Christ
737 3769 842 3823 mest-il
863 3785 912 3837 pes
936 3771 1024 3822 notre*
1040 3770 1106 3824 vie?
1131 3769 1174 3825 Ne
1192 3767 1281 3823 Pet-il
1295 3780 1333 3834 pes

265 3849 373 3903 effirme
389 3850 545 3906 lui-meme:
563 3851 635 3921 Ego
652 3869 722 3906 sum
740 3852 829 3906 vite?
854 3851 894 3905 Et
910 3857 1051 3905 comment
1067 3852 1167 3906 s‘est-il
1184 3851 1273 3907 donne
1288 3861 1333 3900 eux
1372 3869 1373 3945 1

263 3931 406 3985 hommes?
425 3931 478 3986 Par
495 3933 602 3988 Merie.'
619 3934 691 3989 O’est
705 3934 778 3989 dono
795 3951 845 4003 par
861 3934 923 4000 elle,
938 3933 1006 4005 qu’il
1022 3951 1091 3988 nous
1108 3951 1126 3988 e
1143 3933 1235 3988 donne
1253 3933 1279 3986 le
1291 3928 1333 3984 vie.

261 4014 329 4068 Elle
346 4019 389 4069 est
405 4015 477 4070 donc
494 4021 574 4072 notre
592 4017 694 4073 Mere.“
728 4019 750 4086 ²)
767 4018 849 4074 Heer.
867 4017 1021 4076 nxxvnl.
1055 4019 1076 4086 ⁸)
1094 4017 1127 4071 ln
1144 4017 1223 4087 Spec.
1239 4011 1332 4070 lect&
