2728 4560
551 363 609 424 189

52 527 252 612 ,sicamber
272 525 400 606 Virgini
421 524 635 606 desponsatae
664 522 698 586 in
718 522 826 586 animo
856 543 914 587 suo
935 521 1120 606 disponenti

52 629 162 692 nubere
184 626 362 690 diceretur:
386 621 524 704 ,Filium
543 621 710 699 habebis‚“
732 642 798 685 non
819 621 995 686 miraretur
1013 644 1119 707 neque

52 730 271 809 interrogaret,
302 721 462 806 quomodo
491 721 580 786 istud
607 719 714 799 fieret,
744 726 860 802 utpote
889 741 972 802 quae
1001 742 1036 786 se
1065 722 1120 788 dc-

52 831 229 909 sponsatam
266 827 300 886 et
330 821 364 884 in
395 820 543 902 proximo
580 823 758 901 nupturam
795 819 894 883 sciret
929 825 963 883 et
997 841 1017 884 a
1053 821 1121 886 viro

52 924 203 1007 gravidari
235 942 296 984 usn
333 925 471 984 naturae
508 924 665 1001 speraret.
719 917 809 981 Haec
846 924 958 982 antem
989 919 1121 1002 (Maria)

52 1045 107 1088 non
127 1020 288 1086 immerito
310 1019 429 1082 mirata
451 1023 517 1095 est,
548 1023 582 1081 et
610 1017 771 1101 quomodo
799 1015 909 1095 fieret,
941 1018 1028 1101 quod
1048 1041 1122 1102 pro·

52 1123 248 1199 mittebatur,
281 1119 483 1194 sciscitatur,
521 1116 674 1200 qnoniam
706 1116 851 1200 quamvis
884 1116 1121 1199 desponsatam,

51 1228 149 1286 tamen
182 1241 216 1284 11
245 1239 413 1301 nunqnam
439 1224 617 1300 nupturam
645 1237 750 1300 neque
782 1217 886 1281 virum
918 1218 1122 1300 cognituram

52 1326 131 1383 certo
152 1317 309 1384 sciebat.“

105 1417 231 1482 Clarius
253 1414 340 1480 idem
369 1415 515 1479 declarat
542 1435 566 1478 s.
596 1413 843 1496 Augustinus
871 1413 912 1478 de
933 1415 1122 1482 beatissima

51 1515 171 1599 Virgine
202 1516 251 1579 ita
278 1513 433 1598 loquens:
467 1513 563 1596 ,Ipsa
594 1533 724 1596 quoqne
755 1513 924 1596 virginitas
956 1515 1041 1598 ejus,
1074 1516 1122 1580 in-

51 1616 122 1696 quit,
132 1618 155 1699 ¹)
177 1615 252 1679 ideo
275 1613 399 1696 gratior
420 1619 454 1677 et
475 1603 649 1694 acceptior,
670 1611 832 1694 quianon
854 1633 926 1676 eam
947 1621 1123 1696 conceptus

52 1712 188 1779 Christus
211 1714 279 1777 viro
302 1711 473 1776 violaturo
486 1732 584 1794 qnam
612 1717 819 1775 conservaret
840 1711 909 1794 ipse
930 1713 1122 1796 praeripuit,
1169 1723 1170 1730 ’

51 1813 100 1876 111
125 1814 316 1897 priusquam
348 1811 574 1892 conciperetur
599 1810 667 1893 jam
696 1809 765 1874 Deo
798 1809 955 1889 dicatam,
989 1811 1029 1876 de
1059 1833 1124 1895 qua

52 1919 245 1989 nasceretur,
277 1909 383 1993 elegit.
427 1909 497 1973 Hoc
519 1908 666 1973 indicant
687 1908 799 1987 verba,
830 1929 914 1991 quae
935 1909 999 1974 sibi
1019 1910 1123 1975 fetum

51 2010 251 2076 annuntianti
277 2008 391 2092 angelo
418 2008 523 2072 Maria
551 2006 708 2072 reddidit:
742 2007 976 2089 ,Quomodm
1005 2009 1122 2092 inquit,

51 2109 117 2175 fiet
143 2109 265 2188 istud,
296 2108 480 2192 quoniam
508 2108 634 2172 virum
663 2128 738 2171 non
766 2108 1002 2189 001101οοῖα
1035 2108 1123 2191 quod
1184 2137 1185 2141 ¹

51 2203 187 2289 profecto
210 2229 276 2273 non
297 2207 429 2285 diceret,
452 2207 515 2270 nisi
537 2207 606 2270 Deo
629 2205 795 2289 Virginem
819 2226 852 2270 se
875 2213 951 2271 1111
973 2207 1121 2273 vovisset.

52 2309 108 2373 Sed
127 2309 204 2393 quia
223 2308 286 2372 hoc
307 2306 531 2371 Israelitarum
559 2326 664 2369 mores
693 2304 799 2369 adhuc
826 2305 1038 2385 recusabant,
1068 2306 1123 2372 de-

52 2415 196 2489 sponsata
217 2413 268 2471 est
289 2405 357 2469 viro
377 2405 475 2487 justo,
495 2425 560 2468 non
581 2402 741 2468 violenter
758 2402 918 2484 ablaturo,
936 2405 994 2469 sed
1011 2406 1122 2488 potius

52 2514 154 2570 contra
193 2505 353 2570 violentos
391 2502 610 2580 custodituro,
651 2501 738 2585 quod
762 2501 827 2566 villa
859 2502 928 2584 jam
959 2505 1122 2568 1011111.α

51 2604 87 2669 Et
106 2605 205 2670 infra:
237 2601 489 2685 ,Virginitatem
513 2601 582 2665 Deo
605 2601 740 2678 dicavit,
770 2622 871 2683 quum
892 2601 1013 2680 adhuc,
1044 2603 1123 2685 quid

52 2712 129 2769 esset
149 2709 361 2786 conceptura,
390 2701 543 2792 nesciret,
568 2707 607 2766 ut
627 2701 661 2764 in
682 2707 812 2764 terreno
834 2701 1030 2784 mortalique
1052 2723 1122 2766 cor-

51 2823 120 2883 pore
141 2803 292 2868 coelestis
322 2802 409 2866 vitae
437 2801 578 2866 imitatio
607 2807 682 2865 voto
710 2800 819 2879 fieret,
850 2823 914 2866 non
935 2808 1120 2885 praecepto,

51 2921 150 2967 amore
172 2901 322 2985 eligendi,
344 2921 409 2964 non
432 2901 627 2965 necessitate
653 2899 842 2964 1111111111.α
885 2899 1122 2966 Celeberrimus

51 2998 188 3066 antistes
219 3000 442 3066 beatissimam
473 3000 639 3084 Virginem
671 3000 791 3064 iterum
821 3000 902 3064 baec
933 3000 1122 3083 loquentem

51 3097 182 3166 inducit:
213 3101 433 3182 „Quomodo
460 3100 536 3165 fiet
564 3100 686 3178 istud,
715 3106 754 3165 nt
782 3120 840 3181 ego
870 3119 1122 3181 gravescamex

51 3199 159 3278 pudico
182 3206 216 3264 et
238 3199 418 3263 castissimo
441 3198 576 3277 marito,
607 3199 760 3281 quoniam
780 3198 885 3262 virum
905 3198 1035 3280 penitus
1056 3219 1123 3262 non

52 3299 218 3381 cognosco?
248 3299 454 3381 Desponsata
475 3320 547 3362 sum
566 3297 691 3363 homini
709 3298 813 3380 justo:
835 3297 864 3360 si
885 3317 959 3360 cum
979 3296 1035 3360 illo
1057 3318 1123 3362 non
1205 3324 1209 3333 ·

52 3416 228 3476 convenere,
249 3396 335 3461 unde
358 3397 430 3475 erit,
451 3397 538 3480 quod
558 3396 741 3480 generabo?
764 3395 829 3462 Sed
850 3395 878 3459 si
898 3395 1021 3479 poterit
1041 3395 1121 3477 fieri,

52 3501 84 3558 ut
103 3497 281 3580 concipiam
302 3496 427 3560 intacta
456 3502 490 3560 et
511 3516 664 3578 generem
694 3495 820 3572 clausa,
851 3495 960 3559 indica
980 3494 1121 3574 modum,

52 3599 80 3656 et
105 3603 255 3676 paratum
283 3595 425 3660 invenies
458 3616 514 3659 cor
545 3616 662 3658 meum.
713 3594 869 3659 Omnibus
902 3595 987 3659 enim
1018 3595 1122 3659 modis

52 3700 160 3774 exopto
181 3716 232 3759 me
255 3715 313 3776 ego
337 3693 405 3758 Deo
428 3715 515 3772 meo,
543 3699 581 3756 ut
602 3693 741 3757 habeam
762 3693 888 3776 prolem
910 3699 943 3757 et
963 3715 1029 3758 non
1049 3713 1123 3777 per-

53 3787 119 3854 dam
138 3793 324 3874 pudorem.“
965 3785 967 3790 ¹

112 4007 131 4073 ¹)
149 4008 250 4062 Contra
262 4007 394 4062 Faustum
410 4007 530 4064 Manich.
544 4007 592 4064 lib.
603 4006 688 4074 XXIX,
698 4023 740 4077 cp.
749 4010 773 4062 4.
807 4008 828 4076 2)
845 4007 885 4100 111
899 4023 920 4061 1.
931 4005 1008 4075 Virg.
1021 4021 1065 4072 cp.
1074 4003 1122 4062 IV.
