2726 4560
771 353 810 414 42

250 518 385 597 peccato
413 510 551 590 actuali,
581 512 690 595 inquit
717 512 933 578 Marianus
963 514 1141 599 Spada,¹)
1172 516 1337 600 principia

130 693 131 696 Ἴ
250 611 398 695 Angelici
426 618 502 676 sunt
529 611 733 676 universalia.
778 612 886 678 Primo
915 613 1002 678 enim
1029 615 1162 694 statuit,
1193 616 1285 698 quod
1306 615 1335 680 b.

250 711 350 794 Virgo
379 733 444 775 non
471 710 588 776 fuisset
615 710 733 776 idonea
761 711 883 790 Mater,
919 713 975 795 ,si
1006 723 1233 797 peccasset
1264 716 1337 780 ali-

251 811 446 894 quando.“
495 810 603 875 Dictio
633 810 849 893 ,aliquand0“
878 832 943 877 non
971 812 1169 880 determinat
1195 822 1337 898 tempus

251 910 309 976 sed
338 911 563 994 quodcumque
593 915 721 993 tempus
754 911 978 995 amplectitur:
1012 933 1051 978 ae
1079 914 1216 998 proinde
1245 917 1275 980 si
1306 916 1339 978 in

250 1011 356 1094 primo
379 1009 515 1076 instanti
536 1030 613 1074 suae
635 1011 829 1076 existentiae
848 1010 878 1075 b.
895 1011 995 1095 Virgo
1017 1013 1147 1096 culpam
1167 1014 1339 1080 habuisset

252 1110 450 1194 originalem,
474 1131 538 1174 non
559 1108 676 1175 fuisset
697 1110 814 1176 idonea
835 1111 942 1177 Mater
958 1112 1028 1176 Dei.
1072 1113 1198 1179 Deinde
1220 1115 1285 1179 hoc
1307 1115 1339 1177 in

251 1208 323 1274 loco
351 1209 524 1291 Angelicus
553 1216 725 1292 peceatum
755 1211 941 1277 considerat
967 1233 1036 1300 non
1061 1235 1101 1277 ex
1130 1220 1243 1297 parte,
1275 1235 1339 1298 qua

251 1308 422 1392 personale
445 1315 496 1372 est
514 1314 548 1374 et
565 1308 793 1389 voluntarium,
814 1311 872 1376 sed
894 1332 934 1375 ex
951 1311 1144 1376 habitudine
1161 1312 1205 1376 ad
1223 1313 1337 1389 Deum,

253 1430 294 1472 ex
315 1407 533 1490 oppositione,
564 1429 662 1491 quam
683 1408 726 1473 ad
747 1409 853 1474 Deum
873 1409 990 1488 habet,
1020 1431 1084 1474 uno
1106 1410 1205 1475 verbo
1228 1433 1269 1475 ex
1293 1411 1339 1474 in-

252 1507 394 1572 trinseca
423 1507 474 1571 sui
506 1505 731 1586 deformitate,
765 1508 799 1572 id
831 1508 917 1572 enim
945 1509 1088 1590 probant
1116 1527 1214 1574 sacra
1246 1511 1340 1574 testi·

253 1607 362 1670 monia
390 1627 410 1670 a
437 1628 460 1670 s.
485 1607 627 1672 Doctore
657 1607 774 1672 allata:
805 1607 915 1689 ,Quae
944 1609 1114 1673 conventio
1145 1608 1268 1673 Christi
1299 1607 1339 1672 ad

253 1705 384 1771 Belial.
408 1755 415 1770 .
439 1755 445 1770 .
476 1707 514 1771 ln
535 1707 729 1772 malevolam
750 1707 891 1773 animam
911 1727 977 1772 non
997 1707 1148 1774 introibit
1170 1702 1353 1790 Sapientia

254 1826 313 1870 nec
339 1805 504 1872 habitabit
531 1807 565 1871 in
593 1829 728 1890 corpore
757 1806 888 1873 subdito
916 1808 1089 1890 1111111εὲί
1131 1806 1206 1872 Non
1232 1807 1339 1872 minus

255 1912 366 1970 autem
393 1908 570 1989 opponitur
590 1908 676 1987 Deo,
706 1929 766 1972 nec
786 1909 892 1972 minus
922 1907 1066 1973 deforme
1096 1913 1146 1971 est
1167 1913 1339 1989 peceatum

255 2005 428 2088 originale,
461 2027 560 2089 quam
581 2013 751 2089 peccatum
777 2006 906 2072 actuale
935 2005 1069 2070 veniale.
1112 2004 1207 2069 Unde
1230 2025 1339 2068 eonse-

255 2105 391 2188 quentia
414 2111 472 2184 est,
495 2105 583 2190 quod
606 2105 636 2169 b.
659 2105 758 2189 Virgo
778 2127 845 2170 non
864 2105 982 2170 luisset
1002 2105 1120 2169 idonea
1140 2110 1247 2168 mater
1267 2103 1339 2179 Dei,

175 2230 176 2233 ¹
203 2217 205 2222 '
255 2204 283 2268 si
321 2211 489 2286 peccasset
526 2204 701 2289 aliquando
741 2205 791 2270 rel
829 2204 1030 2288 originaliter
1069 2202 1120 2268 vel
1156 2203 1338 2268 actualiter.

255 2302 379 2368 Eodem
408 2304 503 2369 modo
530 2305 625 2387 juxta
653 2305 682 2369 d,
705 2305 861 2370 Thomam
889 2304 1045 2386 impletur
1071 2303 1105 2368 in
1125 2303 1233 2368 Maria
1259 2301 1340 2366 illud

256 2403 480 2470 Canticorum:
512 2404 615 2486 ,Tota
640 2404 778 2488 pulchra
807 2426 856 2483 es,
890 2403 995 2468 amica
1026 2424 1114 2481 mea,
1148 2407 1183 2466 11
1213 2401 1341 2467 macula

254 2524 320 2568 non
349 2511 399 2568 est
427 2504 461 2567 in
491 2504 562 2582 te,“
594 2504 746 2587 quodque
778 2502 907 2586 impleri
937 2523 1003 2566 non
1032 2509 1143 2584 posset
1172 2500 1214 2566 ob
1243 2500 1340 2564 unius

256 2609 386 2668 tantum
406 2604 534 2685 peccati
561 2603 696 2668 venialis
723 2604 932 2670 foeditatem:
965 2600 1068 2666 multo
1095 2602 1209 2684 itaque
1230 2599 1340 2683 potius

255 2702 386 2785 impleri
407 2725 473 2768 non
495 2703 665 2786 potuisset,
690 2704 717 2768 si
737 2704 768 2768 b.
791 2704 891 2786 Virgo
912 2707 1047 2784 peccato
1071 2699 1231 2783 originali,
1254 2697 1341 2781 quod

256 2802 394 2866 mortale
424 2811 489 2881 est,
518 2803 653 2870 foedata
679 2803 803 2895 fuisset.
847 2803 1028 2886 Propterea
1056 2801 1141 2866 sicut
1167 2799 1340 2882 Angelicus

257 2902 436 2967 concludit:
466 2902 685 2985 ,Simpliciter
705 2902 874 2968 fatendum
895 2907 962 2980 est,
987 2899 1075 2984 quod
1095 2899 1126 2981 b,
1149 2899 1249 2982 Virgo
1269 2897 1340 2962 nul·

256 3001 325 3066 lum
346 3001 476 3067 actuale
497 3008 669 3085 peccatum
691 3001 887 3066 commisit:“
910 3023 951 3065 ex
973 3001 1042 3084 ejus
1063 2998 1234 3083 principiis
1255 2997 1341 3062 idem

257 3101 482 3166 deducendum
503 3109 553 3169 est
575 3103 614 3167 de
637 3108 771 3186 peccato
794 3101 972 3183 1111111111(ί

320 3201 435 3279 Quoad
455 3203 563 3285 magni
585 3203 758 3286 Aquinatis
787 3207 897 3266 textus
921 3200 1066 3282 dogmati
1090 3205 1203 3264 nostro
1226 3218 1342 3280 repug-

257 3308 373 3366 nantes
405 3301 525 3367 addere
556 3302 685 3380 licebit,
716 3323 736 3366 a
765 3299 985 3366 Cardinali
1017 3295 1340 3364 Lambruschini

256 3401 515 3466 animadversum
536 3401 682 3483 1111112)
713 3421 753 3464 ex
781 3398 954 3464 collatione
982 3404 1129 3463 veterum
1150 3419 1173 3461 s.
1198 3395 1340 3460 Thomas

326 3602 344 3670 ¹)
370 3601 632 3656 Animadversiones
658 3602 686 3656 in
716 3617 784 3669 opus
811 3599 907 3654 Melon
931 3599 1026 3668 Epioe.
1050 3599 1135 3667 Brug.
1161 3598 1243 3652 Rom.
1270 3600 1334 3652 ree-2

257 3685 279 3752 ²)
303 3682 370 3738 Sull’
395 3684 572 3739 immacolatc
598 3682 814 3752 Concepimeuto
841 3681 870 3735 di
897 3681 993 3737 Maria.
1033 3680 1240 3735 Dimertazione
1268 3680 1341 3748 pole·

257 3768 340 3822 mica
365 3766 486 3823 Venetia
510 3769 583 3821 1844.
626 3765 806 3818 Palmieri
837 3765 913 3819 idem
940 3764 1086 3819 contendit
1111 3762 1203 3832 quoad
1232 3767 1340 3817 textum

228 3901 232 3910 ,
258 3868 293 3905 ex
311 3849 363 3916 Ill,
380 3850 504 3906 Sentent
521 3849 585 3904 dist.
602 3852 618 3902 3
636 3865 661 3916 q.
676 3851 688 3900 l
706 3865 729 3902 1.
746 3852 759 3901 1
774 3865 801 3917 q.
814 3851 838 3902 2.
856 3847 1052 3916 depromptum
1070 3845 1252 3916 subjungens:
1272 3846 1342 3910 „lta-

258 3949 311 4002 que
334 3932 409 4002 quod
431 3933 553 3987 affirmat
575 3949 596 3985 1.
613 3930 746 3996 Thomas,
772 3934 815 3983 est
836 3929 912 3983 labes
935 3929 1080 3998 originalis
1101 3928 1190 3983 carnis
1209 3928 1341 3997 Virginis,

258 4033 329 4086 quae
347 4032 411 4070 cero
436 4033 471 4070 ex
488 4032 518 4070 se
536 4018 682 4084 peccatum
700 4012 873 4078 traduceret,
898 4013 944 4066 eui
961 4029 1061 4081 nempe
1085 4012 1178 4066 111111
1194 4011 1341 4079 conjuncta
