2718 4556
737 343 799 402 280

224 479 385 569 Ecclesia:
419 503 574 586 ,Imitans
604 503 673 586 ejus
702 509 841 567 matrem
870 501 1016 585 quotidie
1044 502 1133 584 parit
1162 503 1287 568 membra

226 602 309 685 ejus,
341 608 374 667 et
401 603 491 686 virgo
521 601 602 667 est.“
644 601 688 666 Et
716 601 886 682 iterum:1)
916 600 1010 682 ,Una
1036 601 1182 667 Ecclesia
1207 603 1288 667 unica

226 700 376 765 columba
396 707 497 784 atque
519 701 553 764 in
568 701 631 765 hac
652 700 839 782 virginitate
857 698 961 763 millia
980 699 1202 765 Sanctorum.“
1229 703 1288 766 Huc

159 809 162 816 '
227 821 355 882 quoque
383 804 514 882 spectat
536 821 559 863 s.
583 798 787 881 Fulgentii
815 796 1089 881 testimoniumz2)
1119 800 1232 882 ,Haec
1251 801 1288 863 in·

227 899 314 982 quit,
345 899 496 978 ecclesia,
526 919 592 963 una
621 904 654 962 et
675 919 753 962 vera
781 897 957 976 catholica,
987 917 1107 979 sponsa
1136 905 1199 977 est,
1227 899 1288 982 quia

227 997 377 1062 inhaeret
399 997 545 1078 Christo;
575 1005 681 1062 mater
703 1004 761 1075 est,
785 998 862 1080 quia
882 996 1100 1062 foecundatur
1122 1021 1142 1063 a
1164 999 1289 1076 Christo;

226 1097 315 1180 virgo
346 1104 411 1177 est,
442 1099 519 1180 quia
547 1099 737 1184 incorrupta
757 1103 943 1179 perseverat
963 1097 998 1159 in
1020 1095 1160 1162 Christo.
1202 1098 1289 1181 Hujus

227 1218 364 1279 sponsae
393 1219 452 1262 nec
474 1196 697 1262 foecunditate
724 1197 894 1278 uirginitas
923 1197 1144 1279 corrumpitur
1164 1219 1221 1261 nec
1240 1198 1289 1260 vir·

227 1297 364 1379 ginitate
392 1296 597 1361 foecunditas
625 1296 811 1378 impeditur.
860 1294 936 1359 Tale
950 1295 1106 1377 ‘namque
1135 1297 1226 1360 istius
1252 1302 1290 1359 est

228 1394 289 1457 riri
309 1395 507 1477 virginisque
536 1394 747 1472 connubium,
777 1400 815 1458 ut
842 1392 962 1458 idcirco
992 1394 1033 1457 ab
1062 1394 1125 1459 hoc
1151 1396 1217 1459 viro
1236 1394 1290 1458 foe·

228 1493 389 1558 cundetur
409 1494 489 1558 haec
510 1494 609 1576 virgo,
634 1494 710 1576 quia
732 1493 766 1555 in
786 1492 848 1556 hoo
870 1493 1029 1557 connuhio
1052 1493 1144 1557 nulla
1165 1514 1290 1576 unquam
1348 1572 1349 1579 ἵ

225 1598 336 1675 potest
358 1614 427 1657 esse
449 1593 625 1675 corruptio.
668 1591 712 1655 Et
733 1597 827 1655 tanta
848 1591 882 1654 in
903 1591 964 1656 hac
986 1597 1091 1656 matre
1113 1591 1290 1674 virginitatis
1348 1642 1349 1657 r

195 1726 198 1732 ·
227 1697 414 1773 perseverat
435 1691 622 1774 integritas,
652 1697 691 1754 ut
712 1690 776 1762 nisi
796 1689 885 1771 virgo
915 1711 1043 1772 semper
1072 1699 1172 1772 esset,
1202 1698 1290 1756 mater
1348 1732 1349 1735 =

228 1811 297 1856 esse
319 1813 384 1855 non
405 1791 545 1874 posset.“
588 1790 632 1854 Et
652 1789 750 1872 paulo
773 1793 866 1852 ante:
897 1789 1034 1871 ,Typice
1056 1811 1076 1854 a
1097 1791 1165 1856 viro
1188 1791 1290 1855 dicitur
1348 1788 1349 1863 Ι

227 1890 359 1972 uirginis
380 1889 582 1967 vocabulum,
606 1888 683 1971 quia
703 1908 820 1951 nomen
843 1887 1003 1952 aChristo
1030 1889 1152 1956 dicitur
1174 1889 1290 1956 Christi·

228 2011 334 2053 anum.
379 1990 527 2056 Christus
550 1987 635 2052 enim
658 1986 720 2050 Dei
740 1986 843 2050 virtus
866 1991 916 2050 est
938 1993 971 2050 et
993 1987 1054 2051 Dei
1075 1990 1240 2072 sapientia,
1260 2009 1290 2051 ex
1348 1994 1349 2003 ’

229 2111 292 2172 quo
315 2095 365 2154 est
386 2087 536 2166 ecclesia,
560 2107 643 2169 quae
664 2086 753 2166 virgo
776 2085 809 2148 in
829 2083 893 2148 fide
917 2092 950 2149 et
971 2087 1110 2151 caritate
1132 2088 1290 2171 persistens

229 2195 263 2252 et
284 2188 478 2269 sapientiam
498 2185 645 2268 possidet
667 2191 701 2248 et
721 2185 907 2248 virtutem.“

289 2285 403 2369 Neque
438 2286 536 2350 aliter
565 2284 713 2368 loquitur
751 2283 962 2348 Caesarius
1000 2283 1290 2363 Arelatensisf)

229 2385 423 2467 ,Stupemus
444 2384 624 2461 interdum,
653 2383 774 2466 inquit,
804 2380 846 2446 ad
867 2382 1124 2464 magnitudinem
1146 2381 1289 2457 novitatis,

229 2482 402 2565 siquando
420 2482 569 2547 audimus
587 2488 646 2547 aut
661 2481 806 2564 legimus,
825 2481 999 2545 Dominum
1014 2482 1127 2547 Jesum
1145 2482 1291 2547 Christum

230 2603 269 2646 ex
301 2580 379 2646 sola'
398 2580 520 2646 femina
550 2587 697 2648 cessante
729 2581 832 2646 uirilis
864 2581 1019 2645 consortii
1047 2583 1204 2648 societate
1230 2601 1289 2664 pro·
1347 2661 1348 2664 Ἴ

228 2681 383 2764 genitum.
437 2681 520 2746 Ecce
552 2704 652 2760 nunc,
689 2680 971 2764 peregrinantibus
1002 2687 1141 2746 naturae
1173 2682 1290 2764 legibus,
1347 2687 1348 2700 ¹

229 2782 416 2846 innumerae
438 2803 497 2865 per
523 2802 658 2871 omnem¹
672 2786 795 2845 terram
820 2779 1048 2844 multitudines
1077 2780 1125 2845 de
1147 2782 1213 2846 solo
1233 2781 1290 2844 sinu

143 2909 145 2915 ⁸
229 2880 347 2945 fontis
370 2886 527 2964 tanquam
564 2886 663 2963 partu
704 2879 836 2961 virginis
875 2884 1113 2960 procreantur.¹
1160 2879 1291 2946 Gaudeat

230 2979 352 3044 Christi
384 2979 535 3059 ecclesia,
572 3000 656 3063 quae
688 2979 730 3043 ad
761 2977 1006 3042 similitudinem
1037 2979 1156 3044 beatae
1185 2979 1290 3043 Mariae

230 3086 342 3142 sancto
366 3079 489 3160 Spiritu
512 3085 681 3161 operante,
714 3077 840 3141 ditatur
868 3083 901 3141 et
926 3083 1033 3141 mater
1061 3077 1188 3144 divinae
1207 3075 1291 3161 prolis

230 3175 376 3241 efficitur.
427 3177 539 3242 Cesset
567 3199 642 3261 ergo
674 3176 855 3240 infidelium
876 3196 991 3240 coecus
1014 3197 1118 3255 error,
1153 3195 1289 3250 asserere,

231 3275 318 3358 quod
339 3275 476 3354 femina,
509 3298 592 3359 quae
621 3277 690 3341 sine
711 3276 780 3340 viro
808 3274 912 3339 filium
931 3275 1040 3356 potuit
1060 3296 1191 3357 parere,
1218 3276 1290 3356 virgo

230 3396 295 3438 non
332 3375 443 3456 potuit
481 3395 679 3457 permanere.
738 3374 821 3438 Ecce
861 3379 1002 3456 quantos
1041 3379 1075 3437 et
1114 3381 1291 3457 quantorum

230 3471 349 3536 fratres
372 3473 431 3537 sub
460 3495 525 3538 una
546 3480 642 3538 nocte
663 3472 758 3538 nobis
788 3471 892 3537 edidit
918 3470 1080 3536 foecunda
1109 3473 1149 3537 de
1171 3474 1237 3538 sinu
1255 3472 1292 3535 in-

230 3571 395 3653 tegritatis
417 3571 553 3637 ecclesia
574 3579 680 3637 mater
702 3578 735 3637 et
756 3572 889 3655 sponsa!
919 3571 1092 3636 Miraberis
1113 3573 1209 3655 paulo
1229 3576 1290 3636 ante

231 3670 271 3734 de
291 3670 535 3754 incorruptione
555 3677 744 3737 nascentem
767 3672 944 3750 hominem3
966 3670 1084 3736 mirare
1105 3694 1198 3750 nunc,
1219 3665 1290 3754 quod

298 3904 317 3970 ¹)
335 3903 368 3956 ln
386 3903 428 3957 Ps.
446 3903 580 3958 CLXVlI.
622 3906 644 3969 ²)
663 3903 753 3972 Epist.
771 3903 823 3969 Ill,
846 3903 882 3957 ad
899 3903 1011 3958 Prolem
1034 3904 1069 3959 de
1092 3904 1243 3973 virginitate
1257 3899 1290 3950 st·

230 4001 283 4052 que
300 3984 395 4039 humil.
413 4001 455 4053 op.
476 3985 507 4041 V.
525 4003 552 4040 n.
568 3987 593 4040 9.
627 3987 648 4052 ³)
667 3985 747 4041 Hom.
765 3984 815 4052 111,
834 3985 868 4040 de
886 3985 1029 4042 Paschate.
