2814 4548
503 342 507 352 '
573 341 633 401 585

71 501 193 582 femina,
216 521 386 585 quaenam,
418 521 550 585 quaero,
580 507 616 566 et
636 500 764 584 qualis?
796 501 939 568 Uxorem
958 501 1064 567 Isaiae
1084 523 1146 567 nec

71 601 185 666 dchazi
204 599 305 666 filiam
325 599 427 665 fuisse
449 619 529 679 eam,
552 620 652 682 supra
669 599 737 682 jam
757 599 905 664 vidimus.

125 701 185 784 Agi
205 721 304 783 porro
325 701 359 764 in
377 699 482 764 Isaiae
503 705 598 764 textu
619 698 660 764 de
677 697 810 782 Virgine
831 698 962 782 proprie
984 698 1082 778 dicta,
1104 719 1145 764 ex

70 799 248 883 emphatica
268 798 409 883 denique
430 798 527 882 hujus
549 798 721 882 pericopae
740 805 835 881 parte
857 797 974 863 ultime
995 805 1143 888 apparet,

69 898 99 961 in
113 919 176 982 qua
192 897 326 962 dicitur:
348 897 413 980 ,Et
427 897 558 962 vocabit
573 897 660 980 (ipsa
673 918 789 979 nempe
806 896 1011 980 ,haalmah“)
1026 918 1145 962 nomeu

70 997 132 1079 ejus
169 996 392 1062 Emmanuel.“
448 995 630 1076 „Quorsum
668 1017 760 1074 vero,
800 996 983 1079 interrogat
1021 995 1144 1080 optime

69 1096 297 1180 Vitringa,¹)
327 1116 482 1179 quorsum
502 1095 538 1158 id
558 1093 701 1159 refertur
721 1095 764 1160 ad
785 1096 944 1160 matrem?
975 1095 1145 1159 Kimchius

68 1195 119 1273 ait,
148 1194 417 1261 consuetudinem
438 1195 484 1259 sio
506 1193 621 1259 tulisse
643 1194 731 1276 apud
751 1194 934 1274 Hebraeos,
963 1201 1003 1260 ut
1022 1201 1144 1260 matres

67 1295 148 1359 natis
179 1294 312 1359 nomina
342 1293 555 1375 imponerent.
606 1292 670 1358 Sed
702 1299 833 1358 exstant
860 1294 966 1358 multa
997 1293 1146 1376 exempla

67 1391 98 1454 in
125 1393 333 1458 contrarium.
383 1392 445 1456 Hic
473 1393 564 1458 nulla
595 1393 681 1457 ratio
714 1398 801 1470 erat,
835 1414 936 1475 quare
965 1392 1047 1457 illud
1075 1399 1144 1458 tam

68 1490 188 1572 signate
210 1489 416 1574 adjiceretur,
434 1491 499 1556 nisi
515 1491 680 1574 Propheta
698 1491 857 1575 subjicere
876 1492 970 1556 nobis
989 1492 1144 1558 voluisset

66 1587 144 1653 hanc
166 1589 415 1670 cogitationem:
440 1589 582 1672 ,Natum
599 1590 696 1673 hujus
713 1590 854 1656 feminae
872 1613 938 1655 non
955 1590 1145 1656 habiturum

67 1695 189 1768 patrem
223 1689 399 1753 secundum
431 1709 561 1753 carnem
593 1695 692 1772 etque
724 1689 806 1754 adeo
835 1691 890 1774 jus
918 1691 1032 1754 matris
1064 1711 1143 1768 esse,

66 1786 111 1850 illi
132 1787 212 1852 dare
234 1788 382 1852 nomen.“
868 1859 869 1863 ,

122 1885 244 1968 ,Nulla
273 1893 345 1952 erat
372 1886 459 1952 ratio
485 1886 715 1968 Evangelistis,
745 1887 854 1970 inquit
883 1888 1030 1971 apprime
1058 1886 1148 1951 Per·

65 1986 208 2067 roue,²)
240 1983 404 2050 referendi
431 1986 510 2051 Jesu
542 1985 664 2051 Christi
695 1987 901 2051 nativitatem
933 2009 972 2050 ex
1000 1986 1144 2069 Virgine,

65 2082 124 2148 nisi
151 2089 322 2166 receptum
349 2084 437 2167 apud
464 2105 576 2150 omnes
597 2091 676 2149 tunc
705 2085 862 2168 temporis
883 2085 1014 2164 fuisset,
1044 2086 1145 2150 talem

65 2181 132 2247 iore
165 2188 275 2247 ortum
306 2183 456 2266 promissi
484 2182 631 2247 Messias.
682 2183 821 2262 Constat
851 2205 948 2267 porro
981 2205 1021 2248 ex
1048 2184 1148 2267 hujus

66 2282 253 2348 traditionis
273 2281 507 2364 propagatione
536 2281 624 2364 apud
651 2303 761 2347 omnes
789 2289 919 2365 gentes,
948 2283 1036 2347 inter
1063 2303 1147 2366 quas

65 2381 291 2464 pervulgatum
313 2387 393 2460 erat,
416 2387 549 2462 praeter
568 2387 707 2446 naturae
728 2379 832 2463 legem
857 2402 874 2445 e
895 2373 1018 2464 virgine
1039 2388 1145 2446 matre

64 2480 280 2558 nasciturum,
314 2481 371 2563 qui
399 2480 552 2559 salutem,
583 2479 775 2567 justitiam,
796 2479 992 2562 sapientiam
1018 2478 1147 2543 laturus

65 2586 151 2645 esset
171 2579 208 2643 in
227 2585 347 2658 terras,
370 2579 454 2644 hanc
475 2579 660 2663 opinionem
681 2578 931 2645 accomodantcs
952 2578 1018 2643 suis
1039 2578 1147 2642 herci-

64 2678 123 2744 bus
144 2701 184 2744 ac
206 2678 386 2761 magistris:
419 2684 458 2743 ut
478 2679 567 2761 apud
588 2679 745 2756 Graecos,
775 2678 832 2762 qui
853 2677 1032 2742 Minervam
1054 2699 1071 2742 e
1093 2699 1146 2741 ca·

64 2779 131 2859 pite
152 2777 257 2856 Jovis,
287 2777 456 2842 Platonem
485 2799 524 2841 ex
552 2779 780 2862 phantasmate
802 2777 963 2860 Apollinis
992 2797 1147 2860 oppressa

63 2884 169 2942 matre
199 2875 364 2941 finxerunt
392 2882 491 2960 atquc
513 2882 611 2959 partu
639 2876 772 2958 virginis
801 2875 942 2955 editum3
958 2875 1062 2959 apud
1083 2875 1148 2940 Ro·

63 2997 193 3054 manos,
224 2976 282 3058 qui
302 2982 453 3040 auctores
475 2974 565 3040 urbis
594 2983 628 3040 et
649 2975 755 3058 gentis
783 2995 862 3039 suae
884 2975 946 3040 Ilia
967 2976 1089 3057 virgine
1112 2979 1146 3040 et

63 3073 170 3140 Marte
199 3073 326 3156 genitos
354 3073 508 3139 arbitrati
536 3081 627 3152 sunt3
660 3071 748 3156 apud
774 3073 887 3153 Indos,
918 3075 975 3158 qui
996 3074 1145 3139 Buddam

63 3174 245 3256 principem
265 3172 431 3256 religionis
452 3171 588 3251 indicae,
611 3193 628 3237 e
648 3171 753 3236 latere
774 3172 917 3256 Virginis
938 3179 1146 3256 procreatum
1170 3205 1174 3213 ·

64 3295 134 3339 esse
169 3280 381 3352 censuerunt,
415 3294 498 3356 quae
528 3273 647 3355 opinio·
668 3270 774 3336 adhuc
806 3272 895 3355 apud
921 3273 1009 3355 ipsos
1037 3291 1149 3354 perse·

63 3379 171 3452 verat;
194 3371 282 3455 apud
304 3372 463 3450 Sinenses,
487 3371 543 3454 qui
564 3371 599 3435 id
619 3371 726 3454 ipsum
746 3371 884 3437 tradunt
905 3370 945 3435 de
966 3371 1067 3435 Foehi
1087 3391 1147 3435 seu

62 3471 165 3536 Xaca.
215 3469 337 3536 Verum
368 3470 432 3535 huc
463 3470 597 3553 propius
629 3471 810 3553 attingunt,
844 3491 928 3554 quae
955 3476 1073 3552 poetae
1105 3469 1149 3533 de

62 3571 189 3654 virgine
208 3566 339 3652 justitia
360 3592 417 3634 seu
435 3569 554 3635 Astrea
575 3570 772 3650 cecinerunt,
797 3592 861 3654 quo
883 3576 1042 3653 spectant,
1061 3591 1147 3652 quae

63 3670 103 3734 de
126 3689 299 3734 reversura
325 3689 425 3733 aurea
453 3675 563 3732 aetate
584 3667 749 3752 Virgilius,
758 3671 784 3752 ³)
814 3669 942 3746 scribit,
971 3667 1028 3731 ubi
1049 3667 1148 3750 plura

132 3901 154 3968 ¹)
171 3900 324 3956 comment.
340 3901 369 3955 in
387 3899 450 3955 lsai.
468 3917 494 3968 p.
511 3899 535 3954 1.
574 3901 596 3967 ¹)
613 3899 748 3957 Praelect.
769 3900 854 3956 theol.
870 3905 938 3958 tom.
955 3899 1002 3967 1v,
1019 3916 1081 3970 pag.
1098 3898 1150 3954 173

62 3983 133 4038 edit.
153 3981 257 4039 hosen.
291 3984 312 4050 ο)
328 3982 443 4053 Eoclog.
461 3982 508 4048 Ν,
524 3985 541 4034 4
558 3999 616 4051 sqq.
736 4021 739 4030 «
