2726 4560
745 360 772 420 a

216 519 307 599 mici,
339 525 378 586 ut
405 539 472 585 non
499 519 544 586 sit
571 518 639 586 ullo
667 525 814 602 temporo
834 519 1015 588 membrum
1043 545 1139 592 snum
1166 533 1200 594 et
1221 529 1311 595 sub-

214 622 303 705 jecta
324 620 425 703 ejus.“

277 719 392 803 Neque
406 718 504 798 dicas,
519 719 554 782 in
568 723 662 784 textu
673 718 814 785 hebraeo
831 741 897 785 non
913 720 979 805 legi
993 723 1103 807 „ipsa
1119 729 1307 806 conteret,“

217 820 274 885 sed
295 820 399 903 „ipse
422 820 599 884 conteret.“
631 818 773 902 Vulgata
794 820 896 885 editio
917 821 1018 888 habet
1040 824 1175 906 „ipsa.“
1207 825 1307 891 Haec

151 943 155 948 ’
217 940 292 983 vero
315 918 415 983 editio
439 940 497 1002 pro
519 919 710 984 authentica
731 919 918 986 declaratur
945 943 966 986 a
995 922 1187 989 Concilio
1214 925 1311 989 Tri·

218 1017 389 1082 dentino
404 1018 427 1100 1)
456 1017 601 1083 dicente:
635 1018 756 1101 „Nemo
785 1019 876 1084 iham
902 1020 1035 1104 rejicere
1065 1024 1177 1106 quovis
1204 1045 1311 1106 prae·

217 1123 311 1185 textu
345 1116 466 1181 audeat
500 1118 551 1182 vel
583 1120 800 1201 praesumat.“
854 1120 1012 1208 „Etiamsi
1042 1122 1139 1187 multi
1170 1122 1308 1189 codices

217 1216 387 1294 Hebraici‚
423 1216 538 1282 scribit
570 1217 810 1283 Oardinalis
843 1219 1122 1302 Bellarmin‚²)
1154 1220 1311 1288 habeant

219 1315 284 1380 hic
307 1315 327 1378 i.
351 1337 377 1378 e.
400 1315 502 1398 ipse,
532 1316 598 1399 legi
618 1323 729 1381 tamen
750 1340 866 1396 unum,
888 1318 1007 1401 inquo
1032 1325 1103 1383 erat
1124 1320 1306 1403 scriptum:

218 1417 316 1480 haec
337 1415 357 1478 i.
376 1435 401 1479 e.
425 1415 514 1497 ipsa
535 1436 573 1479 ac
591 1422 762 1498 praeterea
783 1416 917 1481 remotis
933 1418 1062 1500 punctis
1078 1417 1168 1482 illam
1185 1440 1310 1483 vocem

217 1513 405 1579 hebraicam
425 1513 477 1577 hic
498 1534 592 1596 posse
621 1515 832 1597 interpretari
863 1515 969 1598 ipsa,
1002 1516 1098 1580 nimis
1125 1516 1215 1582 rudis
1237 1525 1309 1598 est,

219 1603 285 1696 qui
302 1613 441 1691 nesciat,
476 1620 510 1678 et
537 1613 679 1696 Vulgata
707 1634 820 1677 revera
849 1613 1086 1696 interpretatur
1113 1615 1176 1694 ita,
1210 1617 1308 1698 quod

218 1713 313 1777 nobis
334 1711 501 1777 sufficiat.“

279 1813 416 1896 Copiosc
432 1813 494 1877 hcc
512 1812 552 1876 de
569 1818 760 1894 argumento
779 1811 926 1894 disputat
946 1811 1140 1878 Pcrrone:
1164 1813 1309 1897 „Neque

218 1933 293 1976 vero
315 1911 398 1977 latet
418 1911 645 1976 immaculatae
667 1911 896 1994 Conceptionis
918 1919 1110 1991 assertorem
1140 1912 1262 1994 scribit,
1274 1917 1305 1998 ³)

219 2013 252 2074 in
273 2011 427 2075 hebraica
448 2010 587 2074 veritate
612 2030 790 2092 pronomen
812 2010 942 2093 „ipsa“
964 2010 1116 2094 ancipitis
1144 2033 1214 2076 esse
1235 2013 1309 2096 sig-

219 2109 428 2189 nificationis,
459 2116 492 2174 et
518 2131 622 2192 aeque
650 2109 693 2174 ad
721 2095 896 2192 „seme'n“
925 2109 1041 2174 referri
1068 2111 1179 2194 posse,
1210 2115 1306 2197 quod

219 2210 253 2273 in
274 2209 428 2273 hebraica
448 2208 603 2273 idiomate
624 2209 710 2273 inter
730 2209 908 2274 masculina
929 2209 1022 2274 audit
1024 2259 1305 2276 ..........

218 2309 365 2391 adeoque
381 2314 454 2374 tota
470 2307 631 2372 sententia
649 2307 691 2372 ad
708 2307 854 2372 mulieris
869 2307 980 2386 filium,
999 2329 1056 2373 seu
1072 2307 1115 2373 ad
1132 2308 1307 2374 Christum

218 2407 360 2492 Virginis
380 2407 483 2473 filium
513 2407 734 2472 contrahenda
762 2414 829 2487 est,
863 2407 919 2490 qni
944 2407 1053 2496 reipsa
1080 2406 1114 2470 in
1142 2406 1306 2473 mundum

218 2507 314 2586 venit,
337 2513 376 2571 ut
397 2528 498 2591 opera
519 2506 642 2572 diaboli
663 2507 862 2572 dissolveret.
901 2506 1023 2571 Verum
1043 2511 1132 2570 recte
1154 2506 1309 2571 animad-

218 2613 362 2672 vertunt:
398 2612 424 2670 1.
454 2607 627 2672 lectionem
652 2607 813 2689 Vulgatac
843 2626 912 2671 esse
941 2604 1215 2689 antiquissimam,
1244 2603 1306 2669 fir·

218 2708 343 2791 misque
373 2713 443 2772 tum
474 2705 743 2784 auctoritatibus,
776 2712 847 2770 tum
874 2704 1009 2770 Patrum
1036 2705 1232 2769 testimoniis
1260 2727 1307 2771 ac

218 2806 400 2872 rationibus
429 2806 552 2870 intimis
579 2805 729 2888 inniti;4)
762 2809 790 2869 2.
818 2805 847 2869 si
868 2805 990 2888 absque
1017 2804 1148 2888 punctis
1169 2804 1307 2887 legatur

218 2907 407 2971 hebraicum
420 2926 607 2989 pronomen,
623 2904 706 2968 illud
720 2895 851 2988 utrique
867 2903 976 2968 favere
992 2903 1141 2983 lectioni;
1164 2908 1191 2968 3.
1209 2903 1306 2970 haud

285 3108 305 3173 ¹)
330 3105 400 3159 Sess.
427 3103 473 3159 1v.
515 3103 537 3170 ²)
561 3103 602 3156 De
628 3103 720 3158 Verbo
746 3103 798 3158 Dei
822 3103 870 3158 lib.
897 3101 941 3169 ll,
967 3119 1010 3172 cp.
1037 3107 1068 3157 12
1093 3121 1120 3156 n.
1145 3107 1168 3157 3.
1210 3104 1232 3168 8)
1258 3103 1306 3160 De

219 3188 396 3242 immaculato
425 3187 456 3242 B.
484 3187 517 3242 V.
546 3185 653 3239 Mariae
682 3187 824 3255 conceptu
852 3203 888 3239 an
918 3185 1077 3256 dogmatico
1108 3187 1222 3240 decreto
1251 3187 1304 3240 de·

217 3271 292 3324 finiri
316 3271 403 3339 possit
426 3269 581 3338 disquisitio
604 3269 769 3339 theologica.
787 3270 907 3324 Tornaei
926 3273 989 3324 1853
1006 3287 1069 3339 pag.
1086 3273 1127 3324 74.
1167 3271 1189 3336 ⁴)
1206 3269 1306 3325 Lecti-

218 3371 298 3408 onem
316 3355 465 3424 Vulgatae,
488 3355 518 3408 in
542 3371 596 3423 qua
611 3354 716 3423 legitur
740 3352 862 3419 ‚‚ipsa‚“
885 3359 1002 3407 tenuere
1020 3370 1040 3407 s.
1063 3352 1226 3406 Ambrosius
1251 3352 1303 3418 (de

218 3436 284 3502 fuga
301 3435 403 3490 saeculi
422 3454 465 3505 cp.
481 3441 497 3490 7
514 3456 542 3490 n.
554 3437 606 3504 43),
625 3454 646 3491 s.
663 3437 809 3502 Angustin.
826 3436 874 3491 lib.
891 3439 907 3490 2
924 3437 959 3490 de
977 3436 1044 3491 Gen.
1062 3439 1160 3489 contra
1177 3435 1305 3492 Manich.

217 3535 261 3588 cp.
279 3521 318 3582 18,
336 3520 405 3573 licet
420 3537 476 3574 non
494 3535 638 3588 expresse;
656 3524 753 3586 aperte
770 3523 861 3572 antem
879 3519 928 3575 lib.
946 3523 985 3585 11,
1004 3519 1039 3572 de
1057 3519 1125 3573 Gen.
1142 3518 1236 3572 adlit.
1255 3536 1303 3586 op.

218 3605 263 3669 36,
288 3619 310 3657 s.
325 3602 479 3671 ,Gregorius
502 3602 541 3656 M.
564 3602 612 3656 lib.
631 3605 644 3655 l
663 3601 762 3655 Moral.
785 3617 828 3669 cp.
845 3604 879 3657 36
899 3603 977 3656 11:63
1001 3605 1114 3670 praeter
1134 3601 1303 3669 Rupertum,

218 3685 335 3749 Rodum,
353 3673 507 3751 Ruborem,
527 3701 547 3738 s.
564 3683 752 3750 Bernsrdnm,
777 3683 906 3738 Sirenum
923 3684 996 3753 apud
1014 3683 1143 3737 Bellerm.
1160 3682 1196 3736 de
1213 3683 1302 3739 Verb.

218 3767 270 3820 Dei
292 3767 341 3821 lib.
357 3772 374 3822 2
393 3785 436 3837 cp.
454 3771 495 3822 12.
528 3769 660 3821 Attamen
683 3784 705 3820 s.
722 3765 834 3821 Hieron.
858 3767 928 3835 legit
951 3766 1046 3835 „ipse“
1071 3771 1101 3820 et
1123 3765 1194 3820 hanc
1218 3765 1301 3820 lecti·

218 3867 298 3904 onem
321 3850 444 3906 adseruit
466 3851 496 3904 in
513 3851 624 3918 Quaest.
640 3849 786 3903 Hebraicis
808 3865 893 3918 snper
910 3849 1038 3904 Genesin.
1072 3849 1175 3902 Verum
1193 3848 1228 3901 de
1244 3847 1302 3904 hoc

218 3938 382 4002 argumento
399 3932 627 3986 cl..Bonfrerinm
645 3933 799 3987 comment.
815 3931 846 3985 in
864 3932 963 3994 Genea.
980 3931 1016 3985 sd
1036 3929 1064 3984 b.
1081 3931 1133 3985 loo.
1152 3935 1182 3985 et
1198 3931 1303 3986 Corne·

218 4016 286 4070 lium
304 4031 320 4069 s
338 4015 453 4084 Lepide,
471 4016 506 4070 de
523 4032 556 4070 eo
574 4015 683 4069 abunde
702 4015 876 4070 disserentes.
