2726 4560
548 345 587 406 63

53 529 150 590 semper
172 507 246 572 Deo
274 507 412 574 amicam
439 525 628 588 semperque
657 525 773 588 puram
801 511 893 586 certa
919 505 984 571 fide
1012 529 1104 590 prae·

53 606 147 685 dicent3
173 606 350 690 gaudeant,
373 604 460 688 quod
481 604 682 669 occasionem
703 603 793 668 nacti
813 604 892 682 sint,
916 627 981 688 qna
1000 607 1105 688 pieta-

52 713 99 770 ten
113 707 256 788 optimae
275 704 389 770 matris
406 704 496 770 novis
514 702 576 768 sibi
593 701 757 785 obsequiis
775 702 904 785 plenius
920 706 1103 772 concilient.

51 803 194 869 Horreant·
212 805 246 868 in
269 801 382 869 inferis
404 804 591 882 daemones,
625 802 712 887 quod
732 803 856 868 relatus
885 803 925 868 de
946 806 1025 888 ipsis
1046 827 1105 889 per

52 903 196 968 mliorem
217 903 402 986 triumphus
424 903 567 968 omnium
587 902 705 986 linguis
726 901 955 984 proclametur,
977 904 1105 971 inanes·

51 1004 143 1083 quein
164 1002 333 1085 Virginem
362 991 497 1068 conatus
522 1000 641 1085 ubique
669 1008 832 1066 terrarum
851 1001 1036 1068 habeantur
1055 1004 1104 1068 lu·

52 1101 140 1167 dibrio.
155 1104 180 1185 1)

94 1201 136 1266 lle
166 1222 245 1284 ergo
273 1200 417 1278 mireris,
451 1197 538 1282 quod
565 1197 738 1262 daemones
770 1197 1027 1285 daemonumque
1055 1224 1104 1268 se·

52 1321 146 1380 qnaces
186 1300 350 1365 blaterare
389 1318 454 1364 uon
492 1302 655 1363 cessantes
693 1296 824 1362 audias:
865 1297 992 1378 „Quare
1023 1300 1104 1366 hacc

50 1399 149 1464 ceritas
177 1420 265 1464 mere
297 1396 497 1481 speculativa
526 1395 753 1477 Conceptionis
784 1396 1012 1463 immaculatae
1044 1421 1103 1465 nec

51 1519 171 1580 unquam
197 1504 318 1580 negata
345 1495 471 1560 definiri
499 1494 667 1578 oportuit?
698 1483 825 1578 ¹Nonne
843 1517 953 1562 omnes
981 1500 1104 1564 nomini

22 1663 23 1666 ,
50 1597 189 1664 catholico
209 1595 346 1678 ascripti
370 1593 596 1660 immaculatae
618 1592 847 1676 conceptionis
873 1593 969 1660 fidem
991 1603 1104 1664 tenent

51 1695 293 1780 tenueruntque?
315 1694 388 1759 Non
409 1699 490 1772 erat,
512 1713 571 1758 cur
591 1690 754 1757 devotioni
776 1713 851 1774 erga
872 1714 896 1758 s.
920 1693 1104 1778 Deiparam,

51 1795 123 1876 cnjus
154 1795 261 1860 cultus
290 1794 359 1878 jam
390 1793 479 1858 ultra
510 1790 592 1858 fines
615 1790 774 1874 ‚progredi
804 1791 955 1856 videatur
985 1793 1103 1875 licitos,

25 1913 132 1958 *novus
163 1893 342 1958 adderetur
377 1889 527 1956 stimulus
560 1910 743 1972 novumque
774 1890 938 1956 motivum.
991 1892 1105 1958 Nonne

51 1992 217 2070 acatholici,
255 2011 337 2074 quos
368 1988 504 2054 reduces
535 1987 682 2052 Ecclesia
712 1993 780 2051 tam
812 1989 905 2054 enixe
937 1988 1103 2073 efflagitat,

51 2087 156 2172 longius
176 2091 217 2155 ab
241 2111 281 2154 ea
302 2093 508 2154 removentur
527 2085 589 2151 hac
610 2084 840 2150 definitionel“

99 2188 321 2254 immaculatae
351 2185 571 2269 conceptionis
599 2183 745 2250 definitio
772 2186 926 2252 ecclesiae
950 2209 1103 2270 procura·

54 2287 328 2353 sitieritatum
350 2291 536 2350 sanctarum
561 2290 825 2367 augmentum
850 2285 1105 2366 pulchriori·

53 2405 113 2466 que
137 2386 226 2451 luce
255 2385 383 2450 vitam
411 2381 597 2474 ejusdem
624 2382 927 2462 manifestavit,
950 2385 1049 2449 sicuti
1070 2393 1104 2452 et

53 2487 336 2550 anctoritatem
363 2504 408 2547 ac
435 2480 794 2565 perfectissimam
822 2483 1020 2547 unionem.

103 2583 165 2648 Non
184 2604 321 2668 parvum
341 2581 487 2666 profecto
516 2580 769 2646 emolumentum
797 2589 928 2646 emanat
949 2582 1104 2648 ecclesiae

54 2683 245 2767 essequod
264 2682 389 2747 lumina
409 2681 665 2763 multiplicentur
685 2679 797 2744 fideles
818 2680 853 2744 in
874 2680 926 2745 via
947 2681 1104 2747 virtutum

54 2782 253 2848 conducentia.
297 2780 439 2863 ,Tantus
468 2780 573 2844 estin
593 2779 776 2844 hominibus
803 2779 934 2845 innatus
956 2781 1104 2846 veritatis

54 2899 131 2959 amor,
150 2882 257 2965 inquit
285 2880 512 2961 Perrone,²)
541 2885 579 2944 ut
599 2877 688 2944 illam
709 2878 851 2943 assecuti
869 2899 988 2960 magna
1007 2878 1105 2944 affici·

55 2985 130 3043 antur
148 2981 324 3063 voluptate,
347 2978 446 3061 idque
467 2984 546 3042 tunc
567 2977 674 3055 etiam,
697 2998 797 3060 quum
817 2998 922 3060 neque
942 2976 1104 3042 fructibus

56 3075 112 3142 ullis
135 3086 190 3145 aut
218 3077 444 3144 emolumentis
472 3065 736 3158 utilitatibusque
765 3075 965 3154 alliciantur,
998 3098 1104 3159 neque

56 3172 109 3254 ipsa
131 3201 236 3243 rerum
263 3178 417 3242 nobilitas
445 3182 544 3259 atque
572 3176 775 3258 praestantia
806 3175 849 3240 ad
877 3175 964 3240 illius
997 3177 1105 3259 cogni-

57 3273 154 3341 tionem
180 3298 235 3342 eos
266 3277 393 3341 invitat.
442 3275 595 3359 Egregie,
627 3281 665 3339 ut
694 3275 793 3353 solet,
827 3275 1103 3358 Augustinus:

59 3372 139 3452 ,euin
154 3375 270 3442 fortius
287 3375 453 3441 desiderat
469 3374 584 3454 anima,
603 3395 700 3457 quarn
716 3374 918 3439 veritatem.“
927 3373 953 3457 3)
985 3374 1106 3452 Quidni

60 3490 114 3555 ergo
133 3497 182 3556 ea,
204 3496 269 3560 qua
290 3473 331 3540 de
350 3473 529 3558 loquimur,
553 3471 714 3554 definitio,
728 3473 800 3557 'piis
822 3472 971 3540 omnibus
993 3474 1105 3541 catho-

59 3565 111 3636 licis
128 3574 251 3639 accidat
268 3573 545 3658 jucundissima?“

104 3669 242 3737 Illustrat
273 3672 359 3737 enim
389 3671 447 3736 illa
486 3669 637 3754 dispulsis
670 3669 842 3735 dubiorum
884 3670 991 3753 quoad
1021 3669 1104 3736 hanc

59 3815 224 3836 5—-

109 3902 126 3967 1)
144 3903 194 3959 ce.
218 3903 358 3974 nasuta
379 3903 400 3958 1.
425 3875 449 3959 α’.
474 3906 541 3958 eom.
567 3900 618 3970 111,
644 3919 671 3958 n.
697 3904 770 3959 rece.
811 3902 833 3970 o
854 3901 885 3956 u.
911 3917 935 3957 ο.
960 3917 1024 3970 pag.
1047 3902 1103 3958 eu.

59 3976 164 4043 ³)Tract
180 3990 196 4042 6
211 3987 239 4040 in
255 3985 316 4042 Joa.
333 4003 360 4042 n.
378 3988 402 4040 5.
