<?xml version="1.0" encoding="UTF-8"?>
<!DOCTYPE html PUBLIC "-//W3C//DTD XHTML 1.0 Transitional//EN"
    "http://www.w3.org/TR/xhtml1/DTD/xhtml1-transitional.dtd">
<html xmlns="http://www.w3.org/1999/xhtml" xml:lang="en" lang="en">
 <head>
  <title>
</title>
<meta http-equiv="Content-Type" content="text/html;charset=utf-8" />
  <meta name='ocr-system' content='tesseract 3.04.00' />
  <meta name='ocr-capabilities' content='ocr_page ocr_carea ocr_par ocr_line ocrx_word'/>
</head>
<body>
  <div class='ocr_page' id='page_1' title='image "./mariologiaseupo00stamgoog_0662.png"; bbox 0 0 2808 4556; ppageno 0'>
   <div class='ocr_carea' id='block_1_1' title="bbox 764 345 823 406">
    <p class='ocr_par' dir='ltr' id='par_1_1' title="bbox 764 345 823 406">
     <span class='ocr_line' id='line_1_1' title="bbox 764 345 823 406; baseline 0.034 -2"><span class='ocrx_word' id='word_1_1' title='bbox 764 345 823 406; x_wconf 84' lang='grc'>638</span> 
     </span>
    </p>
   </div>
   <div class='ocr_carea' id='block_1_2' title="bbox 245 503 1339 1968">
    <p class='ocr_par' dir='ltr' id='par_1_2' title="bbox 245 503 1339 1968">
     <span class='ocr_line' id='line_1_2' title="bbox 245 503 1336 582; baseline 0.001 -11"><span class='ocrx_word' id='word_1_2' title='bbox 245 505 514 571; x_wconf 87' lang='lat' dir='ltr'>Christifidelium</span> <span class='ocrx_word' id='word_1_3' title='bbox 552 504 823 582; x_wconf 82' lang='lat' dir='ltr'>consolationem,</span> <span class='ocrx_word' id='word_1_4' title='bbox 869 503 1008 570; x_wconf 86' lang='lat' dir='ltr'>Beatam</span> <span class='ocrx_word' id='word_1_5' title='bbox 1045 505 1184 570; x_wconf 90' lang='lat' dir='ltr'>Mariam</span> <span class='ocrx_word' id='word_1_6' title='bbox 1224 507 1336 572; x_wconf 87' lang='lat' dir='ltr'>anima</span> 
     </span>
     <span class='ocr_line' id='line_1_3' title="bbox 245 601 1335 686; baseline 0.002 -18"><span class='ocrx_word' id='word_1_7' title='bbox 245 603 457 668; x_wconf 87' lang='lat' dir='ltr'>immaculata</span> <span class='ocrx_word' id='word_1_8' title='bbox 485 609 519 668; x_wconf 89' lang='lat' dir='ltr'>et</span> <span class='ocrx_word' id='word_1_9' title='bbox 547 623 683 686; x_wconf 89' lang='lat' dir='ltr'>corpore</span> <span class='ocrx_word' id='word_1_10' title='bbox 712 602 858 685; x_wconf 85' lang='lat' dir='ltr'>virgineo</span> <span class='ocrx_word' id='word_1_11' title='bbox 887 602 930 666; x_wconf 90' lang='lat' dir='ltr'>ad</span> <span class='ocrx_word' id='word_1_12' title='bbox 957 601 1127 668; x_wconf 83' lang='lat' dir='ltr'>dexteram</span> <span class='ocrx_word' id='word_1_13' title='bbox 1156 605 1220 670; x_wconf 93' lang='lat' dir='ltr'>Dei</span> <span class='ocrx_word' id='word_1_14' title='bbox 1247 606 1335 685; x_wconf 85' lang='lat' dir='ltr'>Filii,</span> 
     </span>
     <span class='ocr_line' id='line_1_4' title="bbox 245 701 1335 786; baseline 0.001 -19"><span class='ocrx_word' id='word_1_15' title='bbox 245 711 393 769; x_wconf 90' lang='lat' dir='ltr'>nostram</span> <span class='ocrx_word' id='word_1_16' title='bbox 413 702 730 786; x_wconf 74' lang='lat' dir='ltr'>praestantissimam</span> <span class='ocrx_word' id='word_1_17' title='bbox 759 701 983 767; x_wconf 75' lang='lat' dir='ltr'>mediatricem</span> <span class='ocrx_word' id='word_1_18' title='bbox 1011 703 1046 767; x_wconf 92' lang='lat' dir='ltr'>in</span> <span class='ocrx_word' id='word_1_19' title='bbox 1067 703 1167 768; x_wconf 87' lang='lat' dir='ltr'>coelis</span> <span class='ocrx_word' id='word_1_20' title='bbox 1188 704 1335 783; x_wconf 85' lang='lat' dir='ltr'>adstare,</span> 
     </span>
     <span class='ocr_line' id='line_1_5' title="bbox 246 799 1337 882; baseline 0 -15"><span class='ocrx_word' id='word_1_21' title='bbox 246 822 266 867; x_wconf 88' lang='lat' dir='ltr'>a</span> <span class='ocrx_word' id='word_1_22' title='bbox 294 803 507 868; x_wconf 75' lang='lat' dir='ltr'>sacrosancto</span> <span class='ocrx_word' id='word_1_23' title='bbox 536 800 681 866; x_wconf 82' lang='lat' dir='ltr'>Concilio</span> <span class='ocrx_word' id='word_1_24' title='bbox 709 799 868 864; x_wconf 91' lang='lat' dir='ltr'>Vaticano</span> <span class='ocrx_word' id='word_1_25' title='bbox 898 800 1051 882; x_wconf 87' lang='lat' dir='ltr'>explicite</span> <span class='ocrx_word' id='word_1_26' title='bbox 1081 808 1115 866; x_wconf 89' lang='lat' dir='ltr'>et</span> <span class='ocrx_word' id='word_1_27' title='bbox 1143 802 1337 869; x_wconf 89' lang='lat' dir='ltr'>solemniter</span> 
     </span>
     <span class='ocr_line' id='line_1_6' title="bbox 246 898 1335 988; baseline 0.001 -22"><span class='ocrx_word' id='word_1_28' title='bbox 246 900 423 979; x_wconf 88' lang='lat' dir='ltr'>declarari,</span> <span class='ocrx_word' id='word_1_29' title='bbox 465 906 500 965; x_wconf 91' lang='lat' dir='ltr'>et</span> <span class='ocrx_word' id='word_1_30' title='bbox 537 899 665 964; x_wconf 90' lang='lat' dir='ltr'>definiri</span> <span class='ocrx_word' id='word_1_31' title='bbox 702 898 919 988; x_wconf 87' lang='lat' dir='ltr'>perardenter</span> <span class='ocrx_word' id='word_1_32' title='bbox 955 898 1152 982; x_wconf 87' lang='lat' dir='ltr'>postulatur.</span> <span class='ocrx_word' id='word_1_33' title='bbox 1214 903 1335 968; x_wconf 83' lang='lat' dir='ltr'>Omnes</span> 
     </span>
     <span class='ocr_line' id='line_1_7' title="bbox 247 996 1336 1082; baseline 0.004 -20"><span class='ocrx_word' id='word_1_34' title='bbox 247 998 379 1082; x_wconf 90' lang='lat' dir='ltr'>quidem</span> <span class='ocrx_word' id='word_1_35' title='bbox 407 1003 532 1063; x_wconf 90' lang='lat' dir='ltr'>certam</span> <span class='ocrx_word' id='word_1_36' title='bbox 560 996 685 1063; x_wconf 85' lang='lat' dir='ltr'>habent</span> <span class='ocrx_word' id='word_1_37' title='bbox 716 1018 808 1081; x_wconf 88' lang='lat' dir='ltr'>spem</span> <span class='ocrx_word' id='word_1_38' title='bbox 836 998 1002 1079; x_wconf 89' lang='lat' dir='ltr'>generalia</span> <span class='ocrx_word' id='word_1_39' title='bbox 1024 999 1192 1064; x_wconf 85' lang='lat' dir='ltr'>Ecclesiae</span> <span class='ocrx_word' id='word_1_40' title='bbox 1222 1003 1336 1066; x_wconf 88' lang='lat' dir='ltr'>catho-</span> 
     </span>
     <span class='ocr_line' id='line_1_8' title="bbox 246 1096 1335 1180; baseline 0.003 -19"><span class='ocrx_word' id='word_1_41' title='bbox 246 1097 329 1161; x_wconf 88' lang='lat' dir='ltr'>licae</span> <span class='ocrx_word' id='word_1_42' title='bbox 351 1096 506 1173; x_wconf 84' lang='lat' dir='ltr'>Comitia,</span> <span class='ocrx_word' id='word_1_43' title='bbox 536 1117 620 1179; x_wconf 90' lang='lat' dir='ltr'>quae</span> <span class='ocrx_word' id='word_1_44' title='bbox 649 1098 708 1162; x_wconf 93' lang='lat' dir='ltr'>sub</span> <span class='ocrx_word' id='word_1_45' title='bbox 731 1097 849 1162; x_wconf 86' lang='lat' dir='ltr'>faustis</span> <span class='ocrx_word' id='word_1_46' title='bbox 877 1097 1031 1180; x_wconf 88' lang='lat' dir='ltr'>auspiciis</span> <span class='ocrx_word' id='word_1_47' title='bbox 1053 1097 1166 1164; x_wconf 88' lang='lat' dir='ltr'>Almae</span> <span class='ocrx_word' id='word_1_48' title='bbox 1189 1099 1335 1180; x_wconf 82' lang='lat' dir='ltr'>Reginae</span> 
     </span>
     <span class='ocr_line' id='line_1_9' title="bbox 246 1195 1339 1278; baseline 0.001 -16"><span class='ocrx_word' id='word_1_49' title='bbox 246 1196 288 1262; x_wconf 89' lang='lat' dir='ltr'>ab</span> <span class='ocrx_word' id='word_1_50' title='bbox 311 1195 400 1260; x_wconf 92' lang='lat' dir='ltr'>omni</span> <span class='ocrx_word' id='word_1_51' title='bbox 422 1195 573 1278; x_wconf 83' lang='lat' dir='ltr'>originali</span> <span class='ocrx_word' id='word_1_52' title='bbox 589 1195 664 1260; x_wconf 90' lang='lat' dir='ltr'>labe</span> <span class='ocrx_word' id='word_1_53' title='bbox 686 1195 838 1260; x_wconf 91' lang='lat' dir='ltr'>immunis</span> <span class='ocrx_word' id='word_1_54' title='bbox 856 1201 925 1260; x_wconf 89' lang='lat' dir='ltr'>tam</span> <span class='ocrx_word' id='word_1_55' title='bbox 946 1195 1056 1260; x_wconf 84' lang='lat' dir='ltr'>felicia</span> <span class='ocrx_word' id='word_1_56' title='bbox 1073 1195 1220 1263; x_wconf 85' lang='lat' dir='ltr'>habuere</span> <span class='ocrx_word' id='word_1_57' title='bbox 1244 1221 1339 1264; x_wconf 87' lang='lat' dir='ltr'>exor-</span> 
     </span>
     <span class='ocr_line' id='line_1_10' title="bbox 247 1293 1338 1377; baseline 0.003 -18"><span class='ocrx_word' id='word_1_58' title='bbox 247 1293 316 1374; x_wconf 87' lang='lat' dir='ltr'>dia,</span> <span class='ocrx_word' id='word_1_59' title='bbox 344 1296 420 1377; x_wconf 89' lang='lat' dir='ltr'>Ipsa</span> <span class='ocrx_word' id='word_1_60' title='bbox 439 1294 598 1374; x_wconf 84' lang='lat' dir='ltr'>Patrona,</span> <span class='ocrx_word' id='word_1_61' title='bbox 626 1295 834 1377; x_wconf 78' lang='lat' dir='ltr'>interemptis</span> <span class='ocrx_word' id='word_1_62' title='bbox 855 1295 981 1360; x_wconf 89' lang='lat' dir='ltr'>cunctis</span> <span class='ocrx_word' id='word_1_63' title='bbox 1002 1295 1193 1362; x_wconf 90' lang='lat' dir='ltr'>haeresibus</span> <span class='ocrx_word' id='word_1_64' title='bbox 1215 1298 1261 1362; x_wconf 89' lang='lat' dir='ltr'>ad</span> <span class='ocrx_word' id='word_1_65' title='bbox 1283 1297 1338 1362; x_wconf 93' lang='lat' dir='ltr'>de·</span> 
     </span>
     <span class='ocr_line' id='line_1_11' title="bbox 247 1393 1338 1476; baseline 0.002 -18"><span class='ocrx_word' id='word_1_66' title='bbox 247 1393 426 1458; x_wconf 89' lang='lat' dir='ltr'>sideratam</span> <span class='ocrx_word' id='word_1_67' title='bbox 456 1413 561 1476; x_wconf 90' lang='lat' dir='ltr'>usque</span> <span class='ocrx_word' id='word_1_68' title='bbox 593 1399 714 1457; x_wconf 86' lang='lat' dir='ltr'>metam</span> <span class='ocrx_word' id='word_1_69' title='bbox 747 1394 987 1476; x_wconf 87' lang='lat' dir='ltr'>quamprimum</span> <span class='ocrx_word' id='word_1_70' title='bbox 1022 1399 1057 1458; x_wconf 89' lang='lat' dir='ltr'>et</span> <span class='ocrx_word' id='word_1_71' title='bbox 1088 1393 1234 1460; x_wconf 85' lang='lat' dir='ltr'>feliciter</span> <span class='ocrx_word' id='word_1_72' title='bbox 1266 1417 1338 1461; x_wconf 86' lang='lat' dir='ltr'>esse</span> 
     </span>
     <span class='ocr_line' id='line_1_12' title="bbox 247 1497 456 1574; baseline -0.014 -18"><span class='ocrx_word' id='word_1_73' title='bbox 247 1497 456 1574; x_wconf 85' lang='lat' dir='ltr'>perventura.</span> 
     </span>
     <span class='ocr_line' id='line_1_13' title="bbox 346 1588 1105 1656; baseline 0.003 -2"><span class='ocrx_word' id='word_1_74' title='bbox 346 1590 469 1654; x_wconf 90' lang='lat' dir='ltr'>Romae</span> <span class='ocrx_word' id='word_1_75' title='bbox 492 1588 544 1654; x_wconf 90' lang='lat' dir='ltr'>die</span> <span class='ocrx_word' id='word_1_76' title='bbox 566 1589 686 1653; x_wconf 87' lang='lat' dir='ltr'><strong>XXIII.</strong></span> <span class='ocrx_word' id='word_1_77' title='bbox 709 1589 880 1655; x_wconf 86' lang='lat' dir='ltr'>Februarii</span> <span class='ocrx_word' id='word_1_78' title='bbox 901 1590 939 1654; x_wconf 82' lang='lat' dir='ltr'>A.</span> <span class='ocrx_word' id='word_1_79' title='bbox 961 1590 999 1654; x_wconf 91' lang='lat' dir='ltr'>R.</span> <span class='ocrx_word' id='word_1_80' title='bbox 1024 1596 1105 1656; x_wconf 83' lang='lat'>1870</span> 
     </span>
     <span class='ocr_line' id='line_1_14' title="bbox 604 1687 1088 1753; baseline 0.002 -1"><span class='ocrx_word' id='word_1_81' title='bbox 604 1687 788 1752; x_wconf 91' lang='lat' dir='ltr'>Humillimi</span> <span class='ocrx_word' id='word_1_82' title='bbox 809 1695 843 1752; x_wconf 92' lang='lat' dir='ltr'>et</span> <span class='ocrx_word' id='word_1_83' title='bbox 864 1688 1088 1753; x_wconf 82' lang='lat' dir='ltr'>Addictissimi</span> 
     </span>
     <span class='ocr_line' id='line_1_15' title="bbox 396 1785 1339 1870; baseline 0.001 -19"><span class='ocrx_word' id='word_1_84' title='bbox 396 1787 453 1870; x_wconf 88' lang='lat' dir='ltr'>sig.</span> <span class='ocrx_word' id='word_1_85' title='bbox 475 1785 636 1869; x_wconf 82' lang='lat' dir='ltr'>†Joseph</span> <span class='ocrx_word' id='word_1_86' title='bbox 656 1785 777 1850; x_wconf 90' lang='lat' dir='ltr'>Bened.</span> <span class='ocrx_word' id='word_1_87' title='bbox 799 1787 945 1851; x_wconf 90' lang='lat' dir='ltr'>Dusmet.</span> <span class='ocrx_word' id='word_1_88' title='bbox 968 1786 1118 1870; x_wconf 89' lang='lat' dir='ltr'>Archiep.</span> <span class='ocrx_word' id='word_1_89' title='bbox 1142 1787 1339 1853; x_wconf 83' lang='lat' dir='ltr'>Cantauien.</span> 
     </span>
     <span class='ocr_line' id='line_1_16' title="bbox 464 1884 1240 1968; baseline 0.003 -20"><span class='ocrx_word' id='word_1_90' title='bbox 464 1885 521 1967; x_wconf 89' lang='lat' dir='ltr'>sig.</span> <span class='ocrx_word' id='word_1_91' title='bbox 544 1885 564 1965; x_wconf 81' lang='lat'><em>†</em></span> <span class='ocrx_word' id='word_1_92' title='bbox 585 1884 767 1948; x_wconf 90' lang='lat' dir='ltr'>Ludovicns</span> <span class='ocrx_word' id='word_1_93' title='bbox 789 1885 832 1949; x_wconf 90' lang='lat' dir='ltr'>M.</span> <span class='ocrx_word' id='word_1_94' title='bbox 856 1885 934 1950; x_wconf 81' lang='lat' dir='ltr'>Ideo</span> <span class='ocrx_word' id='word_1_95' title='bbox 955 1885 1062 1967; x_wconf 90' lang='lat' dir='ltr'>Episc.</span> <span class='ocrx_word' id='word_1_96' title='bbox 1085 1885 1240 1968; x_wconf 85' lang='lat' dir='ltr'>Liparen.</span> 
     </span>
    </p>
   </div>
   <div class='ocr_carea' id='block_1_3' title="bbox 250 2063 1337 2347">
    <p class='ocr_par' dir='ltr' id='par_1_3' title="bbox 250 2063 1337 2347">
     <span class='ocr_line' id='line_1_17' title="bbox 250 2063 1337 2149; baseline 0.001 -20"><span class='ocrx_word' id='word_1_97' title='bbox 250 2063 448 2130; x_wconf 89' lang='lat' dir='ltr'>Momenta</span> <span class='ocrx_word' id='word_1_98' title='bbox 476 2085 546 2147; x_wconf 90' lang='lat' dir='ltr'>pro</span> <span class='ocrx_word' id='word_1_99' title='bbox 579 2063 831 2147; x_wconf 86' lang='lat' dir='ltr'>dogmaticae</span> <span class='ocrx_word' id='word_1_100' title='bbox 863 2064 1122 2130; x_wconf 87' lang='lat' dir='ltr'>definitionis</span> <span class='ocrx_word' id='word_1_101' title='bbox 1151 2065 1337 2149; x_wconf 90' lang='lat' dir='ltr'>Assump-</span> 
     </span>
     <span class='ocr_line' id='line_1_18' title="bbox 290 2163 1299 2246; baseline 0.001 -19"><span class='ocrx_word' id='word_1_102' title='bbox 290 2163 414 2228; x_wconf 92' lang='lat' dir='ltr'>tionis</span> <span class='ocrx_word' id='word_1_103' title='bbox 443 2163 667 2246; x_wconf 85' lang='lat' dir='ltr'>Corporeae</span> <span class='ocrx_word' id='word_1_104' title='bbox 693 2164 843 2228; x_wconf 90' lang='lat' dir='ltr'>Beatae</span> <span class='ocrx_word' id='word_1_105' title='bbox 871 2163 1022 2227; x_wconf 89' lang='lat' dir='ltr'>Mariae</span> <span class='ocrx_word' id='word_1_106' title='bbox 1046 2164 1228 2246; x_wconf 83' lang='lat' dir='ltr'>Virginis</span> <span class='ocrx_word' id='word_1_107' title='bbox 1258 2166 1299 2228; x_wconf 92' lang='lat' dir='ltr'>in</span> 
     </span>
     <span class='ocr_line' id='line_1_19' title="bbox 578 2261 1004 2347; baseline 0.007 -21"><span class='ocrx_word' id='word_1_108' title='bbox 578 2261 730 2326; x_wconf 88' lang='lat' dir='ltr'>coelum</span> <span class='ocrx_word' id='word_1_109' title='bbox 756 2261 1004 2347; x_wconf 82' lang='lat' dir='ltr'>possibilitate.</span> 
     </span>
    </p>
   </div>
   <div class='ocr_carea' id='block_1_4' title="bbox 246 2375 1398 3349">
    <p class='ocr_par' dir='ltr' id='par_1_4' title="bbox 246 2375 1398 3349">
     <span class='ocr_line' id='line_1_20' title="bbox 311 2375 1398 2460; baseline 0 -20"><span class='ocrx_word' id='word_1_110' title='bbox 311 2377 335 2440; x_wconf 94' lang='lat' dir='ltr'>I.</span> <span class='ocrx_word' id='word_1_111' title='bbox 358 2376 569 2442; x_wconf 80' lang='lat' dir='ltr'>Pervetustus</span> <span class='ocrx_word' id='word_1_112' title='bbox 586 2382 620 2440; x_wconf 90' lang='lat' dir='ltr'>et</span> <span class='ocrx_word' id='word_1_113' title='bbox 638 2383 790 2441; x_wconf 88' lang='lat' dir='ltr'>constans</span> <span class='ocrx_word' id='word_1_114' title='bbox 808 2375 980 2458; x_wconf 89' lang='lat' dir='ltr'>utriusque</span> <span class='ocrx_word' id='word_1_115' title='bbox 994 2375 1161 2440; x_wconf 87' lang='lat' dir='ltr'>Ecclesiae</span> <span class='ocrx_word' id='word_1_116' title='bbox 1179 2377 1339 2442; x_wconf 88' lang='lat' dir='ltr'>Occiden-</span> <span class='ocrx_word' id='word_1_117' title='bbox 1397 2407 1398 2460; x_wconf 52' lang='lat'>3</span> 
     </span>
     <span class='ocr_line' id='line_1_21' title="bbox 248 2474 1340 2555; baseline 0.001 -15"><span class='ocrx_word' id='word_1_118' title='bbox 248 2474 325 2540; x_wconf 87' lang='lat' dir='ltr'>talis</span> <span class='ocrx_word' id='word_1_119' title='bbox 348 2480 382 2540; x_wconf 88' lang='lat' dir='ltr'>et</span> <span class='ocrx_word' id='word_1_120' title='bbox 403 2474 580 2555; x_wconf 88' lang='lat' dir='ltr'>Orientalis</span> <span class='ocrx_word' id='word_1_121' title='bbox 608 2497 682 2538; x_wconf 92' lang='lat' dir='ltr'>cum</span> <span class='ocrx_word' id='word_1_122' title='bbox 704 2475 851 2539; x_wconf 90' lang='lat' dir='ltr'>docentis</span> <span class='ocrx_word' id='word_1_123' title='bbox 873 2481 944 2538; x_wconf 90' lang='lat' dir='ltr'>tum</span> <span class='ocrx_word' id='word_1_124' title='bbox 973 2474 1127 2539; x_wconf 90' lang='lat' dir='ltr'>discentis</span> <span class='ocrx_word' id='word_1_125' title='bbox 1150 2482 1202 2540; x_wconf 90' lang='lat' dir='ltr'>est</span> <span class='ocrx_word' id='word_1_126' title='bbox 1224 2498 1340 2541; x_wconf 89' lang='lat' dir='ltr'>sensns</span> 
     </span>
     <span class='ocr_line' id='line_1_22' title="bbox 249 2573 1340 2657; baseline 0 -19"><span class='ocrx_word' id='word_1_127' title='bbox 249 2574 337 2639; x_wconf 87' lang='lat' dir='ltr'>circa</span> <span class='ocrx_word' id='word_1_128' title='bbox 369 2574 566 2656; x_wconf 83' lang='lat' dir='ltr'>Corpoream</span> <span class='ocrx_word' id='word_1_129' title='bbox 599 2574 761 2657; x_wconf 88' lang='lat' dir='ltr'>Deiparae</span> <span class='ocrx_word' id='word_1_130' title='bbox 794 2573 1066 2656; x_wconf 82' lang='lat' dir='ltr'>Assumptionem.</span> <span class='ocrx_word' id='word_1_131' title='bbox 1121 2573 1192 2638; x_wconf 90' lang='lat' dir='ltr'>Hoc</span> <span class='ocrx_word' id='word_1_132' title='bbox 1225 2581 1340 2640; x_wconf 89' lang='lat' dir='ltr'>autem</span> 
     </span>
     <span class='ocr_line' id='line_1_23' title="bbox 248 2672 1340 2755; baseline 0.002 -19"><span class='ocrx_word' id='word_1_133' title='bbox 248 2672 390 2751; x_wconf 84' lang='lat' dir='ltr'>factum,</span> <span class='ocrx_word' id='word_1_134' title='bbox 429 2672 517 2755; x_wconf 90' lang='lat' dir='ltr'>quod</span> <span class='ocrx_word' id='word_1_135' title='bbox 549 2672 675 2738; x_wconf 90' lang='lat' dir='ltr'>scilicet</span> <span class='ocrx_word' id='word_1_136' title='bbox 704 2672 845 2737; x_wconf 91' lang='lat' dir='ltr'>hominis</span> <span class='ocrx_word' id='word_1_137' title='bbox 882 2693 999 2753; x_wconf 90' lang='lat' dir='ltr'>corpus</span> <span class='ocrx_word' id='word_1_138' title='bbox 1037 2679 1115 2736; x_wconf 87' lang='lat' dir='ltr'>ante</span> <span class='ocrx_word' id='word_1_139' title='bbox 1154 2679 1340 2738; x_wconf 85' lang='lat' dir='ltr'>extremum</span> 
     </span>
     <span class='ocr_line' id='line_1_24' title="bbox 246 2769 1341 2854; baseline 0.002 -19"><span class='ocrx_word' id='word_1_140' title='bbox 246 2770 363 2854; x_wconf 85' lang='lat' dir='ltr'>judicii</span> <span class='ocrx_word' id='word_1_141' title='bbox 380 2769 467 2834; x_wconf 91' lang='lat' dir='ltr'>diem</span> <span class='ocrx_word' id='word_1_142' title='bbox 485 2771 520 2833; x_wconf 92' lang='lat' dir='ltr'>in</span> <span class='ocrx_word' id='word_1_143' title='bbox 539 2771 637 2835; x_wconf 87' lang='lat' dir='ltr'>coelis</span> <span class='ocrx_word' id='word_1_144' title='bbox 656 2771 752 2850; x_wconf 83' lang='lat' dir='ltr'>vivat,</span> <span class='ocrx_word' id='word_1_145' title='bbox 770 2791 875 2854; x_wconf 91' lang='lat' dir='ltr'>neque</span> <span class='ocrx_word' id='word_1_146' title='bbox 895 2770 1052 2849; x_wconf 88' lang='lat' dir='ltr'>sensibus,</span> <span class='ocrx_word' id='word_1_147' title='bbox 1069 2791 1176 2853; x_wconf 90' lang='lat' dir='ltr'>neque</span> <span class='ocrx_word' id='word_1_148' title='bbox 1193 2771 1341 2837; x_wconf 89' lang='lat' dir='ltr'>humana</span> 
     </span>
     <span class='ocr_line' id='line_1_25' title="bbox 249 2869 1398 2954; baseline 0.001 -19"><span class='ocrx_word' id='word_1_149' title='bbox 249 2870 449 2935; x_wconf 83' lang='lat' dir='ltr'>auctoritate</span> <span class='ocrx_word' id='word_1_150' title='bbox 465 2869 636 2939; x_wconf 87' lang='lat' dir='ltr'>testificari</span> <span class='ocrx_word' id='word_1_151' title='bbox 652 2877 777 2954; x_wconf 91' lang='lat' dir='ltr'>potest;</span> <span class='ocrx_word' id='word_1_152' title='bbox 797 2869 943 2954; x_wconf 85' lang='lat' dir='ltr'>quamvis</span> <span class='ocrx_word' id='word_1_153' title='bbox 961 2870 1047 2934; x_wconf 91' lang='lat' dir='ltr'>enim</span> <span class='ocrx_word' id='word_1_154' title='bbox 1059 2869 1231 2953; x_wconf 86' lang='lat' dir='ltr'>Scriptura</span> <span class='ocrx_word' id='word_1_155' title='bbox 1250 2871 1341 2936; x_wconf 88' lang='lat' dir='ltr'>dicat</span> <span class='ocrx_word' id='word_1_156' title='bbox 1397 2899 1398 2902; x_wconf 41' lang='lat'>¹</span> 
     </span>
     <span class='ocr_line' id='line_1_26' title="bbox 249 2967 1398 3054; baseline 0.003 -21"><span class='ocrx_word' id='word_1_157' title='bbox 249 2969 339 3034; x_wconf 93' lang='lat' dir='ltr'>Enoc</span> <span class='ocrx_word' id='word_1_158' title='bbox 361 2975 395 3033; x_wconf 90' lang='lat' dir='ltr'>et</span> <span class='ocrx_word' id='word_1_159' title='bbox 415 2967 523 3034; x_wconf 92' lang='lat' dir='ltr'>Eliam</span> <span class='ocrx_word' id='word_1_160' title='bbox 542 2975 656 3052; x_wconf 89' lang='lat' dir='ltr'>raptos</span> <span class='ocrx_word' id='word_1_161' title='bbox 685 2991 755 3034; x_wconf 89' lang='lat' dir='ltr'>esse</span> <span class='ocrx_word' id='word_1_162' title='bbox 776 2970 811 3033; x_wconf 92' lang='lat' dir='ltr'>in</span> <span class='ocrx_word' id='word_1_163' title='bbox 832 2968 974 3048; x_wconf 89' lang='lat' dir='ltr'>coelum,</span> <span class='ocrx_word' id='word_1_164' title='bbox 1004 2967 1119 3033; x_wconf 86' lang='lat' dir='ltr'>inferri</span> <span class='ocrx_word' id='word_1_165' title='bbox 1139 2991 1206 3035; x_wconf 93' lang='lat' dir='ltr'>non</span> <span class='ocrx_word' id='word_1_166' title='bbox 1226 2976 1341 3054; x_wconf 88' lang='lat' dir='ltr'>potest</span> <span class='ocrx_word' id='word_1_167' title='bbox 1397 2989 1398 3004; x_wconf 76' lang='lat'>³</span> 
     </span>
     <span class='ocr_line' id='line_1_27' title="bbox 250 3066 1342 3155; baseline 0.004 -23"><span class='ocrx_word' id='word_1_168' title='bbox 250 3066 293 3132; x_wconf 89' lang='lat' dir='ltr'>ad</span> <span class='ocrx_word' id='word_1_169' title='bbox 320 3067 507 3132; x_wconf 90' lang='lat' dir='ltr'>intuitivam</span> <span class='ocrx_word' id='word_1_170' title='bbox 537 3069 599 3133; x_wconf 89' lang='lat' dir='ltr'>Dei</span> <span class='ocrx_word' id='word_1_171' title='bbox 630 3069 786 3134; x_wconf 85' lang='lat' dir='ltr'>visionem</span> <span class='ocrx_word' id='word_1_172' title='bbox 814 3069 973 3133; x_wconf 88' lang='lat' dir='ltr'>admissos</span> <span class='ocrx_word' id='word_1_173' title='bbox 1005 3089 1085 3134; x_wconf 89' lang='lat' dir='ltr'>esse.</span> <span class='ocrx_word' id='word_1_174' title='bbox 1136 3069 1209 3135; x_wconf 88' lang='lat' dir='ltr'>Nisi</span> <span class='ocrx_word' id='word_1_175' title='bbox 1237 3071 1342 3155; x_wconf 86' lang='lat' dir='ltr'>igitur</span> 
     </span>
     <span class='ocr_line' id='line_1_28' title="bbox 248 3165 1341 3252; baseline 0.005 -23"><span class='ocrx_word' id='word_1_176' title='bbox 248 3165 435 3231; x_wconf 89' lang='lat' dir='ltr'>firmissima</span> <span class='ocrx_word' id='word_1_177' title='bbox 450 3167 617 3232; x_wconf 86' lang='lat' dir='ltr'>Ecclesiae</span> <span class='ocrx_word' id='word_1_178' title='bbox 632 3168 713 3232; x_wconf 89' lang='lat' dir='ltr'>fides</span> <span class='ocrx_word' id='word_1_179' title='bbox 731 3167 839 3252; x_wconf 90' lang='lat' dir='ltr'>quoad</span> <span class='ocrx_word' id='word_1_180' title='bbox 857 3167 1056 3250; x_wconf 77' lang='lat' dir='ltr'>corpoream</span> <span class='ocrx_word' id='word_1_181' title='bbox 1070 3167 1195 3232; x_wconf 88' lang='lat' dir='ltr'>Beatae</span> <span class='ocrx_word' id='word_1_182' title='bbox 1212 3169 1341 3234; x_wconf 80' lang='lat' dir='ltr'>Mariae</span> 
     </span>
     <span class='ocr_line' id='line_1_29' title="bbox 249 3264 1339 3349; baseline 0.003 -19"><span class='ocrx_word' id='word_1_183' title='bbox 249 3264 392 3347; x_wconf 88' lang='lat' dir='ltr'>Virginis</span> <span class='ocrx_word' id='word_1_184' title='bbox 421 3265 685 3349; x_wconf 82' lang='lat' dir='ltr'>Assumptionem</span> <span class='ocrx_word' id='word_1_185' title='bbox 714 3265 779 3332; x_wconf 88' lang='lat' dir='ltr'>dici</span> <span class='ocrx_word' id='word_1_186' title='bbox 807 3265 886 3331; x_wconf 84' lang='lat' dir='ltr'>velit</span> <span class='ocrx_word' id='word_1_187' title='bbox 914 3265 994 3330; x_wconf 84' lang='lat' dir='ltr'>levis</span> <span class='ocrx_word' id='word_1_188' title='bbox 1022 3266 1118 3330; x_wconf 90' lang='lat' dir='ltr'>nimis</span> <span class='ocrx_word' id='word_1_189' title='bbox 1148 3267 1339 3346; x_wconf 87' lang='lat' dir='ltr'>credulitas,</span> 
     </span>
    </p>
   </div>
   <div class='ocr_carea' id='block_1_5' title="bbox 249 3363 1342 4042">
    <p class='ocr_par' dir='ltr' id='par_1_5' title="bbox 249 3363 1342 3844">
     <span class='ocr_line' id='line_1_30' title="bbox 250 3363 1342 3450; baseline 0.002 -20"><span class='ocrx_word' id='word_1_190' title='bbox 250 3364 339 3448; x_wconf 89' lang='lat' dir='ltr'>quod</span> <span class='ocrx_word' id='word_1_191' title='bbox 360 3363 412 3430; x_wconf 88' lang='lat' dir='ltr'>vel</span> <span class='ocrx_word' id='word_1_192' title='bbox 433 3365 577 3449; x_wconf 89' lang='lat' dir='ltr'>cogitare</span> <span class='ocrx_word' id='word_1_193' title='bbox 598 3367 734 3450; x_wconf 90' lang='lat' dir='ltr'>impium</span> <span class='ocrx_word' id='word_1_194' title='bbox 756 3372 820 3445; x_wconf 87' lang='lat' dir='ltr'>est,</span> <span class='ocrx_word' id='word_1_195' title='bbox 849 3365 966 3449; x_wconf 90' lang='lat' dir='ltr'>procul</span> <span class='ocrx_word' id='word_1_196' title='bbox 987 3364 1087 3430; x_wconf 91' lang='lat' dir='ltr'>dubio</span> <span class='ocrx_word' id='word_1_197' title='bbox 1117 3386 1191 3430; x_wconf 91' lang='lat' dir='ltr'>eam</span> <span class='ocrx_word' id='word_1_198' title='bbox 1218 3388 1240 3432; x_wconf 92' lang='lat' dir='ltr'>a</span> <span class='ocrx_word' id='word_1_199' title='bbox 1260 3367 1342 3432; x_wconf 91' lang='lat' dir='ltr'>Tra·</span> 
     </span>
     <span class='ocr_line' id='line_1_31' title="bbox 251 3462 1342 3549; baseline 0.001 -21"><span class='ocrx_word' id='word_1_200' title='bbox 251 3462 375 3528; x_wconf 91' lang='lat' dir='ltr'>ditione</span> <span class='ocrx_word' id='word_1_201' title='bbox 398 3463 505 3529; x_wconf 83' lang='lat' dir='ltr'>divino</span> <span class='ocrx_word' id='word_1_202' title='bbox 527 3502 567 3512; x_wconf 89' lang='lat'>--</span> <span class='ocrx_word' id='word_1_203' title='bbox 589 3466 786 3549; x_wconf 87' lang='lat' dir='ltr'>apostolica,</span> <span class='ocrx_word' id='word_1_204' title='bbox 816 3464 851 3529; x_wconf 93' lang='lat' dir='ltr'>id</span> <span class='ocrx_word' id='word_1_205' title='bbox 880 3470 930 3529; x_wconf 92' lang='lat' dir='ltr'>est</span> <span class='ocrx_word' id='word_1_206' title='bbox 952 3486 972 3528; x_wconf 89' lang='lat' dir='ltr'>a</span> <span class='ocrx_word' id='word_1_207' title='bbox 993 3464 1205 3530; x_wconf 84' lang='lat' dir='ltr'>Revelatione</span> <span class='ocrx_word' id='word_1_208' title='bbox 1228 3472 1342 3531; x_wconf 88' lang='lat' dir='ltr'>ortum</span> 
     </span>
     <span class='ocr_line' id='line_1_32' title="bbox 249 3563 1342 3647; baseline 0.001 -20"><span class='ocrx_word' id='word_1_209' title='bbox 249 3563 372 3628; x_wconf 88' lang='lat' dir='ltr'>habere</span> <span class='ocrx_word' id='word_1_210' title='bbox 403 3563 587 3630; x_wconf 87' lang='lat' dir='ltr'>firmissime</span> <span class='ocrx_word' id='word_1_211' title='bbox 623 3565 808 3632; x_wconf 89' lang='lat' dir='ltr'>tenendum.</span> <span class='ocrx_word' id='word_1_212' title='bbox 864 3563 958 3642; x_wconf 81' lang='lat' dir='ltr'>Quod</span> <span class='ocrx_word' id='word_1_213' title='bbox 995 3563 1173 3646; x_wconf 89' lang='lat' dir='ltr'>gloriosum</span> <span class='ocrx_word' id='word_1_214' title='bbox 1205 3564 1342 3647; x_wconf 90' lang='lat' dir='ltr'>quidem</span> 
     </span>
     <span class='ocr_line' id='line_1_33' title="bbox 249 3661 1342 3747; baseline 0 -21"><span class='ocrx_word' id='word_1_215' title='bbox 249 3661 378 3727; x_wconf 89' lang='lat' dir='ltr'>facinus</span> <span class='ocrx_word' id='word_1_216' title='bbox 400 3663 483 3728; x_wconf 87' lang='lat' dir='ltr'>Divo</span> <span class='ocrx_word' id='word_1_217' title='bbox 504 3664 732 3747; x_wconf 89' lang='lat' dir='ltr'>Evangelistae</span> <span class='ocrx_word' id='word_1_218' title='bbox 752 3662 881 3741; x_wconf 76' lang='lat' dir='ltr'>Ioanni,</span> <span class='ocrx_word' id='word_1_219' title='bbox 904 3661 962 3744; x_wconf 90' lang='lat' dir='ltr'>qui</span> <span class='ocrx_word' id='word_1_220' title='bbox 982 3668 1058 3744; x_wconf 91' lang='lat' dir='ltr'>post</span> <span class='ocrx_word' id='word_1_221' title='bbox 1072 3662 1178 3727; x_wconf 87' lang='lat' dir='ltr'>Beata</span> <span class='ocrx_word' id='word_1_222' title='bbox 1194 3662 1342 3746; x_wconf 87' lang='lat' dir='ltr'>Virginis</span> 
     </span>
     <span class='ocr_line' id='line_1_34' title="bbox 252 3760 1032 3844; baseline -0.003 -19"><span class='ocrx_word' id='word_1_223' title='bbox 252 3761 482 3826; x_wconf 91' lang='lat' dir='ltr'>dormitionem</span> <span class='ocrx_word' id='word_1_224' title='bbox 503 3763 595 3842; x_wconf 89' lang='lat' dir='ltr'>obiit,</span> <span class='ocrx_word' id='word_1_225' title='bbox 618 3763 799 3828; x_wconf 89' lang='lat' dir='ltr'>revelatum</span> <span class='ocrx_word' id='word_1_226' title='bbox 821 3783 891 3826; x_wconf 91' lang='lat' dir='ltr'>esse</span> <span class='ocrx_word' id='word_1_227' title='bbox 913 3760 1032 3844; x_wconf 90' lang='lat' dir='ltr'>potuit.</span> 
     </span>
    </p>

    <p class='ocr_par' dir='ltr' id='par_1_6' title="bbox 253 3859 1342 4042">
     <span class='ocr_line' id='line_1_35' title="bbox 313 3859 1342 3945; baseline 0 -21"><span class='ocrx_word' id='word_1_228' title='bbox 313 3861 451 3944; x_wconf 82' lang='lat' dir='ltr'>insuper</span> <span class='ocrx_word' id='word_1_229' title='bbox 483 3861 646 3945; x_wconf 90' lang='lat' dir='ltr'>Deiparae</span> <span class='ocrx_word' id='word_1_230' title='bbox 677 3860 821 3944; x_wconf 89' lang='lat' dir='ltr'>Virginis</span> <span class='ocrx_word' id='word_1_231' title='bbox 859 3859 1042 3942; x_wconf 88' lang='lat' dir='ltr'>anticipata</span> <span class='ocrx_word' id='word_1_232' title='bbox 1072 3859 1274 3925; x_wconf 89' lang='lat' dir='ltr'>resurrectio</span> <span class='ocrx_word' id='word_1_233' title='bbox 1309 3869 1342 3924; x_wconf 87' lang='lat' dir='ltr'>et</span> 
     </span>
     <span class='ocr_line' id='line_1_36' title="bbox 253 3955 1341 4042; baseline 0.004 -22"><span class='ocrx_word' id='word_1_234' title='bbox 253 3958 380 4041; x_wconf 86' lang='lat' dir='ltr'>integra</span> <span class='ocrx_word' id='word_1_235' title='bbox 401 3959 596 4042; x_wconf 90' lang='lat' dir='ltr'>glorificatio</span> <span class='ocrx_word' id='word_1_236' title='bbox 625 3983 699 4026; x_wconf 91' lang='lat' dir='ltr'>cnm</span> <span class='ocrx_word' id='word_1_237' title='bbox 721 3981 866 4026; x_wconf 85' lang='lat' dir='ltr'>connexa</span> <span class='ocrx_word' id='word_1_238' title='bbox 888 3980 962 4024; x_wconf 91' lang='lat' dir='ltr'>cum</span> <span class='ocrx_word' id='word_1_239' title='bbox 984 3957 1102 4022; x_wconf 84' lang='lat' dir='ltr'>Divina</span> <span class='ocrx_word' id='word_1_240' title='bbox 1122 3955 1341 4025; x_wconf 88' lang='lat' dir='ltr'>Maternitate</span> 
     </span>
    </p>
   </div>
   <div class='ocr_carea' id='block_1_6' title="bbox 0 0 1412 4556">
    <p class='ocr_par' dir='ltr' id='par_1_7' title="bbox 0 0 1412 4556">
     <span class='ocr_line' id='line_1_37' title="bbox 0 0 1412 4556; baseline 0 0"><span class='ocrx_word' id='word_1_241' title='bbox 0 0 1412 4556; x_wconf 95' lang='lat' dir='ltr'> </span> 
     </span>
    </p>
   </div>
  </div>
 </body>
</html>
