2718 4556
740 368 814 430 '238

306 537 334 596 2.
369 532 412 597 ad
434 531 657 615 quaestionem
678 530 768 594 illam
791 529 846 594 diu
876 535 910 592 et
930 530 1097 610 praesenti
1119 530 1303 596 1111111111-

244 653 323 715 pore
355 633 442 696 inter
471 632 631 695 Doctores
662 629 759 693 nimis
791 629 1008 711 disputatam:
1041 630 1182 711 „Utrum
1208 653 1303 714 nempe

244 731 275 794 b.
311 731 410 813 Virgo
447 737 624 811 tempore
664 727 998 792 Annuntiationis
1040 751 1114 794 cum
1149 752 1172 794 1.
1203 731 1304 814 Joseph

244 828 449 912 sponsalia
476 827 712 906 tantummodo,
741 848 783 892 an
809 827 1105 894 matrimonium
1132 851 1256 894 verum
1280 837 1303 894 et

243 935 352 992 ratum
374 927 582 992 contraxerit.

247 1158 296 1221 1⁰:
337 1157 510 1234 Quanam
541 1161 676 1220 aetate
708 1155 943 1220 beatissima
974 1156 1094 1240 Virgo
1132 1157 1302 1241 nupserit.

306 1322 467 1404 Triplex
488 1319 694 1404 potissimum
717 1319 778 1384 hac
801 1319 840 1384 de
858 1341 893 1384 re
917 1319 1030 1384 existit
1046 1319 1134 1385 inter
1150 1322 1305 1388 catholicos

247 1421 419 1487 sententia.
462 1419 601 1498 Prima,
624 1440 645 1506 1
666 1418 893 1502 Cajetan01)
922 1420 1091 1502 proposita
1114 1427 1148 1486 11
1167 1428 1304 1505 protecta,

244 1521 378 1599 asserit,
414 1519 636 1584 beatissimam
667 1518 833 1600 Virginem
864 1519 983 1584 aetatis
1015 1519 1147 1585 circiter
1182 1520 1303 1604 viginti

242 1619 418 1702 quinque
449 1617 512 1683 vel
544 1618 592 1682 ad
619 1617 746 1682 minus
779 1616 1002 1685 octodecim
1030 1640 1188 1684 annorum
1214 1621 1304 1695 fuisse,

242 1741 344 1803 quum
374 1719 436 1784 hoc
474 1718 717 1783 matrimonium
754 1717 874 1783 inierit.
929 1718 994 1784 Sed
1024 1719 1114 1783 nullo
1152 1720 1215 1785 alio
1249 1719 1305 1784 fun-

243 1818 395 1882 damento
427 1816 509 1881 haee
548 1817 713 1882 sententia
750 1817 882 1896 nititur,
920 1817 984 1882 nisi
1018 1820 1095 1902 quia
1134 1820 1305 1886 conveniens

242 1917 342 1982 fuisse
372 1922 537 1994 censetur,
566 1923 605 1982 ut
627 1916 775 1982 Christus
797 1915 943 1999 perfecto
966 1939 1101 2000 corpore
1133 1940 1173 1982 ex
1192 1917 1304 2000 Virgine

242 2021 439 2082 nasceretur.
494 2015 601 2104 Quum
636 2016 670 2079 in
706 2037 730 2080 s.
765 2015 908 2098 Deipara
938 2016 1071 2099 Virgine
1104 2018 1200 2100 juxta
1231 2016 1306 2098 Gaje·

242 2116 391 2197 11111111)
420 2115 523 2179 fuerit
545 2115 651 2179 omnis
676 2115 889 2197 congruentia
909 2121 977 2180 tam
1000 2123 1156 2198 exparte
1177 2122 1303 2188 naturae,

242 2235 341 2297 quarn
374 2235 413 2278 ex
445 2220 539 2296 parte
570 2215 697 2298 gratiae
730 2214 773 2278 ad
803 2215 878 2293 hoc,
919 2220 958 2278 ut
989 2214 1096 2279 Mater
1128 2216 1190 2280 Dei
1218 2215 1303 2289 fieret,

242 2313 442 2379 credendum
481 2320 549 2393 est,
592 2314 679 2397 quod
717 2313 752 2377 in
790 2312 850 2380 tali
886 2319 995 2378 aetate
1028 2313 1135 2378 Deum
1167 2312 1303 2394 concepit,

242 2434 309 2496 qua
339 2412 488 2496 perfecta
518 2413 583 2477 fuit
614 2413 649 2475 11
680 2417 770 2476 statu
803 2417 837 2475 et
869 2411 1054 2494 quantitate
1087 2413 1243 2496 corporis,
1276 2413 1305 2473 ut

243 2518 373 2576 tantum
405 2511 525 2576 donum
558 2533 624 2576 non
656 2511 761 2576 solum
793 2518 881 2577 esset
912 2512 1026 2576 datum
1057 2513 1230 2594 optimum,
1260 2505 1305 2573 sed

243 2612 364 2676 donum
389 2611 572 2694 perfectum
604 2617 638 2674 et
669 2608 907 2694 perfectissimo
936 2610 1032 2674 modo
1066 2611 1101 2673 iu
1128 2610 1188 2675 1111
1213 2613 1304 2674 aetate

243 2711 373 2806 datum3
410 2710 491 2774 item
520 2710 635 2787 etiam,
669 2709 746 2791 quia
781 2729 821 2772 ex
852 2729 988 2791 corpore
1026 2709 1057 2773 b.
1090 2709 1230 2792 Virginis
1262 2706 1304 2770 de·

216 2809 342 2874 *bebat
373 2808 510 2873 formari
541 2829 659 2890 corpus
691 2807 813 2872 Christi
840 2807 1114 2890 perfectissimum
1149 2807 1305 2874 secundum

241 2913 403 2972 naturam.
447 2906 570 2971 Debuit
602 2927 678 2989 ergo
710 2906 853 2989 Virginis
882 2928 999 2990 corpus
1027 2921 1097 2972 esse
1126 2903 1305 2992 perfectissi-

241 3027 331 3070 mum
362 3005 540 3070 secundum
568 3012 721 3071 naturam
752 3005 795 3070 ad
823 3007 1080 3088 generationem:
1117 3007 1175 3071 sed
1205 3023 1304 3086 corpus

242 3126 308 3170 non
339 3110 389 3168 est
420 3103 694 3186 perfectissimum
725 3105 902 3170 secundum
939 3111 1062 3171 statum
1100 3114 1178 3171 ante
1208 3100 1304 3187 viginti

241 3203 386 3287 quinque
408 3223 519 3268 annos.

305 3303 428 3368 Contra
447 3303 510 3367 hoc
532 3303 714 3381 dicendum,
735 3304 842 3367 omnia
860 3311 992 3388 praeter
1013 3311 1047 3368 11
1065 3327 1165 3388 supra
1185 3311 1303 3368 naturae

242 3423 373 3466 cursum
394 3401 483 3465 faeta
506 3423 576 3466 esse
598 3403 631 3465 11
658 3423 735 3466 casu
756 3409 868 3467 nostro
894 3423 955 3467 nec
977 3404 1107 3468 minime
1128 3405 1171 3470 ad
1190 3405 1303 3488 gignen-

242 3501 320 3564 dum
342 3507 410 3564 1111
431 3507 560 3566 matura
583 3508 733 3584 oportere
756 3508 873 3566 aetate.
917 3502 1091 3586 Repugnat
1110 3504 1190 3568 haec
1211 3500 1302 3584 opinio

241 3605 414 3682 praeterea
451 3601 693 3679 consuetudini,
736 3623 833 3684 quam
868 3601 986 3667 Judaei
1024 3602 1058 3665 in
1091 3599 1303 3667 contrahendis

192 3777 195 3785 Ι
240 3699 462 3782 sequebantur
493 3701 717 3788 matrimoniis.
763 3700 1035 3784 „Praecocissima
1062 3710 1172 3782 erant,
1211 3698 1301 3782 inquit

309 3932 328 3998 ²)
346 3931 378 3984 ln
394 3930 406 3983 Ι
421 3931 487 3985 Luc.
502 3948 562 4000 cap.
580 3933 616 3987 sd
631 3933 729 3989 verba:
747 3934 801 3999 „ad
818 3933 956 4002 virginem
973 3932 1191 3999 desponsatam.“
1222 3926 1300 3996 Ε1011

242 4013 370 4068 Monalos.
388 4015 406 4067 l.
424 4029 449 4068 1.
464 4013 511 4068 lib.
530 4015 565 4082 11,
583 4020 665 4070 tract.
682 4016 729 4072 lV.
748 4035 774 4072 n.
793 4020 815 4072 5.
