2728 4560
561 347 622 406 215

61 507 251 573 trahentium
286 527 444 571 consensu
480 507 514 570 11
550 505 700 589 copulam
736 504 982 570 matrimonium
1016 504 1132 571 confici

60 629 116 672 non
134 628 237 691 posse.
280 606 372 670 Inter
401 605 619 689 quadraginta
646 605 789 688 quinque
816 604 971 670 articulos
999 626 1019 669 a
1045 626 1139 670 con·
1221 669 1223 674 .

61 707 144 772 cilio
174 705 533 788 Constantiensifl),
552 711 759 770 enumeratos
789 710 823 769 et
844 705 1016 770 damnatos
1039 726 1131 769 error

60 807 169 871 citatus
191 806 325 890 quidem
351 827 417 870 non
444 805 645 882 continetu1·;
674 805 750 868 inde
781 825 857 868 vero
885 825 950 868 non
972 804 1129 886 sequitur,

61 927 123 970 eum
143 927 209 970 non
231 905 332 970 fuisse
355 906 552 970 damnatum.
596 903 680 968 Nam
706 904 833 968 1111145
856 903 1021 968 erroribus
1042 903 1131 968 dam-

60 1006 134 1070 natis
165 1011 333 1088 repertum
368 1004 447 1080 fuit,
485 1005 611 1088 aliquos
648 1009 682 1068 et
713 1004 823 1086 plures
858 1001 959 1067 fuisse
996 1022 1130 1084 esseque

60 1105 175 1168 notorie
196 1104 380 1168 haereticos
402 1109 435 1170 et
458 1125 478 1168 a
499 1103 620 1167 sanctis
643 1101 793 1185 patribus
814 1101 1021 1183 reprobatos3
1049 1101 1130 1166 alios

60 1221 114 1266 non
143 1202 334 1281 catholicos,
364 1202 422 1266 sed
444 1222 610 1280 erroneos3
644 1201 725 1266 alios
752 1200 960 1265 scandalosos
989 1207 1024 1265 et
1044 1199 1130 1264 blas·

60 1299 194 1380 phemos,
219 1301 377 1384 quosdam
397 1301 526 1384 piarum
547 1301 675 1364 aurium
697 1299 912 1392 offensivosfl)
955 1299 1032 1364 Ideo
1054 1306 1130 1382 post

61 1399 290 1467 damnationem
310 1401 442 1466 illorum
470 1400 683 1466 articulorum
705 1407 815 1483 patres
837 1397 980 1482 praefati
1002 1398 1131 1462 concilii

60 1497 130 1564 haec
161 1500 260 1564 verba
291 1501 507 1583 subjungunt:
540 1499 739 1582 „Propterea
770 1500 805 1563 in
836 1498 965 1562 nomino
998 1496 1130 1562 Domini

60 1599 153 1662 nostri
170 1599 248 1664 Jesu
271 1598 393 1663 Christi
413 1598 493 1664 haee
515 1604 628 1663 sancta
648 1597 794 1681 Synodus
817 1596 1014 1662 sententiam
1036 1618 1129 1679 prae-

60 1695 209 1762 dictorum
234 1698 560 1780 Archiepiseoporum
584 1704 618 1762 et
640 1697 777 1762 Concilii
800 1697 939 1761 Romani
961 1695 1129 1760 ratificans

61 1801 89 1858 et
115 1797 309 1878 approbans,
339 1797 524 1878 praedictos
552 1796 709 1860 articulos
739 1802 772 1860 et
799 1817 911 1860 eorum
940 1795 1127 1879 quemlibet,

60 1891 151 1959 libros
167 1895 311 1978 ejusdem
327 1895 491 1978 dialogum
508 1902 543 1960 et
557 1895 732 1978 trialogum
745 1895 807 1958 hoc
821 1901 980 1981 perpetuo
997 1895 1129 1959 decreto

62 1993 204 2074 reprobat
225 2000 259 2058 et
281 1994 505 2059 condemnat.“

117 2091 311 2158 Consensum
339 2115 568 2176 expressum
594 2093 634 2156 in
662 2092 843 2175 copulam
870 2115 946 2158 non
974 2093 1129 2176 requiri

63 2190 99 2253 ad
118 2193 312 2262 matrimonii
331 2193 482 2270 valorem,
506 2193 666 2276 probatur

115 2311 140 2354 a.
168 2313 231 2356 non
260 2291 365 2356 solum
393 2313 433 2356 ex
462 2313 514 2370 ec,
545 2291 633 2374 quod
654 2290 771 2373 copula
791 2312 857 2355 non
884 2291 927 2355 sit
954 2290 995 2354 de
1016 2291 1129 2355 matri·

63 2390 149 2452 monii
174 2391 329 2469 essentia,
360 2412 459 2473 quum
486 2390 731 2454 matrimonium
758 2396 836 2454 ante
863 2389 1013 2472 copulam
1033 2385 1128 2471 plene

64 2485 220 2568 subsistat,
254 2489 313 2554 sed
344 2489 451 2555 elucet
483 2510 611 2572 quoque
644 2509 684 2552 ex
715 2489 822 2553 verbis
854 2489 1127 2567 contrahentium,

64 2604 134 2665 quae
160 2609 224 2652 non
252 2588 437 2670 exprimant
463 2609 656 2653 consensum
676 2587 710 2651 in
737 2588 901 2670 copulam,
929 2588 987 2652 sed
1007 2588 1041 2651 in
1061 2588 1131 2652 vin-

64 2683 157 2749 culum
178 2686 347 2770 conjugale
368 2694 403 2752 et
423 2687 458 2751 11
479 2687 681 2770 conjugalem
702 2687 763 2751 1111
784 2694 818 2752 11
839 2686 986 2752 mulieris
1011 2688 1133 2751 associ-

64 2783 199 2851 ationem.

116 2884 216 2962 Quare
239 2886 387 2952 Doctor
410 2885 641 2969 Angelieus:
664 2885 776 2967 ,Sicut
795 2885 933 2950 earnalis
954 2884 1072 2969 copula
1092 2907 1127 2950 11

65 2978 150 3048 habet
166 2985 210 3050 ad
231 2985 489 3063 matrimonium,
511 2984 664 3068 inquit,³)
693 2985 741 3049 ita
763 3005 951 3063 consensus,
981 2984 1038 3068 qui
1061 3006 1128 3048 ma-

65 3079 235 3148 trimonium
255 3091 376 3162 causat,
396 3085 498 3149 estin
517 3084 680 3148 carnalem
700 3083 863 3166 copulam:
885 3084 1129 3150 matrimonium

65 3187 159 3246 autem
178 3205 243 3248 non
272 3191 322 3248 est
344 3184 563 3249 essentialiter
584 3184 656 3267 ipsa
678 3183 863 3268 conjunctio
885 3184 1040 3262 carnalis,
1070 3184 1128 3248 sed

67 3281 208 3356 quaedam
229 3283 401 3348 associatio
424 3283 485 3346 viri
514 3289 547 3348 et
568 3283 679 3347 uxoris
700 3283 734 3346 in
762 3282 874 3347 ordine
901 3282 944 3346 ad
964 3282 1128 3347 carnalem

67 3379 198 3458 copulam
220 3388 254 3446 et
271 3381 345 3460 alia,
366 3402 449 3465 quae
471 3403 511 3446 ex
529 3382 741 3465 consequenti
761 3381 804 3446 ad
820 3381 924 3445 virum
943 3387 976 3445 et
993 3402 1127 3446 uxorem

66 3478 228 3558 pertinent,
259 3481 436 3545 secundum
457 3481 544 3563 quod
566 3481 612 3544 111
642 3480 739 3545 datur
759 3487 906 3563 potestas
935 3481 1127 3544 1111111111

66 3584 198 3660 respectu
221 3580 361 3644 carnalis
390 3580 540 3663 copulae,
571 3586 605 3644 et
634 3580 715 3644 haee
744 3579 917 3644 associatio
947 3579 1127 3662 conjugalis

66 3676 308 3755 copuladioitur.
337 3679 422 3763 Ergo
440 3701 614 3744 consensus
631 3679 665 3743 in
680 3679 924 3750 matrimonium
938 3678 1127 3744 nullatenus

68 3826 244 3842 Ἣ

121 3909 138 3975 ¹)
154 3910 221 3966 Sess.
240 3911 315 3966 Vllt.
356 3911 377 3977 2)
395 3909 450 3965 efr.
470 3910 582 3964 Summa
603 3911 791 3966 conciliorum
811 3927 862 3982 per
884 3909 1129 3964 Bartholomaeum

66 3984 183 4046 Carranza
198 4012 260 4064 pag.
273 3995 331 4049 652.
364 3994 385 4060 8)
403 3994 435 4046 11
453 3991 593 4062 Supplem.
608 3995 644 4048 ad
657 3995 708 4061 111,
720 4009 748 4062 p.
761 4010 787 4063 q.
802 3992 929 4058 xnvrtt,
943 3997 994 4047 art.
1010 3995 1022 4045 l
1037 3994 1126 4048 concl.
