2782 4554
763 342 824 402 570

249 502 331 566 Eam
348 507 459 567 tamen
475 499 643 578 homiliam
658 498 807 565 nonnulli
823 501 961 566 credunt
978 523 1048 568 esse
1065 504 1179 588 cyrilli
1196 507 1335 576 Alexan-

250 600 349 680 drini,
379 621 445 667 non
466 599 652 679 Athanasii,
682 621 783 684 quum
809 599 844 664 in
872 621 911 665 ea
936 600 1241 682 homiliaNestorii
1261 609 1336 675 hae·

250 700 331 766 resis
355 698 552 765 confutetur.
596 699 660 764 Sed
681 699 742 763 hoc
764 706 992 781 argumentum
1020 723 1086 766 non
1107 705 1240 776 omnino
1264 729 1334 774 con-

249 799 365 878 vincit,
396 799 474 883 quia
494 797 645 864 fortassis
667 819 706 862 ea
727 797 861 862 homilia
890 805 940 863 est
961 799 1134 866 Athanasii
1163 810 1198 869 et
1220 805 1333 873 deinde

249 898 424 980 abaliquo
446 904 522 963 sunt
544 898 674 980 adjecta
696 919 744 975 ea,
774 896 892 981 qu'ibus
914 897 1059 964 Nestorii
1079 901 1225 970 haeresis
1248 906 1333 972 dam-

250 998 378 1063 naturs‘
428 997 673 1080 Sophronius
704 1017 790 1060 anno
821 1002 880 1078 395
909 991 1028 1064 florens
1058 1000 1098 1065 de
1130 1001 1161 1066 h.
1191 1003 1331 1088 Virginis

249 1097 479 1180 Assumptione
502 1096 674 1180 epistolam
696 1097 737 1162 ad
753 1096 889 1162 Paulam
911 1104 945 1162 et
960 1098 1176 1165 Eustochium
1194 1104 1332 1187 scripsit

250 1196 340 1274 Quae
362 1196 494 1280 quidem
515 1195 711 1262 attribuitur
731 1217 751 1260 a
773 1196 969 1280 quibusdam
990 1199 1185 1265 authoribus
1207 1202 1239 1267 d.
1261 1203 1333 1268 Hie·

249 1317 399 1378 ronymo,
430 1295 507 1360 dum
528 1296 687 1360 Baronius
699 1297 722 1377 ¹)
752 1316 823 1360 eam
844 1296 976 1380 utrique
1001 1297 1156 1382 denegat3
1188 1301 1333 1367 Honora·
1386 1363 1387 1380 ,

249 1401 302 1460 tus
310 1396 336 1486 l)
364 1402 475 1460 tamen
504 1402 538 1459 et
563 1393 789 1475 Possevinus³)
819 1394 993 1477 Sophronii
1021 1418 1091 1461 esse
1119 1400 1330 1466 contendunt.
1386 1385 1387 1462 l

248 1495 359 1559 Etiam
391 1517 415 1558 s.
445 1494 620 1576 Gregorius
651 1493 926 1575 Nazianzenus,⁴)
959 1494 1109 1560 Gelasius
1141 1497 1166 1561 Ι.
1196 1496 1295 1582 Papa,
1308 1502 1331 1580 ⁵)

248 1588 408 1660 Andreas
420 1593 585 1659 Cretensis
594 1595 619 1674 ⁶)
640 1593 737 1674 hujus
758 1591 835 1656 festi
857 1592 1056 1657 mentionem
1077 1593 1215 1660 faciunt.

310 1695 340 1758 b.
375 1694 561 1759 Octavam
581 1691 657 1756 huic
679 1692 764 1756 festo
786 1690 914 1756 addidit
935 1713 958 1756 s.
982 1691 1058 1756 Leo
1077 1693 1135 1759 IV.
1155 1712 1244 1761 anno
1263 1703 1329 1761 847.
1386 1729 1387 1738 ¹

135 1867 138 1870 ,
248 1788 430 1871 Rationem,
453 1815 512 1858 cur
532 1792 593 1856 hoc
614 1789 740 1869 fecerit,
760 1789 863 1856 refert
883 1790 1044 1858 Platina
1064 1794 1097 1858 in
1119 1795 1188 1860 vita
1204 1796 1329 1862 Leonis.

249 1893 380 1975 ,Hunc,
409 1892 533 1976 inquit,
567 1897 680 1956 tantae
710 1890 896 1956 sanctitatis
925 1891 1026 1957 fuisse
1056 1900 1204 1974 constat,
1235 1903 1274 1961 ut
1300 1903 1331 1960 et

247 1992 436 2058 basiliscum
471 1996 657 2075 serpentem
693 1990 804 2072 (quem
835 1990 946 2055 Latini
981 1990 1130 2074 regulum
1165 1994 1330 2077 appellare
1386 2067 1387 2080 ἶ

247 2094 398 2175 possunt)
428 2093 495 2156 suis
524 2088 726 2156 orationihus
756 2109 773 2152 e
802 2087 926 2154 fornice
955 2113 979 2154 s.
1002 2090 1122 2160 liuciae
1144 2092 1280 2174 virginis
1299 2095 1330 2156 in

248 2190 372 2255 Orthea
393 2189 564 2272 expulerit,
585 2188 676 2271 cujus
698 2186 805 2252 halitu
827 2196 860 2254 et
885 2209 1007 2254 veneno
1028 2189 1125 2255 multi
1143 2191 1329 2258 mortalium

246 2289 428 2371 perierant3
452 2295 485 2353 et
506 2287 692 2352 incendium
713 2285 796 2351 illud
817 2287 908 2369 signo
931 2289 1036 2354 crucis
1058 2291 1226 2371 exstinxit,
1245 2291 1330 2375 quod

248 2389 304 2453 diu
337 2411 395 2471 per
432 2387 544 2453 domos
577 2386 741 2452 Saxonum
780 2394 814 2450 et
845 2385 1135 2470 longobardorum
1167 2398 1328 2473 vagatum,

247 2489 314 2553 divi
334 2489 424 2554 Petri
445 2487 605 2553 Basilicas
634 2486 927 2569 appropinquabat.
971 2486 1041 2552 Hoc
1069 2493 1180 2554 autem
1207 2488 1327 2554 factum

247 2595 298 2652 est
319 2594 434 2653 octava
455 2586 508 2651 die
529 2586 570 2652 ab
594 2585 824 2668 Assumptione
846 2585 876 2650 b.
896 2586 958 2650 Dei
976 2587 1160 2666 GenitriciS,
1183 2589 1241 2672 qui
1261 2589 1326 2652 dies

245 2693 362 2769 postea
383 2693 420 2750 ut
442 2685 547 2750 festus
569 2683 754 2749 celebratus
777 2691 912 2750 estnon
933 2685 1028 2768 longe
1050 2708 1070 2751 a
1091 2687 1229 2752 basilica
1247 2689 1325 2754 Lan-

246 2785 346 2849 rentii
366 2782 521 2865 Martyris
544 2790 638 2848 extra
659 2783 818 2847 moenia.“
862 2783 1016 2848 Decrevit
1036 2786 1110 2850 ideo
1139 2809 1164 2850 s.
1186 2787 1263 2866 Leo,
1290 2795 1324 2851 ut

247 2883 369 2948 Octava
396 2884 427 2947 b.
451 2881 593 2965 Virginis
615 2879 856 2965 Assumptionis
882 2883 916 2947 in
937 2884 1083 2950 Ecclesia
1105 2885 1253 2950 Romana
1277 2906 1323 2950 ce·

246 2981 475 3063 lebraretur.l)

184 3161 185 3164 Ἴ
309 3104 335 3146 c.
366 3080 387 3146 J
394 3080 569 3163 ejunium
597 3081 631 3144 in
659 3081 756 3165 hujus
785 3081 863 3146 festi
891 3081 1002 3165 vigilia
1020 3083 1088 3166 jam
1117 3090 1218 3148 autea
1238 3082 1322 3148 insti·

245 3187 355 3247 tutum
376 3179 493 3258 luisse,
527 3181 636 3247 elucet
657 3203 697 3246 ex
719 3203 773 3260 eo,
804 3182 892 3264 quod
913 3182 1103 3248 Nicolaus
1124 3183 1161 3261 1,
1191 3184 1248 3267 qui
1267 3182 1321 3246 Ec·

245 3280 364 3362 clasiae
401 3299 551 3362 praeesse
583 3280 692 3362 coepit
725 3301 811 3345 anno
839 3287 909 3360 858,
938 3281 973 3346 in
1011 3281 1150 3363 epistola
1191 3303 1250 3347 sua
1282 3278 1320 3344 ad

245 3377 403 3462 Bulgaros
435 3378 618 3460 scripserit,
651 3378 712 3443 hoc
741 3379 917 3462 jejunium,
951 3403 971 3445 a
1002 3382 1150 3446 Romana
1181 3379 1318 3446 Ecclesia

312 3578 331 3643 ¹)
348 3576 447 3631 Annal.
469 3576 547 3632 Eccl.
571 3581 637 3631 tom.
657 3575 677 3641 l,
702 3577 738 3630 ad
762 3594 825 3632 ann.
841 3579 883 3634 48.
925 3580 946 3643 ²)
964 3578 1156 3634 Animadvers.
1179 3579 1215 3632 ad
1239 3575 1319 3646 regul.

244 3663 273 3714 et
290 3675 368 3714 usum
383 3659 505 3730 'critices
522 3663 589 3713 tom.
607 3657 628 3726 l,
645 3658 710 3713 diss.
727 3661 751 3714 3.
793 3661 814 3727 ³)
833 3661 965 3729 Apparet
991 3677 1059 3716 sacr.
1083 3666 1150 3715 tom.
1168 3661 1190 3726 l,
1215 3661 1243 3715 in
1260 3659 1317 3712 Hie·

202 3737 208 3748 '
243 3759 321 3810 rony.
339 3757 382 3809 op.
397 3745 421 3796 ὃ.
454 3741 475 3808 ⁴)
492 3741 525 3794 In
541 3740 666 3810 tragosd.
685 3742 739 3807 „de
754 3739 864 3796 Christo
882 3742 1033 3810 patienter*
1065 3743 1087 3810 ⁵)
1105 3743 1137 3796 ln
1154 3760 1203 3798 sno
1220 3742 1316 3796 codice.

243 3823 264 3892 ⁶)
282 3824 314 3877 ln
331 3828 401 3879 orat
419 3824 473 3890 „ds
497 3824 609 3894 dormit.
626 3821 789 3892 Deiparac.“
831 3826 851 3888 ll
869 3824 923 3881 cfr.
940 3825 1119 3894 Sicgebertus
1143 3827 1172 3880 in
1189 3825 1316 3882 Chronico

242 3923 286 3960 an.
310 3908 371 3973 847;
398 3906 559 3961 Anastasius
582 3907 611 3958 in
635 3906 692 3960 vita
715 3905 816 3969 Leonis
842 3907 894 3975 lV;
919 3907 1055 3964 Batonius
1079 3909 1178 3964 Annal.
1203 3914 1268 3964 tom.
1288 3903 1317 3958 X.

242 4003 286 4042 an.
304 3988 352 4040 847
358 4007 364 4054 ;
383 3987 552 4059 Benedictus
569 3987 643 4051 xlv,
661 3987 679 4042 l.
696 4003 720 4042 c.
737 4005 764 4042 n.
780 3991 820 4042 27.
1050 3991 1053 3996 “
