2772 4550
572 345 632 407 553

52 505 183 572 Deinde
209 525 287 571 vero
315 506 524 572 sacerdotum
551 506 702 571 manibus
722 507 865 592 Josepho
894 508 1141 576 ad.custodiam

52 612 106 671 est
126 605 262 684 tradita,
281 605 371 688 apud
391 625 497 689 quom,
517 626 619 688 quum
640 625 767 671 menses
788 606 968 690 peregisset
988 615 1140 691 quatuor,

51 704 93 769 ab
115 703 241 788 Angelo
260 704 413 769 Gabriele
430 704 556 769 laetum
573 702 668 768 illum
688 706 817 789 accepit
833 706 1017 772 nuntium.“
1047 706 1142 772 Hanc

51 803 253 870 sententiam
274 803 315 868 de
333 803 594 887 Desponsatione
612 801 702 868 facta
719 808 863 887 quatuor
880 804 1046 870 mensibus
1064 811 1142 870 ante

51 903 237 988 angelicam
272 902 503 968 salutationem
539 907 722 985 sequuntur
758 903 960 985 canisius,¹)
997 903 1142 968 Christo-

50 1004 179 1086 phorus
200 1023 221 1066 a
242 1001 396 1083 Castro,²)
418 1001 523 1066 Lucas
545 999 734 1083 Pincllus,⁸)
757 1001 894 1066 Carolus
919 1001 1141 1086 Stengeliusl)

50 1103 199 1167 Joannos
216 1100 344 1165 Laurus
366 1101 596 1182 desponsatam
618 1121 690 1164 eam
710 1099 811 1166 fuisse
834 1100 915 1166 dicit
937 1099 1142 1165 (11125,Νο-

52 1199 211 1266 vembris.

117 1298 255 1363 Possent
276 1297 362 1361 forte
385 1295 482 1379 juxta
503 1295 730 1360 Colvenerium
757 1296 903 1362 diversae
929 1297 991 1362 hae
1013 1303 1143 1362 senten-

52 1399 123 1464 tiae
157 1418 194 1462 eo
207 1409 212 1422 '
227 1395 410 1474 conciliari,
446 1394 536 1478 quod
568 1395 767 1478 duplicem
809 1395 1047 1480 distinguamus
1081 1396 1142 1461 de-

54 1486 372 1580 sponsationem:
394 1515 493 1558 unam
513 1515 574 1578 per
594 1495 693 1560 verba
716 1494 756 1559 de
777 1493 900 1573 future,
923 1497 1062 1562 alteram
1083 1517 1143 1579 per

53 1595 158 1661 verba
186 1594 227 1658 de
255 1592 422 1677 praesenti
448 1592 581 1659 factam.
624 1594 826 1676 Intelligitur
854 1600 965 1659 autem
986 1594 1067 1658 haec
1095 1593 1142 1658 fe-

54 1695 187 1760 stivitas
209 1692 250 1758 de
272 1691 523 1774 desponsat-ione
544 1712 604 1773 per
624 1690 724 1756 verba
746 1691 786 1755 de
807 1693 982 1774 praesenti.

121 1798 150 1858 3.
186 1791 294 1858 Variis
324 1790 529 1873 temporibus
562 1790 624 1856 hoo
659 1791 919 1873 desponsationis
953 1790 1077 1856 festum
1108 1792 1142 1855 in

54 1891 207 1957 Ecclesia
234 1890 428 1955 celebratur.
472 1890 525 1956 Sic
553 1909 602 1972 vg.
631 1890 666 1953 in
694 1889 801 1954 Gallia
830 1889 882 1954 die
912 1893 960 1954 22.
982 1889 1141 1954 Januarii.

55 1992 121 2056 Die
154 1996 182 2053 7.
212 1988 324 2054 Martii
359 1987 441 2052 illud
473 1987 640 2053 celebrare
679 2008 867 2053 concessum
902 1995 952 2054 est
983 1988 1144 2054 fratribus

55 2088 257 2167 Minoribus,
299 2087 352 2152 die
393 2093 421 2152 8.
458 2087 571 2152 Martii
608 2085 767 2152 fratribus
807 2088 930 2152 ordinis
970 2079 1144 2154 Servorum

56 2190 94 2254 B.
125 2188 250 2252 Mariae
278 2187 430 2270 Virginis.
480 2188 518 2251 In
547 2186 620 2251 aliis
651 2186 838 2269 regionibus
870 2187 922 2252 die
954 2192 1000 2251 19.
1030 2187 1144 2252 Martii
1176 2222 1179 2230 ·

56 2288 110 2354 vel
131 2287 185 2352 die
209 2292 255 2352 18.
273 2287 355 2352 Julii
376 2284 577 2364 celebratur;
598 2286 633 2350 in
655 2284 768 2351 ordine
790 2286 1068 2352 Annuntiatarum
1090 2285 1143 2350 die

58 2390 110 2452 22.
135 2385 296 2451 Octobris.

120 2491 150 2549 4.
183 2484 423 2568 subjungamus
450 2482 503 2548 hie
523 2483 681 2549 nonnulla
707 2483 748 2548 de
776 2483 923 2548 annulo
952 2483 1142 2566 pronubo.

56 2584 186 2649 Perusii
220 2583 255 2647 in
282 2581 419 2648 Umbria
450 2582 591 2647 annulus
623 2589 787 2660 servatur,
825 2604 922 2666 quem
952 2582 1144 2648 beatissima
1269 2621 1272 2625 -

58 2683 158 2765 Virgo
179 2681 324 2746 induisse
346 2681 477 2760 dicitur,
501 2703 602 2764 quum
623 2703 647 2746 s.
664 2681 808 2765 Joscpho
829 2683 951 2766 nupsit.
996 2682 1056 2747 Est
1076 2681 1143 2760 ille,

60 2789 99 2848 ut
118 2783 139 2848 J
146 2803 292 2848 oannes
321 2781 508 2865 Baptista
535 2782 723 2864 Laurus⁵)
745 2781 857 2861 refert,
881 2801 1046 2864 egomma
1067 2801 1144 2864 ony-

59 2882 157 2947 china
178 2880 283 2946 solida
304 2888 472 2959 constans,
508 2902 606 2964 quam
627 2882 848 2966 amethystum
869 2881 940 2960 alii,
971 2880 1027 2944 alii
1056 2879 1144 2945 chal-

59 2981 234 3047 cedonium
253 2981 410 3047 vocitant.
454 2980 549 3045 Hunc
578 2981 734 3046 annulum
755 2981 835 3047 tulit
854 2981 889 3044 in
909 2967 1042 3044 ltaliam
1062 2984 1145 3043 tem-

59 3100 139 3164 pore
168 3079 305 3145 Comitis
333 3078 479 3164 Hugonis
511 3080 554 3144 ad
582 3101 703 3146 annum
734 3086 815 3145 1100
846 3078 980 3162 quidam
1011 3078 1145 3142 veniens

62 3201 101 3244 ex
122 3177 372 3261 Hierosolymis,
403 3178 460 3262 qui
481 3199 556 3243 eum
577 3178 700 3244 obtulit
719 3177 873 3242 Rainerio
895 3176 1025 3241 cuidam
1046 3176 1145 3242 comi·

61 3279 161 3344 tissac
183 3276 317 3342 famulo.
356 3277 528 3342 Rainerius
550 3276 671 3341 detulit
692 3276 848 3341 annulum
869 3276 912 3341 ad
929 3275 1144 3353 Comitissam,

62 3397 163 3461 quum
181 3382 332 3441 mortuus
361 3374 479 3442 fuisset
499 3376 614 3441 unicus
636 3376 782 3441 Rainerii
806 3374 893 3440 filius
923 3381 957 3439 et
977 3373 1090 3438 illatus
1110 3372 1145 3437 in

61 3473 225 3540 tumulum
262 3474 425 3558 tantisper
462 3475 648 3554 revixisset,
688 3481 726 3540 ut
764 3473 927 3540 revelaret
964 3472 1146 3556 pretiosum

62 3575 269 3651 thesaurum,
299 3594 364 3656 quo
393 3573 537 3639 revelato
566 3573 695 3656 placide
723 3578 872 3638 mortuus
902 3578 966 3650 est,
998 3576 1032 3635 et
1059 3590 1147 3635 oam-

130 3740 151 3805 ¹)
168 3737 210 3792 De
227 3739 254 3792 b.
268 3737 358 3791 Maria
372 3737 422 3792 lib.
439 3737 474 3804 V,
490 3753 534 3805 cp.
548 3741 572 3792 l.
605 3739 628 3804 ²)
645 3738 770 3792 Historia
787 3737 925 3806 Deiparae
941 3752 984 3804 op.
1003 3735 1051 3801 IV,
1069 3735 1146 3790 114.

62 3820 83 3887 ⁸)
100 3819 134 3874 ln
150 3818 369 3874 Mediationibns
386 3820 421 3874 de
438 3819 496 3874 vita
512 3819 543 3874 B.
560 3819 674 3874 Mariae.
706 3821 730 3886 ⁴)
748 3818 781 3872 11
799 3819 864 3875 vita
879 3836 900 3873 ι.
917 3817 1032 3886 Josepbi
1049 3833 1092 3887 cp.
1111 3816 1147 3874 ll.

62 3904 83 3967 ὅ)
100 3903 133 3958 11
145 3902 353 3960 Commentario
369 3902 404 3956 de
420 3902 474 3959 hoo
491 3903 602 3958 annulo.
614 3903 719 3958 Romae
731 3905 804 3959 1622,
837 3903 859 3968 ⁸)
876 3901 931 3958 Cir.
949 3900 1099 3956 Bollendus
1115 3900 1146 3955 in

64 3985 128 4042 vitu
144 4004 166 4042 s.
184 3985 308 4056 Josephi.
