2730 4564
531 363 587 422 121

46 551 91 594 nec
113 529 149 594 ab
175 527 247 611 ipso
275 533 442 604 naturam,
471 541 646 608 personam
673 517 809 602 accepit
858 516 923 583 Sed
950 512 1101 580 Glnistns

46 651 94 694 non
115 627 258 712 procedit
286 627 321 691 in
350 625 491 709 Spiritus
523 645 547 688 s.
578 619 826 686 similitudinem
856 621 896 681 ut
923 614 1034 679 Dens
1059 645 1100 660 -

46 729 79 792 sio
97 729 172 792 enim
192 726 344 811 procedit
371 725 477 790 solum
506 723 541 787 in
569 719 818 786 similitudinem
838 715 963 793 Patris3
994 731 1100 796 neque

46 835 72 891 ut
94 827 214 906 homo,
250 826 328 910 quia
354 831 507 890 naturam
535 841 593 886 sen
622 839 739 902 corpus
767 837 834 882 non
860 837 882 880 a
910 813 1036 897 Spiritu
1064 833 1100 888 a,

46 927 87 990 sed
112 947 129 991 a
157 925 187 991 b.
220 925 355 1007 Virgine
387 920 516 1005 accepit
549 919 715 984 mediante
747 915 879 1000 quidem
910 911 1101 996 operatione

47 1026 159 1108 Spiritus
181 1025 305 1103 sancti,
335 1022 392 1106 qui
420 1042 461 1086 ex
489 1021 559 1103 ejus
580 1017 736 1100 sanguine
757 1013 911 1080 formavit
936 1033 1053 1094 corpus
1075 1031 1099 1074 s.

46 1123 240 1202 humanitatis,
260 1122 401 1187 sednon
419 1127 457 1185 ut
478 1141 498 1184 a
519 1139 618 1184 causa
635 1115 781 1194 formali3
804 1113 946 1197 Spiritus
968 1133 992 1175 s.
1014 1109 1101 1174 enim

45 1230 154 1288 nonest
173 1222 282 1287 homo.
321 1220 416 1286 Unde
435 1220 583 1285 Christus
606 1217 727 1282 dicitur
743 1215 846 1281 Filius
864 1213 927 1278 Dei
949 1217 983 1276 et
1000 1209 1103 1274 Filius

45 1322 169 1386 hominis:
199 1321 305 1388 Filius
331 1321 393 1384 Dei
421 1319 550 1384 ratione
577 1323 717 1382 naturae
746 1313 874 1379 dinnao
902 1318 1054 1394 receptae
1082 1328 1102 1372 a

46 1419 118 1486 Patre
137 1423 170 1487 in
191 1419 404 1506 generatione
425 1422 575 1494 aetema3
596 1414 699 1480 Filius
721 1433 797 1478 vero
815 1410 955 1477 hominis
973 1409 1102 1510 ratione

45 1528 154 1586 naturae
189 1522 354 1586 humanae
390 1538 411 1580 a
445 1516 477 1580 b.
510 1514 643 1598 Virgine
682 1513 717 1577 in
754 1519 902 1594 tempore
938 1515 1101 1592 acceptae.

45 1617 143 1684 Rursus
162 1641 229 1685 non
258 1617 347 1684 solus
368 1617 510 1699 Spiritus
531 1637 571 1694 s.,
599 1613 658 1679 sed
678 1620 746 1678 tres
773 1633 813 1676 ss.
834 1610 1006 1675 Trinitatis
1027 1608 1104 1672 Per-

45 1737 121 1782 sonae
145 1718 370 1784 formaverunt
398 1738 422 1780 a.
444 1714 699 1792 humanitatem3
727 1710 833 1776 solnm
861 1731 936 1774 vero
958 1708 1103 1775 Verbum

45 1824 154 1882 naturae
178 1818 344 1882 hnmanae
370 1813 576 1897 hypostatice
604 1811 734 1877 unitum
761 1816 826 1887 est,
856 1807 944 1873 unde
972 1829 1013 1872 ea
1033 1806 1103 1872 sola

44 1913 139 1979 dieitur
165 1917 347 1981 incarnata.
390 1913 443 1977 Ita
471 1909 621 1995 expresse
648 1910 746 1975 docet
774 1931 797 1974 s.
822 1908 1102 1992 Augustinus:

45 2013 223 2099 ,Conceptus
256 2019 307 2078 est
334 2011 527 2094 (Christus),
561 2010 720 2094 inquit,¹)
755 2010 796 2074 de
825 2009 951 2092 Spiritu
979 2012 1102 2086 sancto,

44 2119 119 2177 natus
136 2136 174 2178 ex
189 2113 299 2178 Maria
313 2111 455 2194 Virgine.
493 2110 642 2175 Christus
664 2109 750 2174 enim
771 2129 837 2173 non
858 2108 898 2173 de
918 2106 1104 2172 substantia

46 2209 169 2292 Spiritus
191 2211 315 2290 sancti,
349 2211 407 2275 sed
435 2210 475 2275 de
504 2210 668 2294 potentia3
701 2231 761 2274 nec
789 2209 1013 2293 generatione,
1046 2207 1104 2272 sed

44 2307 159 2389 jussione
182 2319 217 2376 et
239 2309 467 2375 benedictione
488 2315 666 2392 conceptus
688 2309 768 2374 est.“

523 2477 555 2560 5.
579 2473 613 2542 2.

215 2608 249 2674 S.
279 2606 412 2670 Maria
439 2605 481 2670 in
508 2613 633 2690 partu
660 2606 788 2690 Virgo
816 2604 910 2670 fuit.

90 2736 238 2822 Magnum
254 2738 401 2822 profecto
419 2737 621 2816 miraculum,
640 2738 728 2822 quod
746 2737 893 2803 s..Maria
908 2735 1106 2822 virginitatis

46 2835 142 2902 tirtute
173 2839 332 2904 decorata
362 2837 510 2920 potuerit
545 2837 731 2920 concipere,
768 2831 871 2903 multo
904 2835 1107 2920 splendidius

46 2933 189 3020 majusque
222 2936 431 3016 miraculum,
469 2936 558 3019 quod
588 2937 776 3020 virginitate
807 2943 961 3002 manente
992 2935 1107 3000 illaesa

46 3037 186 3116 pepererit
227 3035 330 3119 Virgo
371 3035 645 3118 incomparabilis.
703 3035 780 3100 Fuit
817 3035 916 3119 Virgo
956 3034 992 3099 in
1032 3057 1108 3100 con-

46 3134 185 3215 ceptione,
219 3135 299 3220 quia
319 3156 414 3199 nemo
443 3156 514 3199 eam
541 3135 705 3218 cognovit;
734 3133 933 3218 splendescit
952 3133 1052 3216 Virgo
1073 3134 1108 3197 in

46 3240 135 3313 partu,
164 3256 252 3318 quae
281 3234 391 3300 clauso
413 3240 508 3298 utero
530 3255 569 3298 ac
590 3234 660 3298 sine
687 3234 799 3300 dolore
827 3255 921 3298 suum
942 3233 1110 3316 pepererit

46 3326 148 3396 Filium.

91 3429 156 3495 Non
188 3431 326 3498 defuere
358 3431 536 3496 adversarii
567 3452 672 3515 neque
703 3439 830 3497 veteres
861 3452 968 3515 neque
996 3451 1109 3496 recen-

45 3526 124 3595 tiores
159 3531 361 3615 virginitatis
398 3531 530 3596 laudem
561 3531 685 3596 Mariae
725 3532 826 3597 etiam
857 3532 891 3596 in
922 3537 1022 3616 partu
1053 3531 1109 3596 de-

47 3628 154 3695 trahere
187 3653 255 3696 non
294 3630 492 3696 dubitantes.
547 3630 692 3708 Quorum
723 3637 819 3714 pater
855 3630 1110 3696 considerandus

48 3734 85 3790 est
107 3729 125 3794 J
132 3732 373 3808 ovinianus,
404 3729 460 3813 qui
489 3751 513 3794 s.
535 3730 697 3813 Deiparae
723 3731 945 3814 virginitatem
973 3731 1007 3794 in
1033 3751 1110 3795 con-

49 3859 223 3876 5——

99 3930 116 3994 ι)
131 3927 218 3985 serm.
236 3933 253 3985 o
270 3927 306 3983 ue
326 3889 465 3998 sapam
490 3928 541 3983 eu.
560 3929 744 3986 Euchirioion
762 3947 805 4002 ep.
827 3929 981 3987 xxxvur.
1015 3928 1111 3985 rheu.

49 4003 140 4064 latrum
157 4017 273 4068 anctore
291 4011 397 4066 Bonoat
414 4015 479 4066 tom.
497 4010 530 4080 V,
549 4011 612 4067 diss.
630 4015 654 4068 3.
1225 4014 1227 4018 ’
