2728 4554
764 385 824 444 430

316 573 346 608 a.
379 543 477 608 titulo
504 544 738 622 creationis,
770 566 835 608 non
864 543 972 627 quoad
994 545 1204 611 existentiam
1223 547 1317 631 physi-

253 665 324 708 cam
354 649 388 708 et
415 641 642 724 temporalem,
672 641 730 706 sed
757 642 865 725 quoad
885 643 1136 709 intentionalem
1162 645 1196 709 in
1223 653 1317 711 mente

255 749 288 807 et
323 743 407 807 serie
443 741 648 822 decretorum
681 741 750 805 Dei.
805 741 911 818 Quare
947 742 990 806 ad
1019 742 1111 807 illam
1147 743 1319 810 referuntur

253 841 365 906 verba:
377 840 402 923 ¹)
424 839 494 922 ,Ab
512 839 606 903 initio
627 845 660 903 et
678 846 754 903 ante
774 840 904 904 saecula
922 847 1034 904 creata
1052 843 1155 905 sum.“
1186 843 1221 907 Β.
1233 844 1318 926 Virgo

254 947 304 1004 est
335 939 440 1021 prima
476 939 575 1004 etiam
608 937 994 1020 praedestinatione.
1044 939 1247 1024 „Antequam
1278 943 1320 1006 Fi·

254 1038 318 1102 lius
341 1037 560 1102 decanatus
583 1043 641 1115 est,
664 1037 771 1119 inquit
800 1035 829 1099 d.
860 1035 1157 1121 Augustinus,²)
1186 1040 1220 1104 in
1238 1062 1319 1123 prae·

255 1137 472 1202 destinatione
499 1143 635 1201 noverat
655 1135 809 1213 Matrem,
840 1142 874 1199 et
901 1136 1176 1218 quemadmodum
1201 1147 1318 1203 noverat

253 1237 358 1320 ipsam
378 1243 416 1300 ut
432 1235 573 1300 Matrem
594 1256 694 1313 suam,
713 1234 761 1298 ita
780 1234 878 1317 elegit
894 1234 999 1316 ipsam
1022 1233 1057 1296 in
1073 1233 1213 1301 Matrem
1230 1238 1317 1302 totius

253 1335 397 1400 mundi.“
439 1335 586 1417 Apparet
603 1334 637 1397 b.
660 1334 758 1416 Virgo
780 1333 997 1416 primogenita
1017 1333 1178 1399 Altissimi
1198 1334 1262 1400 filia

318 1441 347 1516 β.
393 1434 490 1500 titulo
530 1433 827 1515 redemptionis.
890 1432 1067 1498 Consuevit
1106 1433 1193 1498 enim
1226 1435 1318 1499 divina

145 1597 148 1602 ,
174 1577 177 1583 -
253 1534 384 1598 bonitas
405 1554 464 1616 pro
484 1531 689 1610 muneribus,
718 1531 760 1595 ad
782 1551 865 1614 quae
887 1531 1030 1613 aliquem
1052 1531 1166 1615 elegit,
1188 1534 1317 1616 redemp-

254 1633 378 1699 tionem
398 1631 485 1696 illius
512 1638 666 1696 statuere.
711 1630 795 1695 Hinc
824 1652 848 1695 s.
870 1630 1026 1709 loannes,
1056 1653 1246 1714 praecursor
1265 1633 1318 1696 Do

170 1749 173 1756 ’
253 1734 333 1797 mini
361 1731 474 1797 Nostri
504 1731 643 1808 electus,
675 1729 834 1812 peculiari
861 1729 957 1793 modo
989 1729 1174 1795 redimatur
1204 1751 1318 1796 necesse

255 1839 313 1897 est.
350 1832 457 1909 Quare
475 1829 643 1914 praevenit
665 1829 733 1911 ejus
752 1827 968 1893 Nativitatem
988 1829 1115 1910 gratiae
1136 1851 1213 1895 suae
1233 1830 1317 1894 abun-

241 1932 375 2009 dantia,
396 1929 562 2012 originalis
584 1928 698 2010 culpae
718 1927 942 1991 exstinctione.
982 1926 1026 1991 At
1050 1949 1193 2011 quanam
1209 1929 1317 1994 ratione

254 2030 284 2094 b.
302 2029 445 2112 Virginis
468 2027 649 2109 redemptio
672 2025 844 2108 singularis
867 2026 938 2104 erit,
958 2026 985 2090 si
1008 2025 1067 2090 illa
1087 2049 1153 2092 non
1175 2036 1223 2094 est
1241 2049 1317 2111 prae

254 2128 437 2199 servativat
461 2127 552 2192 Hanc
575 2126 660 2190 enim
679 2124 782 2190 multo
805 2124 997 2189 nobiliorem
1020 2147 1091 2190 esse
1112 2128 1317 2211 redemptione

253 2227 442 2306 liberativa‚
486 2247 584 2308 supra
623 2223 728 2288 fusius
768 2223 977 2288 ostendimus.
1040 2225 1148 2303 Quare
1192 2225 1316 2310 perbelle

254 2326 536 2392 Trombellius:
569 2323 766 2406 ,Acceleres
789 2323 940 2406 inquit,³)
971 2331 1132 2406 quantum
1153 2326 1241 2404 velis,
1259 2345 1316 2407 gra-

249 2425 320 2489 tiae
356 2445 540 2502 occursum,
578 2444 697 2505 augeas
733 2421 878 2504 ejusdem
913 2422 1039 2504 gratiae
1075 2423 1258 2489 ubertatem
1287 2443 1316 2485 ac

144 2565 148 2576 =
253 2544 398 2601 munera,
417 2543 585 2587 commune
604 2521 638 2585 in
656 2522 797 2604 essentia
819 2523 881 2587 erit
898 2521 960 2585 hoc
979 2521 1214 2604 redemptionis
1233 2540 1316 2604 geum

255 2642 328 2684 cum
349 2620 421 2685 aliis
444 2628 477 2685 et
497 2628 569 2686 tum
589 2620 789 2685 solummodo
818 2620 981 2702 singulare
1003 2641 1042 2684 ac
1063 2641 1139 2685 vere
1161 2621 1271 2698 solum,
1295 2617 1315 2681 si

254 2720 393 2783 Mariam
419 2721 543 2803 inipso
572 2721 657 2786 vitae
686 2741 763 2784 suae
786 2720 919 2784 exordio
949 2719 983 2785 et
1004 2719 1149 2784 criminis
1171 2725 1315 2803 expertem

255 2817 344 2881 dicas
373 2824 407 2881 et
435 2817 550 2882 divinis
578 2819 745 2883 beneficiis
773 2818 999 2882 liberalissime
1029 2818 1255 2882 cumulatam.“
1290 2813 1312 2878 S.

255 2915 398 2997 Deipara
418 2917 636 3000 primogenita
657 2924 707 2982 est

317 3041 343 3096 y.
376 3013 473 3078 titulo
502 3015 732 3098 adoptionis
755 3036 823 3098 per
849 3015 1035 3097 gratiam3
1063 3014 1228 3097 gaudebat
1247 3011 1313 3100 euim

255 3112 362 3194 gratia
379 3111 564 3194 adoptionis
582 3114 697 3196 majori
717 3120 750 3178 et
767 3112 965 3196 perfectiori,
984 3135 1083 3196 quam
1101 3134 1212 3178 omnes
1229 3107 1313 3176 sancti

254 3208 370 3291 Angeli
392 3215 426 3273 et
443 3209 707 3276 hominessimul
728 3211 850 3293 sumpti
871 3211 969 3294 idque
988 3212 1056 3294 jam
1078 3212 1113 3274 in
1131 3213 1232 3294 primo
1249 3209 1313 3274 Con-

254 3307 413 3389 ceptionis
441 3317 613 3374 momento.
664 3310 771 3387 Quare
799 3310 1015 3392 Angelicus
1047 3312 1238 3392 testatuml)
1269 3305 1313 3388 ,ln

254 3403 362 3469 Matre
384 3405 446 3469 Dei
474 3404 538 3471 fuit
566 3408 673 3490 gratia
701 3407 763 3472 tali
790 3408 945 3491 dignitati
971 3408 1248 3492 proportionata!
1281 3403 1313 3468 El

254 3503 290 3566 in
310 3501 375 3566 alio
396 3503 482 3568 loco:
511 3504 620 3587 ,Nulli
641 3513 820 3585 creaturae,
843 3507 959 3590 inquit,
982 3506 1044 3572 hoc
1065 3528 1250 3573 concessum
1267 3507 1312 3576 est

254 3619 313 3662 uec
341 3599 466 3664 homini
492 3624 551 3667 nec
580 3605 710 3688 angelo,
740 3612 779 3670 ut
807 3612 893 3670 esset
919 3605 1019 3671 Pater
1049 3613 1109 3671 aut
1135 3607 1240 3672 Mater
1259 3600 1313 3676 Dei,

255 3697 312 3761 sed
333 3696 394 3762 hoc
416 3697 481 3764 fuit
500 3702 705 3785 privilegium
725 3704 850 3786 gratiae
872 3704 1056 3787 singularis,
1087 3711 1126 3770 ut
1147 3727 1212 3770 non
1232 3701 1314 3768 solun

225 3841 230 3852 ¹
257 3847 453 3859 ,ια-ᾑ-

323 3927 341 3993 ¹)
358 3927 440 3981 Eccli
457 3927 557 3994 XXIV,
573 3932 613 3984 14.
646 3931 667 3998 ²)
684 3930 777 3986 Tract.
795 3931 871 3998 VIII,
888 3932 918 3986 in
935 3931 997 3988 Joa.
1032 3935 1053 4000 ⁸)
1073 3933 1181 3989 Mariae
1198 3927 1316 3988 sanctissi-

254 4023 318 4061 mas
333 4008 399 4100 Vita
413 4025 446 4064 ac
460 4015 539 4079 gesta
553 4012 697 4080 cultusque
712 4019 779 4070 tom.
791 4013 814 4082 I,
827 4032 854 4084 p.
868 4014 890 4081 l,
904 4014 969 4070 diss.
982 4013 1032 4070 111.
1066 4017 1088 4084 ⁴)
1101 4017 1152 4083 111,
1166 4035 1193 4087 p.
1207 4013 1316 4086 q.7a10.
1356 4079 1357 4104 1
