2814 4548
592 346 652 406 615

138 506 190 571 Ad
208 505 395 590 opinionem
417 505 457 570 de
480 505 587 571 tribus
604 505 737 572 Jacobis
756 503 970 570 refellendam
992 507 1073 573 satis
1095 527 1165 574 esse

73 605 207 672 videtur
229 605 398 671 Cardinali
423 605 613 684 Baroni0,
643 604 686 683 si,
709 603 796 669 unde
818 604 862 670 sit
884 604 1040 684 deducte,
1074 607 1165 690 origo

73 711 257 788 repetatur.
306 703 377 786 ,Ex
408 703 539 786 rejectis
572 703 675 781 enim,
708 702 825 786 inquit,
837 703 861 784 1)
893 703 959 768 illis
988 705 1166 776 Clementis
1269 785 1272 796 ,

73 804 208 869 nomine
240 803 372 885 scriptis
399 803 673 886 Recognitionum
700 802 794 867 libris
827 802 867 867 de
900 803 1006 868 tribus
1034 804 1166 870 Jacobis

73 902 259 968 auctoritas
281 902 382 968 semel
403 908 543 984 sumpta,
566 901 601 966 in
621 901 796 966 nonnullos
822 907 872 966 est
893 900 1071 967 infeliciter
1092 924 1167 985 pro-

73 1006 208 1085 pagata.
251 1000 416 1066 Putarunt
443 1000 547 1084 aliqui
575 1001 712 1066 eandem
740 1000 938 1065 sententiam
960 1022 1000 1065 ex
1021 1001 1167 1084 ejusdem

74 1099 258 1166 Clementis
280 1098 581 1177 constitutionibus,
604 1099 662 1164 sed
683 1097 887 1182 apocryphis,
909 1099 1066 1180 roborati,
1089 1100 1167 1165 dum

74 1201 160 1265 haec
181 1199 229 1264 ibi
249 1220 290 1263 ex
306 1219 447 1280 persona
463 1197 697 1280 Apostolorum
718 1197 858 1263 recitata
876 1184 1055 1264 habentur:
1080 1199 1167 1281 ,Nos

78 1320 171 1382 erge,
202 1299 259 1381 qui
281 1297 370 1380 digni
391 1297 472 1363 lacti
493 1318 620 1375 sumus,
650 1302 688 1361 ut
709 1318 853 1362 essemus
877 1304 980 1363 testes
1007 1298 1167 1386 adventus

80 1399 150 1481 ejus
171 1419 247 1463 cum
266 1395 390 1463 Jacobo
412 1395 516 1460 fratre
539 1395 679 1474 Domini,
704 1402 738 1461 et
757 1395 831 1460 aliis
856 1397 1066 1480 septuaginta
1089 1397 1168 1462 duo·

78 1498 141 1563 bus
166 1503 200 1562 et
221 1503 346 1580 septem
368 1495 513 1560 diaconis
543 1496 627 1560 etc.“
670 1494 796 1572 Quibus
825 1495 933 1560 verbis
955 1496 1084 1574 volunt,
1113 1495 1168 1561 Ja-

80 1596 199 1661 cobum
219 1594 357 1660 fratrem
376 1593 508 1658 Domini
530 1599 625 1658 extra
645 1614 817 1658 numerum
839 1593 1072 1677 Apostolorum
1094 1615 1168 1658 oon-

80 1696 245 1761 stitutum.
280 1693 344 1759 Sed
362 1713 436 1757 mea
454 1692 619 1757 sententia
637 1693 740 1776 magis
760 1692 874 1756 eadem
892 1692 992 1758 verba
1008 1692 1168 1759 Jacobum

80 1799 267 1859 monstrant
286 1792 464 1871 inclusum;
494 1813 570 1856 nam
591 1813 691 1875 quum
720 1798 814 1857 extra
844 1814 1016 1857 numerum
1038 1799 1169 1875 septua-

78 1894 173 1977 ginta
204 1893 343 1958 duorum
372 1891 514 1957 Jacobus
550 1890 617 1955 illic
649 1892 776 1974 positus
808 1897 1034 1971 recenseatur;
1070 1890 1167 1973 plane

79 1997 227 2070 constat,
264 1991 351 2056 inter
379 1990 552 2056 duodecim
585 1991 850 2056 adnumeratum:
890 1991 1036 2074 alioquin
1067 1991 1169 2073 (quod

79 2091 261 2156 absurdum
290 2097 341 2156 cst
371 2090 492 2172 dicere)
522 2111 587 2154 non
615 2096 746 2155 tantum
774 2112 839 2154 non
867 2090 954 2154 inter
982 2088 1167 2173 Apostolos,

80 2189 143 2256 sed
161 2211 266 2273 neque
295 2189 383 2254 inter
412 2188 588 2272 discipulos
608 2188 751 2254 Jacobus
781 2188 886 2254 frater
908 2188 1040 2254 Domini
1060 2188 1169 2252 locum

79 2289 229 2354 haberet.
272 2288 381 2367 Unde,
409 2295 448 2354 ut
470 2310 511 2353 ex
531 2289 583 2354 his
604 2295 712 2370 patet,
736 2287 825 2371 quod
854 2295 888 2353 et
909 2289 937 2354 si
958 2288 1005 2353 ibi
1026 2287 1169 2353 Jacobus

79 2388 295 2471 singulariter
324 2388 527 2466 nominetur,
560 2409 625 2452 non
657 2393 708 2452 est
739 2387 880 2466 factum,
913 2393 951 2451 ut
983 2408 1001 2451 e
1032 2406 1168 2450 numero

81 2487 285 2553 duodenario
314 2486 557 2565 excluderetur,
588 2486 645 2552 sed
667 2487 777 2568 potius
805 2486 984 2553 secundum
1005 2485 1169 2568 energiam

81 2588 264 2671 quandam,
297 2587 385 2670 quod
412 2587 517 2652 frater
545 2593 632 2652 esset
661 2585 807 2665 Domini,
836 2585 1023 2651 nominatus
1052 2584 1169 2649 esset.“

80 2687 251 2752 Hactenus
272 2686 443 2751 Beronius.

146 2785 295 2852 Vidimus
317 2806 403 2869 ergo,
426 2785 633 2862 sententiam,
656 2790 724 2848 tres
746 2784 895 2848 extitisse
907 2782 1057 2859 Jacobos,
1079 2781 1170 2846 nullo

80 2906 218 2970 prorsus
247 2884 350 2950 solido
377 2885 476 2951 inniti
507 2883 729 2949 fundamento.
781 2884 854 2948 Duo
881 2891 1011 2948 tantum
1036 2882 1171 2946 fuerunt

79 2985 200 3052 Jacobi
223 2991 256 3049 et
275 2985 433 3063 lacobus,
462 2983 568 3048 frater
590 2983 737 3061 Domini,
767 2983 854 3048 idem
882 2989 932 3048 est
954 3003 1029 3046 cum
1047 2979 1170 3046 Jacobo

83 3083 226 3168 Alphaei
247 3105 305 3148 seu
328 3083 501 3166 Cleophae.

457 3248 488 3313 b.
522 3247 578 3313 De
605 3245 799 3328 Josepho.

148 3379 292 3444 Tametsi
309 3379 471 3463 Josephus
493 3400 559 3458 seu,
580 3385 618 3443 ut
636 3377 693 3442 alii
710 3374 911 3460 praeferunt,
930 3374 1063 3439 Josetus
1085 3373 1172 3438 inter

82 3480 205 3546 fratres
228 3480 359 3545 Domini
387 3478 566 3544 secundum
593 3483 706 3543 teneat
727 3476 848 3552 locum,
878 3493 1040 3556 nusquam
1061 3478 1172 3537 tamen

84 3578 238 3661 legimus,
267 3600 342 3643 eum
370 3579 458 3644 inter
484 3578 660 3661 Apostolos
688 3577 788 3642 fuisse
817 3579 1052 3656 computatum.
1096 3570 1173 3636 Cre·

85 3677 179 3742 ditur
195 3678 315 3760 potius,
335 3678 424 3761 quod
443 3679 497 3743 hic
514 3677 685 3760 Josephus,
705 3672 942 3757 ,Barsabas“²)
965 3678 999 3736 et
1017 3664 1172 3753 ,lustum

155 3910 174 3977 ¹)
193 3910 322 3964 Annales.
339 3909 439 3965 eccles.
456 3909 493 3962 ed
510 3925 613 3962 annum
631 3905 735 3962 Christi
751 3906 792 3960 44.
831 3905 852 3971 ²)
870 3903 933 3958 Non
951 3901 1108 3967 defuerunt,
1126 3903 1174 3970 qui

85 3991 240 4062 Josephum
272 3992 407 4047 Barrabas
441 3991 560 4046 eundem
596 4006 629 4044 ac
662 3987 820 4043 Barnabam
851 3987 936 4040 fuisse
968 3985 1174 4040 contenderint.
