2772 4550
572 377 631 436 577

60 544 168 628 ginem
189 561 230 606 ex
240 535 373 619 Virgine
391 535 602 614 nasciturum,
622 542 691 601 tam
709 541 843 614 certum,
862 534 968 617 ipsam
985 535 1143 600 familiam

63 640 261 713 veridicam,
284 656 303 700 a
324 655 390 718 qua
411 639 520 699 ortum
540 632 596 698 ille
617 633 768 712 habebit,
798 635 1065 716 nonperituram
1088 655 1144 699 ne·
1166 662 1168 665 ·

62 762 126 826 que
162 735 299 820 judaeos
334 730 471 816 proinde
503 733 634 815 penitus
670 731 881 815 profligatum
915 734 965 798 iri.
1019 733 1143 812 Quibus

62 835 248 924 praemissis
271 833 425 898 dicimus:

62 1002 193 1069 Isaiae
229 997 433 1062 oraculum
467 995 516 1060 ad
550 995 581 1058 b.
615 995 818 1078 Virginem
848 995 1013 1061 Mariam
1045 996 1144 1062 refe-

84 1099 246 1168 rendum
273 1118 343 1160 nec
371 1116 447 1161 non
475 1094 515 1159 in
544 1115 588 1158 ea
617 1099 656 1158 et
685 1095 724 1157 in
750 1095 854 1159 Filio
884 1117 953 1160 suo
981 1095 1123 1178 primo-

339 1194 474 1278 genito
506 1191 769 1276 adimpletum
801 1200 870 1257 est.

125 1329 301 1398 Oraculum
321 1326 383 1391 hoc
405 1325 445 1390 de
474 1346 513 1390 ea
533 1325 781 1408 intelligendum
803 1332 853 1391 est
874 1347 1029 1408 persona,
1059 1348 1144 1411 quae

62 1432 162 1514 Virgo
188 1446 382 1512 permanens
407 1425 558 1507 concepit
584 1430 618 1489 et
643 1425 772 1508 peperit
795 1424 922 1505 Filium,
949 1426 1002 1493 cui
1026 1448 1145 1492 noman

62 1526 255 1595 Emmanuel
275 1527 295 1589 i.
308 1529 346 1589 e.
370 1524 458 1590 Deus
480 1522 649 1588 nobiscum
670 1525 828 1590 convenit.
871 1525 974 1610 Atqui
999 1527 1069 1592 sola
1089 1527 1144 1594 be-

60 1628 211 1695 atissima
245 1625 344 1708 Virgo
379 1623 568 1706 virginitate
604 1624 734 1688 omnino
770 1623 885 1690 illaesa
922 1626 1072 1709 concepit
1106 1648 1144 1692 ac

61 1726 193 1812 peperit
210 1721 314 1791 'talem
335 1723 463 1788 Filium.
507 1722 670 1787 Probatur
689 1723 804 1788 minor.

118 1833 153 1904 l.
194 1823 394 1889 Vaticinium
428 1822 533 1887 Isaiae
575 1843 681 1905 neque
723 1824 839 1888 uxori
866 1823 1002 1888 dichaz
1038 1845 1144 1909 neque

61 1925 180 1992 uxori
207 1923 339 1988 Isaiae
368 1943 408 1986 ex
436 1921 585 2005 pluribus
614 1921 795 1987 rationibus
825 1924 995 1988 convenire
1025 1930 1143 2006 potest.

62 2023 159 2102 Quod

126 2144 155 2186 a.
188 2133 349 2184 uxorem
376 2118 505 2184 Achaz
534 2119 664 2197 attinet,
696 2118 830 2184 rabbini
855 2125 890 2184 et
918 2121 1144 2188 rationalistae

61 2243 138 2287 eam
170 2219 314 2284 sterilem
342 2217 444 2282 fuisse
476 2217 667 2301 devictaque
697 2217 852 2282 divinitus
884 2218 1061 2285 sterilitate
1090 2242 1145 2303 pe·

60 2319 188 2404 perisse
220 2317 335 2382 dicunt
365 2317 539 2382 Ezechiam
569 2315 688 2396 filium3
726 2317 813 2399 quod
845 2325 917 2383 erat
945 2319 1040 2401 juxta
1071 2317 1145 2386 illos

61 2419 193 2501 signum
217 2415 421 2481 liberationis
451 2422 485 2481 et
511 2414 673 2493 miraculi,
705 2416 796 2498 cujus
817 2416 919 2482 Isaias
947 2418 1145 2495 mentionem

59 2516 153 2581 fecit.
434 2571 435 2576 ,
647 2513 649 2548 ³

128 2614 164 2681 Si
194 2635 292 2698 porro
330 2612 492 2696 propheta
524 2613 564 2678 de
597 2634 697 2678 uxore
731 2613 837 2678 Achaz
870 2614 974 2680 uerba
1005 2615 1145 2694 fecisset,

60 2737 138 2782 eam
158 2735 224 2778 non
252 2711 445 2796 simpliciter
466 2711 626 2794 ,almam“
654 2713 867 2792 nominasset,
896 2714 954 2779 sed
975 2737 1033 2798 pro
1056 2721 1147 2781 statu

60 2813 238 2898 dignitatis
266 2833 344 2876 suae
371 2811 483 2893 potius
514 2811 661 2894 reginam
691 2811 743 2875 vel
771 2811 942 2877 dominam.
994 2814 1038 2878 At
1066 2814 1147 2879 hacc

59 2912 204 2978 assertio
237 2932 261 2974 s.
292 2909 480 2993 Scripturae
512 2910 717 2992 apertissime
746 2918 915 2993 repugnat.
966 2912 1066 2978 Edita
1097 2921 1148 2978 est

60 3013 153 3078 enim
180 3009 354 3095 prophetia
374 3008 497 3089 thaz,
533 3010 577 3074 ad
604 3031 702 3094 quem
728 3009 946 3092 dirigebatur,
979 3019 1146 3094 regnante.

58 3113 139 3178 Jam
167 3111 272 3194 primo
302 3109 393 3192 regni
421 3110 490 3193 ejus
518 3130 603 3175 anno
625 3109 798 3174 Ezechiam
826 3130 941 3173 novem
970 3110 1012 3174 ad
1041 3111 1147 3175 minus

60 3231 168 3276 annos
199 3215 315 3274 natum
345 3206 446 3273 fuisse
482 3213 622 3274 constat.
676 3207 835 3290 Regnavit
866 3207 974 3272 Achaz
1007 3209 1148 3274 sedecim

59 3331 177 3375 annos.
228 3307 373 3390 ,Viginti
400 3327 559 3372 annorum
592 3315 663 3373 erat
691 3306 849 3387 Achaz,¹)
882 3328 983 3389 quum
1010 3329 1147 3391 regnare

59 3407 237 3490 coepisset,
260 3413 295 3473 et
316 3406 456 3471 sedecim
478 3407 572 3471 annis
593 3406 740 3489 regnarit
761 3406 795 3469 in
811 3405 1024 3470 Jerusalem.“
1062 3407 1149 3472 Mor·
1195 3439 1198 3444 ·

59 3514 124 3572 tuo
157 3505 265 3570 Achaz
300 3505 413 3571 statim
444 3506 593 3588 regnavit
629 3505 699 3589 ejus
736 3504 824 3570 filius
856 3504 972 3587 viginti
1004 3506 1149 3590 quinque

59 3625 169 3670 annos
190 3611 302 3682 natus,
333 3625 433 3688 quum
462 3625 599 3687 regnare
628 3604 796 3687 coepisset.
840 3603 985 3687 ,Viginti
1006 3605 1150 3688 quinque

60 3725 229 3770 annorum
261 3708 349 3781 erat,
383 3702 569 3785 (Ezechias,
605 3702 692 3768 filius
724 3703 846 3786 Achaz)
880 3724 981 3787 quum
1012 3725 1150 3788 regnare

60 3803 237 3887 coepisset,
257 3809 290 3868 et
307 3801 422 3884 viginti
438 3823 554 3867 novem
575 3803 667 3867 annis
688 3803 837 3886 regnavit
852 3803 887 3866 in
901 3802 1152 3886 Jerusalem

59 3947 263 3957 —--——

134 4017 154 4081 1)
172 4018 197 4070 4.
214 4016 283 4084 Reg.
301 4016 375 4084 xvl,
392 4019 417 4072 2.
450 4017 471 4084 2)
488 4019 512 4073 4.
529 4019 598 4088 Reg.
616 4015 721 4084 xv111,
738 4019 763 4070 2.
953 4097 986 4152 37
