2782 4554
769 375 829 435 580

254 537 419 623 tiquitatis
443 535 592 602 sordibus
615 534 789 617 expiatam.
833 533 900 600 Sed
916 540 989 600 tota
1008 535 1137 600 novitas
1158 535 1233 616 ista,
1253 538 1334 602 sicut

254 644 288 702 et
309 637 343 701 in
364 634 514 706 omnibus
543 633 708 724 devetari
735 633 878 716 figurata
907 641 971 712 est,
1001 635 1157 701 rationali
1184 657 1245 719 per
1265 637 1334 702 Vir-

252 736 360 820 ginem
391 734 603 818 dispositione
626 734 765 798 Domino
794 740 958 798 nascente.
1001 733 1101 817 Virgo
1130 741 1204 800 erat
1232 735 1334 800 adhuc

144 899 149 909 ,
182 823 184 828 ¹
253 841 357 912 terra,
389 832 534 898 nondum
563 851 661 915 opere
690 853 890 915 compressa,
923 831 1068 896 nondum
1095 834 1237 898 sementi
1264 833 1334 898 sub-

252 941 342 1012 acta;
366 953 405 997 ex
427 953 466 996 ea
482 931 646 996 hominem
662 929 788 1014 factum
809 931 994 1014 accepimus
1015 952 1036 995 a
1052 931 1121 996 Deo
1142 931 1178 995 in
1195 931 1334 996 animam
1386 931 1387 936 ’

252 1034 366 1098 vivam.
409 1031 514 1114 Igitur
535 1028 563 1094 si
583 1031 708 1112 primus
729 1029 833 1094 Adam
856 1030 896 1095 de
919 1037 1010 1094 terra
1031 1029 1189 1108 traditur,
1220 1031 1333 1096 merito

252 1131 445 1198 novissimus
467 1130 586 1207 Adam,
616 1128 852 1212 ut'Apostolus
881 1129 978 1206 dixit,
1007 1128 1145 1211 proinde
1174 1127 1332 1206 deterre,

251 1232 272 1294 i.
302 1251 340 1310 e.,
370 1251 468 1296 carne
496 1229 641 1293 nondum
669 1228 874 1312 generationi
901 1229 1081 1312 resignata,
1114 1229 1149 1293 in
1177 1229 1335 1313 Spiritum

251 1327 469 1394 vivificantem
489 1350 510 1394 a
534 1329 600 1393 Deo
623 1334 675 1393 est
694 1327 843 1411 prolatus
866 1377 872 1390 .
896 1376 903 1390 .
927 1377 934 1390 .
958 1377 964 1390 .
996 1328 1084 1394 Deus
1106 1327 1285 1411 imaginem
1304 1335 1335 1392 et
1386 1391 1387 1400 ,

251 1427 500 1492 similitudinem
520 1448 613 1507 suam
634 1448 654 1492 a
675 1427 806 1492 diabolo
837 1433 967 1510 captam
989 1427 1118 1492 aemula
1145 1429 1335 1511 operatione
1386 1445 1387 1452 ¹

250 1527 465 1611 recuperavit.
516 1525 554 1591 In
581 1525 749 1609 Virginem
778 1527 865 1592 enim
893 1526 1000 1592 adhue
1028 1527 1129 1592 Evam
1157 1526 1335 1611 irrepserat
1386 1561 1387 1622 p

250 1625 384 1690 verbum
406 1623 666 1690 aedificatorium
687 1624 811 1691 mortis.
853 1625 892 1690 In
912 1625 1079 1709 Virginem
1107 1627 1215 1709 aeque
1237 1627 1336 1692 intro-
1386 1637 1387 1670 ³

250 1725 434 1791 ducendum
456 1731 528 1790 erat
545 1724 606 1789 Dei
622 1724 767 1790 Verbum
789 1724 1045 1791 exstructorium
1066 1725 1168 1791 vitae:
1191 1733 1233 1791 ut
1251 1726 1335 1810 quod
1386 1751 1387 1800 j

249 1846 309 1908 per
330 1824 489 1909 ejusmodi
510 1845 623 1889 sexum
650 1823 778 1890 abierat
799 1825 834 1888 in
854 1823 1085 1907 perditionem,
1115 1845 1175 1908 per
1198 1825 1336 1891 eundem
1386 1909 1387 1912 Ἴ

249 1943 362 1988 sexum
383 1923 587 2006 redigeretur
607 1921 642 1987 in
664 1923 826 1990 salutem“
849 1971 856 1986 .
880 1972 887 1986 .
911 1972 917 1985 .
1386 1983 1387 2000 ,

312 2021 536 2104 „Praestruxit
557 2021 655 2086 fidem
676 2022 860 2088 incredibili
881 2022 966 2100 rei,“
996 2021 1104 2106 inquit
1124 2021 1336 2106 idemscrip·
1386 2037 1387 2100 5

249 2130 303 2188 tor
331 2123 496 2207 explicans
524 2122 630 2188 Isaiae
658 2122 825 2188 oraculum
839 2124 863 2204 1)
899 2122 1125 2204 rationemque
1153 2121 1335 2204 proferens,

249 2243 308 2302 our
339 2222 373 2285 in
405 2220 496 2304 signo
530 2227 617 2286 esset
644 2221 766 2287 futura.
817 2221 996 2305 Propterea
1027 2219 1121 2284 dabit
1148 2219 1243 2285 vobis
1273 2222 1336 2286 Do
1386 2221 1387 2282 l

248 2321 355 2386 minus
377 2320 519 2403 signum:
552 2320 657 2401 „Ecce
678 2320 777 2404 Virgo
806 2320 969 2403 concipiet
989 2320 1023 2383 in
1045 2324 1140 2383 utero
1169 2326 1204 2385 et
1226 2321 1335 2403 pariet

247 2418 396 2484 Filium.“
440 2419 574 2502 Signum
595 2426 706 2485 autem
727 2442 747 2486 a
769 2419 848 2498 Dee,
876 2420 940 2484 nisi
960 2419 1088 2483 novitas
1110 2417 1223 2502 aliqua
1247 2443 1336 2486 mon-

247 2523 385 2595 struosa,
413 2523 482 2582 tam
503 2517 637 2600 dignum
658 2538 724 2583 non
744 2518 870 2584 suisset.
914 2517 1062 2601 Denique
1092 2525 1126 2583 et
1146 2517 1280 2599 ludaei,
1309 2520 1334 2584 si

247 2614 377 2698 quando
404 2616 445 2680 ad
467 2638 525 2681 nos
555 2616 755 2700 dejiciendos
777 2617 908 2682 mentiri
937 2617 1074 2695 audent,
1105 2638 1190 2700 quae
1219 2619 1250 2682 si
1272 2641 1334 2684 non

245 2715 419 2798 virginem,
462 2715 520 2782 sed
555 2716 763 2799 juvenculam
804 2723 1034 2800 concepturam
1075 2722 1110 2780 et
1147 2716 1333 2799 parituram

246 2813 416 2896 Scriptura
445 2815 627 2894 contiueat,
658 2815 734 2880 hinc
762 2816 990 2894 revincuntur,
1020 2814 1109 2898 quod
1136 2814 1220 2878 nihil
1250 2817 1333 2900 signi

245 2911 349 2978 videri
364 2913 469 2995 possit
486 2935 538 2980 res
561 2914 761 2999 quotidiana,
775 2913 967 2997 juvenculae
989 2913 1115 2991 scilicet
1131 2922 1332 2997 praegnatus

245 3015 280 3076 et
300 3019 431 3094 partus;
460 3013 495 3078 in
516 3014 643 3096 signum
664 3033 740 3097 ergo
769 3014 930 3096 disposita
950 3012 1050 3096 Virgo
1078 3018 1113 3077 et
1133 3012 1245 3077 Mater
1267 3035 1332 3078 me·
1386 3067 1387 3078 ,

244 3109 310 3174 rito
332 3111 495 3175 creditur:
517 3111 628 3176 Infans
650 3133 725 3177 vero
747 3111 889 3177 bellator
910 3133 975 3177 nou
997 3111 1133 3196 aeque.“
1185 3165 1189 3172 .

306 3209 354 3274 Eo
383 3209 509 3292 pariter
541 3209 687 3276 collimat
717 3211 941 3276 testimonium
970 3211 1162 3294 Origsnis.
1206 3212 1330 3293 „Quale

242 3308 372 3391 signum
412 3314 513 3387 esset,
547 3308 676 3421 inquit,
686 3313 711 3392 2)
751 3309 1031 3418 adolescentulam
1067 3332 1134 3375 non
1172 3312 1331 3394 virginem

242 3408 381 3489 parere?
416 3406 526 3471 Ett
488 3429 510 3470 u
512 3407 557 3471 tri
584 3408 687 3490 magis
716 3379 883 3488 conienit,
913 3409 1044 3493 gignere
1072 3409 1329 3488 Emmanuelem,

244 3506 333 3590 quod
355 3512 414 3586 est,
391 3505 642 3589 t„Nobiscum
664 3507 791 3574 Deus:
819 3508 990 3575 mulierine
1013 3508 1079 3598 coit
1079 3529 1135 3574 um
1156 3531 1275 3591 passae
1297 3515 1330 3574 et

243 3619 334 3671 more
362 3556 557 3672 familiarum
585 3606 752 3690 gravidae,
785 3629 828 3674 an
855 3630 958 3692 purae
988 3615 1022 3674 et
1049 3614 1161 3674 castae
1189 3610 1329 3692 virgini?

243 3704 342 3770 Certe
363 3704 447 3770 hanc
470 3703 573 3785 decet,
592 3727 710 3789 parere
729 3706 830 3773 talem
847 3708 982 3791 prolem,
1002 3729 1067 3792 qua
1087 3714 1167 3773 nata
1188 3709 1327 3785 dicatur,

242 3802 421 3868 Nobiscum
440 3802 559 3868 Deus.“
602 3805 653 3871 Ad
671 3826 741 3870 rem
762 3827 892 3891 quoque
914 3814 991 3872 sunt
1007 3805 1109 3872 verba
1128 3827 1153 3872 s.
1175 3807 1196 3872 J
1201 3807 1327 3873 ustini

309 4016 329 4081 ¹)
348 4015 418 4070 Δάν.
436 4014 607 4072 Marcionem
623 4018 672 4074 lib.
690 4017 740 4086 111,
758 4035 801 4090 cp.
820 4024 860 4078 la.
893 4023 915 4090 ²)
934 4023 1038 4078 conum
1054 4023 1164 4079 Celsum
1180 4023 1228 4078 lib.
1245 4022 1270 4080 1.
