2728 4554
543 375 603 434 429

41 536 132 601 Filius
153 535 286 612 Mariae,
315 534 373 600 sed
393 533 480 598 idem
500 533 571 616 ipse
593 534 650 617 qui
670 534 772 599 Filius
795 535 865 613 Dei,
897 536 931 600 iu
952 559 1017 602 uua
1037 560 1110 622 per-

41 657 111 700 sona
138 640 225 700 esset
251 632 338 698 filius
364 633 504 710 Mariae,
535 639 569 697 et
597 633 654 716 qui
681 631 767 698 filius
794 633 933 714 Mariae,
962 658 1047 702 unus
1076 644 1110 703 et

41 735 119 798 idem
140 740 227 798 esset
248 733 282 797 in
303 754 369 797 una
388 753 528 815 persona
542 731 644 796 Filius
659 731 729 796 Dei.
774 731 852 809 Quis
872 732 953 799 haec
974 735 1111 801 audiens

41 855 97 897 non
117 833 340 915 obstupescet,
370 837 403 895 θῖ
424 829 512 913 quod
533 829 623 894 Deus
652 829 718 894 tale
747 830 826 913 quid
853 831 934 897 velle
955 835 1109 916 potuerit,

40 952 97 995 non
116 931 207 996 ultra
229 949 322 994 omne
345 928 432 1013 quod
454 928 518 992 dici
538 934 650 1010 potest
670 927 863 994 admirabile
885 928 1024 996 ducat?“

94 1029 321 1113 (lopiosissime
359 1027 421 1092 hoo
461 1026 500 1091 de
539 1033 731 1109 argumento
779 1025 926 1110 disputat
961 1051 985 1093 ε.
1023 1029 1111 1095 Ber·

40 1128 224 1193 nardinus
260 1126 453 1193 Senensis.
507 1125 612 1207 „Saue
648 1124 853 1209 privilegium
883 1126 944 1192 hoo
981 1129 1110 1212 (nempe

41 1226 284 1309 maternitatis),
329 1224 458 1303 scribit,
473 1227 497 1308 ¹)
542 1224 599 1291 isti
645 1224 706 1290 soli
744 1246 902 1308 personae
945 1227 993 1292 ita
1035 1249 1110 1292 con·

41 1346 156 1390 cessum
193 1331 259 1403 est,
300 1324 387 1408 quod
418 1323 503 1389 sicut
534 1323 733 1406 impossihile
766 1330 816 1388 est
846 1346 1004 1407 personae
1036 1327 1112 1392 Filii

41 1424 84 1488 vel
112 1444 271 1507 personae
305 1422 445 1505 Spiritus
476 1421 598 1500 sancti,
631 1442 785 1504 generare
815 1422 936 1502 Deum,
969 1445 1028 1507 pro
1061 1446 1109 1503 eo,

42 1523 119 1605 quod
145 1524 181 1587 in
211 1522 257 1587 eis
283 1543 349 1587 non
377 1527 428 1586 est
455 1528 575 1587 natura
602 1542 676 1585 cum
703 1520 872 1603 primitate
900 1521 1111 1590 fecunditatis

41 1643 92 1686 nec
118 1621 322 1699 intellectus,
353 1642 426 1686 cum
454 1626 531 1686 actu
559 1620 680 1685 dicitur
706 1619 840 1703 aliquod
865 1621 1015 1701 verbum,
1044 1623 1110 1688 sive

44 1741 109 1784 cum
128 1720 332 1786 fecunditate
362 1726 395 1785 et
418 1719 567 1802 potentia
595 1719 637 1784 ad
656 1718 900 1802 producendum
929 1720 1112 1804 imaginem,

42 1820 117 1885 sicut
136 1821 171 1886 in
192 1820 292 1884 Patre
314 1826 372 1883 est.
415 1818 509 1883 Unde
530 1819 615 1883 siout
635 1817 834 1900 impossibile
857 1826 907 1884 est
923 1819 1015 1884 Patri
1036 1841 1111 1902 pro-

43 1918 150 1985 ducere
172 1920 264 1986 aliud
284 1919 428 1984 Verbum
448 1941 507 2002 pro
530 1939 581 1997 eo,
611 1918 699 2001 quod
719 1918 780 1982 hoc
800 1916 945 1982 Verbum
965 1918 1111 2000 genitum

43 2017 78 2082 sit
92 2018 364 2101 perfectissimum
386 2023 541 2081 ettotam
559 2016 742 2098 potentiam
764 2017 940 2099 generandi
961 2016 1111 2082 exhausit

42 2115 70 2178 in
84 2117 195 2182 Patre:
218 2117 266 2181 ita
283 2114 482 2198 impossibile
502 2121 560 2192 θεῖ,
581 2113 749 2178 mulierem
768 2114 866 2180 aliam
883 2137 977 2206 posse
995 2136 1110 2199 parere

44 2213 150 2295 Deum,
180 2215 246 2279 nisi
266 2236 325 2296 per
345 2235 461 2278 novam
481 2214 663 2297 potentiam
684 2214 783 2278 alicui
804 2215 957 2280 collatam
984 2237 1004 2279 a
1025 2215 1109 2279 Deo:

44 2316 120 2396 quod
141 2323 269 2381 certum
290 2322 348 2393 θεῖ,
376 2336 542 2397 nunquam
563 2313 711 2379 futurum
732 2336 810 2378 esse.
853 2314 1004 2379 Potentia
1026 2313 1112 2378 enim

44 2414 237 2498 concipiendi
269 2421 303 2478 et
334 2413 484 2496 pariendi
512 2414 631 2493 Deum,
665 2435 749 2497 quae
780 2420 918 2478 naturae
950 2413 1109 2477 humanae

44 2515 185 2596 copulata
212 2513 293 2591 fuit,
326 2512 504 2577 secundum
532 2512 621 2597 quod
648 2513 789 2586 dicimus
815 2512 981 2578 Christum
1008 2510 1109 2576 fuisse

43 2609 71 2672 in
98 2613 215 2678 lumbis
247 2615 409 2694 patrum‚'
431 2613 608 2678 secundum
639 2612 862 2696 corpulentam
893 2611 1110 2676 substantiam
1166 2637 1169 2644 ·

45 2708 202 2778 descendit
229 2712 271 2778 ab
293 2711 398 2775 Adam
426 2733 528 2795 usque
557 2712 600 2777 ad
620 2711 793 2794 Virginem.
836 2711 880 2775 Et
900 2709 965 2775 fuit
993 2709 1111 2791 impos-

44 2808 125 2876 sibile
157 2811 200 2876 ad
231 2817 342 2874 actum
373 2811 407 2874 iu
439 2810 582 2894 aliquam
613 2810 783 2874 mulierem
815 2809 947 2886 deduci,
982 2808 1046 2872 nisi
1076 2807 1110 2870 in

44 2905 169 2974 Mariam
205 2909 377 2992 virginem,
418 2931 501 2992 quae
538 2909 689 2991 potentia
725 2910 773 2973 ita
808 2929 867 2991 par
903 2906 1110 2971 nativitatem
1137 2934 1140 2941 ·

46 3003 156 3073 Christi
176 3007 335 3072 exhausta
362 3013 412 3072 est
433 3008 473 3072 de
494 3015 612 3072 natura
632 3007 787 3085 humana,
818 3005 904 3096 quod
926 3005 1109 3088 quicunque

46 3101 158 3172 diceret
184 3106 328 3189 aliquam
349 3127 521 3189 personam
547 3106 690 3170 divinam
718 3127 787 3170 esse
808 3103 1049 3168 humanandam
1075 3102 1110 3167 in

45 3200 142 3286 aliquo
163 3205 342 3270 secundum
370 3205 592 3289 corpulentam
621 3204 853 3283 substantiam,
885 3208 971 3267 esset
992 3208 1029 3266 ut
1051 3201 1110 3264 im-

45 3301 195 3380 piissimus
215 3303 400 3370 haereticus
421 3303 634 3388 puniendus.“

96 3401 233 3486 Propter
252 3403 337 3468 hanc
358 3425 431 3468 cum
451 3403 549 3468 Patre
571 3409 705 3468 aeterno
732 3401 992 3486 conjunctionem
1012 3393 1130 3483 quam'

46 3494 180 3566 intimam
215 3501 424 3584 beatissimae
455 3501 581 3584 Virgini
618 3501 776 3584 competit
812 3521 848 3565 re
882 3521 959 3564 vera
994 3498 1111 3565 titulus

47 3601 344 3684 „primogenitae
372 3607 447 3666 ante
470 3622 598 3666 omnem
618 3607 802 3665 creaturam
822 3599 1003 3680 filiae.“²)
1043 3597 1111 3663 Pri-

47 3700 198 3780 mogenita
220 3707 292 3764 erat

48 3845 229 3862 3-—

104 3931 177 3997 1)Ι)ε
193 3930 352 3986 admirabili
368 3928 458 3998 gratia
475 3933 502 3982 et
519 3926 611 3998 gloria
626 3929 658 3984 B.
675 3927 799 3998 Virginis
817 3926 915 3982 Matris
932 3926 984 3980 Dei
1001 3941 1054 3980 ser.
1071 3926 1112 3979 61.

47 4006 63 4072 ²]
78 4009 148 4068 Eccli
165 4013 265 4074 XXIV.
283 4014 312 4079 53
329 4012 380 4067 cfr.
397 4011 540 4081 Sedlmuyr
555 4012 574 4066 l.
592 4027 616 4067 c.
633 4030 659 4080 p.
677 4011 724 4077 IV,
743 4014 810 4066 sect.
827 4008 849 4073 1,
867 4025 892 4064 a.
909 4013 933 4064 1.
