<?xml version="1.0" encoding="UTF-8"?>
<!DOCTYPE html PUBLIC "-//W3C//DTD XHTML 1.0 Transitional//EN"
    "http://www.w3.org/TR/xhtml1/DTD/xhtml1-transitional.dtd">
<html xmlns="http://www.w3.org/1999/xhtml" xml:lang="en" lang="en">
 <head>
  <title>
</title>
<meta http-equiv="Content-Type" content="text/html;charset=utf-8" />
  <meta name='ocr-system' content='tesseract 3.04.00' />
  <meta name='ocr-capabilities' content='ocr_page ocr_carea ocr_par ocr_line ocrx_word'/>
</head>
<body>
  <div class='ocr_page' id='page_1' title='image "./mariologiaseupo00stamgoog_0206.png"; bbox 0 0 2728 4560; ppageno 0'>
   <div class='ocr_carea' id='block_1_1' title="bbox 745 368 804 428">
    <p class='ocr_par' dir='ltr' id='par_1_1' title="bbox 745 368 804 428">
     <span class='ocr_line' id='line_1_1' title="bbox 745 368 804 428; baseline 0 0"><span class='ocrx_word' id='word_1_1' title='bbox 745 368 804 428; x_wconf 80' lang='lat'>180</span> 
     </span>
    </p>
   </div>
   <div class='ocr_carea' id='block_1_2' title="bbox 134 503 1359 2585">
    <p class='ocr_par' dir='ltr' id='par_1_2' title="bbox 134 503 1359 1299">
     <span class='ocr_line' id='line_1_2' title="bbox 134 503 1359 612; baseline 0.003 -20"><span class='ocrx_word' id='word_1_2' title='bbox 134 585 138 592; x_wconf 91' lang='lat'><em>.</em></span> <span class='ocrx_word' id='word_1_3' title='bbox 228 533 320 608; x_wconf 89' lang='lat' dir='ltr'>illam</span> <span class='ocrx_word' id='word_1_4' title='bbox 350 529 551 594; x_wconf 82' lang='lat' dir='ltr'>voluntatem</span> <span class='ocrx_word' id='word_1_5' title='bbox 583 527 689 591; x_wconf 89' lang='lat' dir='ltr'>verbis</span> <span class='ocrx_word' id='word_1_6' title='bbox 720 548 785 591; x_wconf 93' lang='lat' dir='ltr'>non</span> <span class='ocrx_word' id='word_1_7' title='bbox 803 503 1059 610; x_wconf 74' lang='lat' dir='ltr'>expresserant:</span> <span class='ocrx_word' id='word_1_8' title='bbox 1092 537 1208 612; x_wconf 90' lang='lat' dir='ltr'>postea</span> <span class='ocrx_word' id='word_1_9' title='bbox 1234 553 1292 596; x_wconf 89' lang='lat' dir='ltr'>vero</span> <span class='ocrx_word' id='word_1_10' title='bbox 1358 547 1359 554; x_wconf 47' lang='lat'>³</span> 
     </span>
     <span class='ocr_line' id='line_1_3' title="bbox 230 627 1356 713; baseline -0.004 -18"><span class='ocrx_word' id='word_1_11' title='bbox 230 633 458 713; x_wconf 88' lang='lat' dir='ltr'>expresserunt</span> <span class='ocrx_word' id='word_1_12' title='bbox 490 632 524 692; x_wconf 91' lang='lat' dir='ltr'>et</span> <span class='ocrx_word' id='word_1_13' title='bbox 552 627 586 690; x_wconf 93' lang='lat' dir='ltr'>in</span> <span class='ocrx_word' id='word_1_14' title='bbox 614 627 801 709; x_wconf 83' lang='lat' dir='ltr'>virginitate</span> <span class='ocrx_word' id='word_1_15' title='bbox 830 634 1089 708; x_wconf 88' lang='lat' dir='ltr'>permanserunt.</span> <span class='ocrx_word' id='word_1_16' title='bbox 1140 629 1294 695; x_wconf 87' lang='lat' dir='ltr'>Consensit</span> <span class='ocrx_word' id='word_1_17' title='bbox 1351 642 1356 691; x_wconf 76' lang='grc'>1</span> 
     </span>
     <span class='ocr_line' id='line_1_4' title="bbox 230 726 1293 818; baseline -0.001 -23"><span class='ocrx_word' id='word_1_18' title='bbox 230 752 307 813; x_wconf 81' lang='lat' dir='ltr'>crgo</span> <span class='ocrx_word' id='word_1_19' title='bbox 325 727 430 793; x_wconf 92' lang='lat' dir='ltr'>Maria</span> <span class='ocrx_word' id='word_1_20' title='bbox 451 728 484 791; x_wconf 93' lang='lat' dir='ltr'>in</span> <span class='ocrx_word' id='word_1_21' title='bbox 506 726 689 790; x_wconf 78' lang='lat' dir='ltr'>maritalem</span> <span class='ocrx_word' id='word_1_22' title='bbox 711 726 911 818; x_wconf 83' lang='lat' dir='ltr'>societatem,</span> <span class='ocrx_word' id='word_1_23' title='bbox 931 726 1072 791; x_wconf 90' lang='lat' dir='ltr'>sednon</span> <span class='ocrx_word' id='word_1_24' title='bbox 1093 727 1127 792; x_wconf 90' lang='lat' dir='ltr'>in</span> <span class='ocrx_word' id='word_1_25' title='bbox 1149 731 1293 794; x_wconf 88' lang='lat' dir='ltr'>carnalem</span> 
     </span>
     <span class='ocr_line' id='line_1_5' title="bbox 230 825 1293 913; baseline 0 -19"><span class='ocrx_word' id='word_1_26' title='bbox 230 829 396 912; x_wconf 90' lang='lat' dir='ltr'>copulam,</span> <span class='ocrx_word' id='word_1_27' title='bbox 431 827 495 890; x_wconf 91' lang='lat' dir='ltr'>nisi</span> <span class='ocrx_word' id='word_1_28' title='bbox 530 826 570 890; x_wconf 93' lang='lat' dir='ltr'>de</span> <span class='ocrx_word' id='word_1_29' title='bbox 607 825 720 890; x_wconf 92' lang='lat' dir='ltr'>eodem</span> <span class='ocrx_word' id='word_1_30' title='bbox 756 825 948 908; x_wconf 70' lang='lat' dir='ltr'>specialiter</span> <span class='ocrx_word' id='word_1_31' title='bbox 974 826 1063 892; x_wconf 87' lang='lat' dir='ltr'>Deus</span> <span class='ocrx_word' id='word_1_32' title='bbox 1098 830 1293 913; x_wconf 89' lang='lat' dir='ltr'>praeciperet,</span> 
     </span>
     <span class='ocr_line' id='line_1_6' title="bbox 231 925 1294 1012; baseline -0.001 -18"><span class='ocrx_word' id='word_1_33' title='bbox 231 930 323 1012; x_wconf 85' lang='lat' dir='ltr'>cujus</span> <span class='ocrx_word' id='word_1_34' title='bbox 358 927 458 991; x_wconf 88' lang='lat' dir='ltr'>etiam</span> <span class='ocrx_word' id='word_1_35' title='bbox 494 925 628 990; x_wconf 89' lang='lat' dir='ltr'>consilio</span> <span class='ocrx_word' id='word_1_36' title='bbox 663 926 697 989; x_wconf 92' lang='lat' dir='ltr'>in</span> <span class='ocrx_word' id='word_1_37' title='bbox 732 925 917 989; x_wconf 79' lang='lat' dir='ltr'>maritalem</span> <span class='ocrx_word' id='word_1_38' title='bbox 953 927 1117 992; x_wconf 91' lang='lat' dir='ltr'>consensit</span> <span class='ocrx_word' id='word_1_39' title='bbox 1155 929 1294 1011; x_wconf 88' lang='lat' dir='ltr'>copulam,</span> 
     </span>
     <span class='ocr_line' id='line_1_7' title="bbox 231 1024 1359 1112; baseline -0.001 -19"><span class='ocrx_word' id='word_1_40' title='bbox 231 1029 308 1112; x_wconf 92' lang='lat' dir='ltr'>quia</span> <span class='ocrx_word' id='word_1_41' title='bbox 329 1025 550 1110; x_wconf 83' lang='lat' dir='ltr'>virginitatem</span> <span class='ocrx_word' id='word_1_42' title='bbox 571 1045 699 1089; x_wconf 90' lang='lat' dir='ltr'>servare</span> <span class='ocrx_word' id='word_1_43' title='bbox 721 1024 865 1089; x_wconf 90' lang='lat' dir='ltr'>volebat:</span> <span class='ocrx_word' id='word_1_44' title='bbox 888 1030 921 1089; x_wconf 96' lang='lat' dir='ltr'>et</span> <span class='ocrx_word' id='word_1_45' title='bbox 942 1025 1016 1090; x_wconf 93' lang='lat' dir='ltr'>ideo</span> <span class='ocrx_word' id='word_1_46' title='bbox 1038 1049 1102 1090; x_wconf 91' lang='lat' dir='ltr'>non</span> <span class='ocrx_word' id='word_1_47' title='bbox 1121 1028 1217 1093; x_wconf 89' lang='lat' dir='ltr'>aliter</span> <span class='ocrx_word' id='word_1_48' title='bbox 1237 1051 1296 1094; x_wconf 92' lang='lat' dir='ltr'>con·</span> <span class='ocrx_word' id='word_1_49' title='bbox 1358 1069 1359 1074; x_wconf 23' lang='grc' dir='ltr'><strong>κ</strong></span> 
     </span>
     <span class='ocr_line' id='line_1_8' title="bbox 230 1112 1296 1206; baseline -0.004 -13"><span class='ocrx_word' id='word_1_50' title='bbox 230 1128 385 1193; x_wconf 81' lang='lat' dir='ltr'>sensisset</span> <span class='ocrx_word' id='word_1_51' title='bbox 420 1125 454 1188; x_wconf 91' lang='lat' dir='ltr'>in</span> <span class='ocrx_word' id='word_1_52' title='bbox 487 1124 688 1206; x_wconf 81' lang='lat' dir='ltr'>conjugalem</span> <span class='ocrx_word' id='word_1_53' title='bbox 723 1112 928 1203; x_wconf 89' lang='lat' dir='ltr'>societatem,</span> <span class='ocrx_word' id='word_1_54' title='bbox 965 1125 1029 1189; x_wconf 91' lang='lat' dir='ltr'>nisi</span> <span class='ocrx_word' id='word_1_55' title='bbox 1058 1124 1219 1192; x_wconf 86' lang='lat' dir='ltr'>familiare</span> <span class='ocrx_word' id='word_1_56' title='bbox 1249 1127 1296 1192; x_wconf 90' lang='lat' dir='ltr'>Dei</span> 
     </span>
     <span class='ocr_line' id='line_1_9' title="bbox 231 1223 1357 1299; baseline -0.007 -6"><span class='ocrx_word' id='word_1_57' title='bbox 231 1227 402 1293; x_wconf 90' lang='lat' dir='ltr'>consilium</span> <span class='ocrx_word' id='word_1_58' title='bbox 422 1223 621 1288; x_wconf 80' lang='lat' dir='ltr'>habuisset.“</span> <span class='ocrx_word' id='word_1_59' title='bbox 1355 1286 1357 1299; x_wconf 76' lang='grc'>,</span> 
     </span>
    </p>

    <p class='ocr_par' dir='ltr' id='par_1_3' title="bbox 231 1308 1359 2585">
     <span class='ocr_line' id='line_1_10' title="bbox 292 1308 1357 1406; baseline -0.004 -16"><span class='ocrx_word' id='word_1_60' title='bbox 292 1325 365 1390; x_wconf 91' lang='lat' dir='ltr'>Non</span> <span class='ocrx_word' id='word_1_61' title='bbox 388 1323 513 1400; x_wconf 85' lang='lat' dir='ltr'>desunt,</span> <span class='ocrx_word' id='word_1_62' title='bbox 535 1321 592 1404; x_wconf 94' lang='lat' dir='ltr'>qui</span> <span class='ocrx_word' id='word_1_63' title='bbox 613 1326 775 1398; x_wconf 84' lang='lat' dir='ltr'>censeant,</span> <span class='ocrx_word' id='word_1_64' title='bbox 800 1321 1021 1386; x_wconf 89' lang='lat' dir='ltr'>Lombardum</span> <span class='ocrx_word' id='word_1_65' title='bbox 1044 1322 1151 1387; x_wconf 84' lang='lat' dir='ltr'>verbis</span> <span class='ocrx_word' id='word_1_66' title='bbox 1173 1324 1296 1406; x_wconf 89' lang='lat' dir='ltr'>quidem,</span> <span class='ocrx_word' id='word_1_67' title='bbox 1355 1308 1357 1323; x_wconf 44' lang='grc' dir='ltr'>Ι</span> 
     </span>
     <span class='ocr_line' id='line_1_11' title="bbox 231 1418 1298 1503; baseline -0.006 -13"><span class='ocrx_word' id='word_1_68' title='bbox 231 1430 424 1490; x_wconf 89' lang='lat' dir='ltr'>nontamen</span> <span class='ocrx_word' id='word_1_69' title='bbox 446 1420 570 1503; x_wconf 89' lang='lat' dir='ltr'>reipsa</span> <span class='ocrx_word' id='word_1_70' title='bbox 591 1441 611 1482; x_wconf 91' lang='lat' dir='ltr'>a</span> <span class='ocrx_word' id='word_1_71' title='bbox 631 1425 745 1484; x_wconf 87' lang='lat' dir='ltr'>nostra</span> <span class='ocrx_word' id='word_1_72' title='bbox 763 1418 929 1484; x_wconf 85' lang='lat' dir='ltr'>discedere</span> <span class='ocrx_word' id='word_1_73' title='bbox 951 1421 1123 1485; x_wconf 90' lang='lat' dir='ltr'>sententia.</span> <span class='ocrx_word' id='word_1_74' title='bbox 1159 1422 1298 1488; x_wconf 83' lang='lat' dir='ltr'>Admittit</span> 
     </span>
     <span class='ocr_line' id='line_1_12' title="bbox 232 1517 1297 1605; baseline -0.005 -17"><span class='ocrx_word' id='word_1_75' title='bbox 232 1524 327 1601; x_wconf 89' lang='lat' dir='ltr'>euim,</span> <span class='ocrx_word' id='word_1_76' title='bbox 350 1522 400 1585; x_wconf 87' lang='lat' dir='ltr'>uti</span> <span class='ocrx_word' id='word_1_77' title='bbox 422 1517 722 1598; x_wconf 88' lang='lat' dir='ltr'>Trcmbellius¹)</span> <span class='ocrx_word' id='word_1_78' title='bbox 748 1517 870 1596; x_wconf 86' lang='lat' dir='ltr'>scribit,</span> <span class='ocrx_word' id='word_1_79' title='bbox 892 1519 1096 1602; x_wconf 90' lang='lat' dir='ltr'>propositum</span> <span class='ocrx_word' id='word_1_80' title='bbox 1116 1520 1297 1605; x_wconf 83' lang='lat' dir='ltr'>virginitatis</span> 
     </span>
     <span class='ocr_line' id='line_1_13' title="bbox 232 1617 1299 1704; baseline -0.003 -17"><span class='ocrx_word' id='word_1_81' title='bbox 232 1622 343 1687; x_wconf 90' lang='lat' dir='ltr'>efficax</span> <span class='ocrx_word' id='word_1_82' title='bbox 371 1643 436 1685; x_wconf 93' lang='lat' dir='ltr'>non</span> <span class='ocrx_word' id='word_1_83' title='bbox 463 1618 570 1683; x_wconf 89' lang='lat' dir='ltr'>solum</span> <span class='ocrx_word' id='word_1_84' title='bbox 597 1638 617 1681; x_wconf 90' lang='lat' dir='ltr'>a</span> <span class='ocrx_word' id='word_1_85' title='bbox 644 1617 675 1681; x_wconf 93' lang='lat' dir='ltr'>b.</span> <span class='ocrx_word' id='word_1_86' title='bbox 702 1617 850 1700; x_wconf 82' lang='lat' dir='ltr'>Virgine,</span> <span class='ocrx_word' id='word_1_87' title='bbox 880 1618 937 1683; x_wconf 91' lang='lat' dir='ltr'>sed</span> <span class='ocrx_word' id='word_1_88' title='bbox 966 1619 1065 1683; x_wconf 92' lang='lat' dir='ltr'>etiam</span> <span class='ocrx_word' id='word_1_89' title='bbox 1093 1642 1113 1685; x_wconf 95' lang='lat' dir='ltr'>a</span> <span class='ocrx_word' id='word_1_90' title='bbox 1142 1643 1166 1686; x_wconf 89' lang='lat' dir='ltr'>s.</span> <span class='ocrx_word' id='word_1_91' title='bbox 1192 1620 1299 1704; x_wconf 85' lang='lat' dir='ltr'>Joseph</span> 
     </span>
     <span class='ocr_line' id='line_1_14' title="bbox 233 1716 1359 1802; baseline -0.007 -15"><span class='ocrx_word' id='word_1_92' title='bbox 233 1723 372 1799; x_wconf 89' lang='lat' dir='ltr'>editum,</span> <span class='ocrx_word' id='word_1_93' title='bbox 414 1718 559 1802; x_wconf 91' lang='lat' dir='ltr'>quamvis</span> <span class='ocrx_word' id='word_1_94' title='bbox 599 1716 856 1781; x_wconf 89' lang='lat' dir='ltr'>conditionatam</span> <span class='ocrx_word' id='word_1_95' title='bbox 894 1717 1119 1786; x_wconf 85' lang='lat' dir='ltr'>tantummodo</span> <span class='ocrx_word' id='word_1_96' title='bbox 1156 1717 1299 1802; x_wconf 88' lang='lat' dir='ltr'>propositi</span> <span class='ocrx_word' id='word_1_97' title='bbox 1358 1769 1359 1774; x_wconf 64' lang='grc'>,</span> 
     </span>
     <span class='ocr_line' id='line_1_15' title="bbox 232 1815 1359 1899; baseline -0.004 -14"><span class='ocrx_word' id='word_1_98' title='bbox 232 1819 457 1886; x_wconf 86' lang='lat' dir='ltr'>executionem</span> <span class='ocrx_word' id='word_1_99' title='bbox 475 1816 629 1881; x_wconf 88' lang='lat' dir='ltr'>admittat</span> <span class='ocrx_word' id='word_1_100' title='bbox 644 1853 683 1862; x_wconf 90' lang='lat'>-</span> <span class='ocrx_word' id='word_1_101' title='bbox 700 1815 782 1897; x_wconf 85' lang='lat' dir='ltr'>,nisi</span> <span class='ocrx_word' id='word_1_102' title='bbox 800 1815 889 1880; x_wconf 91' lang='lat' dir='ltr'>Deus</span> <span class='ocrx_word' id='word_1_103' title='bbox 908 1817 1005 1882; x_wconf 91' lang='lat' dir='ltr'>aliter</span> <span class='ocrx_word' id='word_1_104' title='bbox 1019 1817 1185 1899; x_wconf 78' lang='lat' dir='ltr'>juberet“:</span> <span class='ocrx_word' id='word_1_105' title='bbox 1207 1837 1299 1884; x_wconf 90' lang='lat' dir='ltr'>noune</span> <span class='ocrx_word' id='word_1_106' title='bbox 1358 1823 1359 1828; x_wconf 76' lang='grc'>’</span> 
     </span>
     <span class='ocr_line' id='line_1_16' title="bbox 232 1914 1299 2002; baseline -0.006 -19"><span class='ocrx_word' id='word_1_107' title='bbox 232 1940 307 2002; x_wconf 83' lang='lat' dir='ltr'>ergo</span> <span class='ocrx_word' id='word_1_108' title='bbox 338 1917 452 1981; x_wconf 89' lang='lat' dir='ltr'>licebit</span> <span class='ocrx_word' id='word_1_109' title='bbox 480 1915 602 1992; x_wconf 91' lang='lat' dir='ltr'>dicere,</span> <span class='ocrx_word' id='word_1_110' title='bbox 636 1914 676 1978; x_wconf 89' lang='lat' dir='ltr'>b.·</span> <span class='ocrx_word' id='word_1_111' title='bbox 697 1915 864 1997; x_wconf 83' lang='lat' dir='ltr'>Virginem</span> <span class='ocrx_word' id='word_1_112' title='bbox 893 1915 1033 1997; x_wconf 84' lang='lat' dir='ltr'>Spiritus</span> <span class='ocrx_word' id='word_1_113' title='bbox 1062 1937 1085 1980; x_wconf 81' lang='lat' dir='ltr'>a</span> <span class='ocrx_word' id='word_1_114' title='bbox 1116 1918 1299 1982; x_wconf 86' lang='lat' dir='ltr'>revelatione</span> 
     </span>
     <span class='ocr_line' id='line_1_17' title="bbox 232 2014 1300 2096; baseline -0.003 -14"><span class='ocrx_word' id='word_1_115' title='bbox 232 2018 443 2086; x_wconf 85' lang='lat' dir='ltr'>certioratam</span> <span class='ocrx_word' id='word_1_116' title='bbox 465 2014 574 2093; x_wconf 89' lang='lat' dir='ltr'>fuisse,</span> <span class='ocrx_word' id='word_1_117' title='bbox 594 2015 700 2079; x_wconf 90' lang='lat' dir='ltr'>Deum</span> <span class='ocrx_word' id='word_1_118' title='bbox 722 2014 852 2079; x_wconf 92' lang='lat' dir='ltr'>minime</span> <span class='ocrx_word' id='word_1_119' title='bbox 874 2014 971 2078; x_wconf 88' lang='lat' dir='ltr'>aliter</span> <span class='ocrx_word' id='word_1_120' title='bbox 989 2015 1177 2096; x_wconf 77' lang='lat' dir='ltr'>jussurum?</span> <span class='ocrx_word' id='word_1_121' title='bbox 1201 2018 1300 2082; x_wconf 88' lang='lat' dir='ltr'>Susce-</span> 
     </span>
     <span class='ocr_line' id='line_1_18' title="bbox 231 2113 1300 2201; baseline -0.006 -19"><span class='ocrx_word' id='word_1_122' title='bbox 231 2119 282 2201; x_wconf 94' lang='lat' dir='ltr'>pit</span> <span class='ocrx_word' id='word_1_123' title='bbox 303 2117 333 2180; x_wconf 92' lang='lat' dir='ltr'>b.</span> <span class='ocrx_word' id='word_1_124' title='bbox 351 2116 450 2197; x_wconf 84' lang='lat' dir='ltr'>Virgo</span> <span class='ocrx_word' id='word_1_125' title='bbox 473 2115 666 2196; x_wconf 86' lang='lat' dir='ltr'>conjugium,</span> <span class='ocrx_word' id='word_1_126' title='bbox 687 2113 766 2197; x_wconf 92' lang='lat' dir='ltr'>quin</span> <span class='ocrx_word' id='word_1_127' title='bbox 787 2121 897 2178; x_wconf 84' lang='lat' dir='ltr'>votnm</span> <span class='ocrx_word' id='word_1_128' title='bbox 916 2115 1112 2198; x_wconf 82' lang='lat' dir='ltr'>virginitatis</span> <span class='ocrx_word' id='word_1_129' title='bbox 1130 2115 1300 2181; x_wconf 77' lang='lat' dir='ltr'>mutaverit.</span> 
     </span>
     <span class='ocr_line' id='line_1_19' title="bbox 233 2201 1301 2296; baseline -0.002 -17"><span class='ocrx_word' id='word_1_130' title='bbox 233 2216 316 2294; x_wconf 84' lang='lat' dir='ltr'>Quia</span> <span class='ocrx_word' id='word_1_131' title='bbox 344 2213 531 2278; x_wconf 87' lang='lat' dir='ltr'>castitatem</span> <span class='ocrx_word' id='word_1_132' title='bbox 554 2212 669 2277; x_wconf 87' lang='lat' dir='ltr'>dilexit</span> <span class='ocrx_word' id='word_1_133' title='bbox 697 2233 889 2296; x_wconf 87' lang='lat' dir='ltr'>semperque</span> <span class='ocrx_word' id='word_1_134' title='bbox 917 2215 1050 2278; x_wconf 90' lang='lat' dir='ltr'>maximi</span> <span class='ocrx_word' id='word_1_135' title='bbox 1078 2213 1174 2294; x_wconf 85' lang='lat' dir='ltr'>fecit,</span> <span class='ocrx_word' id='word_1_136' title='bbox 1203 2201 1236 2279; x_wconf 84' lang='lat' dir='ltr'>in</span> <span class='ocrx_word' id='word_1_137' title='bbox 1253 2214 1301 2278; x_wconf 86' lang='lat' dir='ltr'>illa</span> 
     </span>
     <span class='ocr_line' id='line_1_20' title="bbox 232 2310 1301 2396; baseline -0.001 -19"><span class='ocrx_word' id='word_1_138' title='bbox 232 2313 431 2378; x_wconf 88' lang='lat' dir='ltr'>admiramur</span> <span class='ocrx_word' id='word_1_139' title='bbox 452 2317 485 2374; x_wconf 89' lang='lat' dir='ltr'>et</span> <span class='ocrx_word' id='word_1_140' title='bbox 504 2310 573 2374; x_wconf 89' lang='lat' dir='ltr'>sine</span> <span class='ocrx_word' id='word_1_141' title='bbox 596 2310 789 2375; x_wconf 91' lang='lat' dir='ltr'>detrimento</span> <span class='ocrx_word' id='word_1_142' title='bbox 808 2310 1005 2393; x_wconf 83' lang='lat' dir='ltr'>virginitatis</span> <span class='ocrx_word' id='word_1_143' title='bbox 1027 2314 1204 2396; x_wconf 87' lang='lat' dir='ltr'>conjugalis</span> <span class='ocrx_word' id='word_1_144' title='bbox 1221 2334 1301 2378; x_wconf 88' lang='lat' dir='ltr'>sanc·</span> 
     </span>
     <span class='ocr_line' id='line_1_21' title="bbox 232 2409 1301 2496; baseline -0.001 -20"><span class='ocrx_word' id='word_1_145' title='bbox 232 2413 363 2477; x_wconf 89' lang='lat' dir='ltr'>titatem</span> <span class='ocrx_word' id='word_1_146' title='bbox 396 2415 429 2473; x_wconf 92' lang='lat' dir='ltr'>et</span> <span class='ocrx_word' id='word_1_147' title='bbox 457 2409 525 2472; x_wconf 90' lang='lat' dir='ltr'>sine</span> <span class='ocrx_word' id='word_1_148' title='bbox 558 2409 732 2492; x_wconf 89' lang='lat' dir='ltr'>opprobrio</span> <span class='ocrx_word' id='word_1_149' title='bbox 766 2410 951 2475; x_wconf 89' lang='lat' dir='ltr'>sterilitatis</span> <span class='ocrx_word' id='word_1_150' title='bbox 983 2411 1157 2478; x_wconf 87' lang='lat' dir='ltr'>fecundam</span> <span class='ocrx_word' id='word_1_151' title='bbox 1185 2412 1301 2496; x_wconf 83' lang='lat' dir='ltr'>virgini-</span> 
     </span>
     <span class='ocr_line' id='line_1_22' title="bbox 233 2501 565 2585; baseline -0.009 -10"><span class='ocrx_word' id='word_1_152' title='bbox 233 2517 344 2575; x_wconf 89' lang='lat' dir='ltr'>tatem.</span> <span class='ocrx_word' id='word_1_153' title='bbox 389 2501 565 2585; x_wconf 84' lang='lat' dir='ltr'>Quaeritur</span> 
     </span>
    </p>
   </div>
   <div class='ocr_carea' id='block_1_3' title="bbox 380 2671 1175 2756">
    <p class='ocr_par' dir='ltr' id='par_1_4' title="bbox 380 2671 1175 2756">
     <span class='ocr_line' id='line_1_23' title="bbox 380 2671 1175 2756; baseline 0.005 -20"><span class='ocrx_word' id='word_1_154' title='bbox 380 2673 429 2736; x_wconf 87' lang='lat'>1⁰:</span> <span class='ocrx_word' id='word_1_155' title='bbox 464 2671 586 2749; x_wconf 83' lang='lat' dir='ltr'>Quale</span> <span class='ocrx_word' id='word_1_156' title='bbox 615 2678 747 2737; x_wconf 84' lang='lat' dir='ltr'>votum</span> <span class='ocrx_word' id='word_1_157' title='bbox 775 2672 806 2736; x_wconf 91' lang='lat' dir='ltr'>b.</span> <span class='ocrx_word' id='word_1_158' title='bbox 834 2673 955 2756; x_wconf 83' lang='lat' dir='ltr'>Virgo</span> <span class='ocrx_word' id='word_1_159' title='bbox 985 2675 1175 2741; x_wconf 86' lang='lat' dir='ltr'>emiserit.</span> 
     </span>
    </p>
   </div>
   <div class='ocr_carea' id='block_1_4' title="bbox 178 2803 1306 3881">
    <p class='ocr_par' dir='ltr' id='par_1_5' title="bbox 178 2803 1306 3777">
     <span class='ocr_line' id='line_1_24' title="bbox 274 2803 1302 2886; baseline 0 -16"><span class='ocrx_word' id='word_1_160' title='bbox 274 2803 415 2870; x_wconf 81' lang='lat' dir='ltr'>&#39;Votum</span> <span class='ocrx_word' id='word_1_161' title='bbox 443 2825 501 2868; x_wconf 90' lang='lat' dir='ltr'>seu</span> <span class='ocrx_word' id='word_1_162' title='bbox 529 2803 711 2868; x_wconf 89' lang='lat' dir='ltr'>deliberata</span> <span class='ocrx_word' id='word_1_163' title='bbox 738 2805 909 2886; x_wconf 91' lang='lat' dir='ltr'>promissio</span> <span class='ocrx_word' id='word_1_164' title='bbox 939 2806 1009 2870; x_wconf 88' lang='lat' dir='ltr'>Deo</span> <span class='ocrx_word' id='word_1_165' title='bbox 1041 2805 1130 2872; x_wconf 86' lang='lat' dir='ltr'>facta</span> <span class='ocrx_word' id='word_1_166' title='bbox 1162 2809 1202 2874; x_wconf 90' lang='lat' dir='ltr'>de</span> <span class='ocrx_word' id='word_1_167' title='bbox 1228 2809 1302 2873; x_wconf 91' lang='lat' dir='ltr'>bono</span> 
     </span>
     <span class='ocr_line' id='line_1_25' title="bbox 232 2901 1303 2987; baseline -0.001 -19"><span class='ocrx_word' id='word_1_168' title='bbox 232 2903 374 2982; x_wconf 91' lang='lat' dir='ltr'>meliori,</span> <span class='ocrx_word' id='word_1_169' title='bbox 415 2903 443 2967; x_wconf 91' lang='lat' dir='ltr'>si</span> <span class='ocrx_word' id='word_1_170' title='bbox 484 2901 636 2966; x_wconf 84' lang='lat' dir='ltr'>effectum</span> <span class='ocrx_word' id='word_1_171' title='bbox 675 2902 846 2984; x_wconf 90' lang='lat' dir='ltr'>respicias,</span> <span class='ocrx_word' id='word_1_172' title='bbox 886 2904 937 2968; x_wconf 83' lang='lat' dir='ltr'>vel</span> <span class='ocrx_word' id='word_1_173' title='bbox 975 2905 1143 2987; x_wconf 87' lang='lat' dir='ltr'>simplex</span> <span class='ocrx_word' id='word_1_174' title='bbox 1181 2915 1229 2972; x_wconf 89' lang='lat' dir='ltr'>est</span> <span class='ocrx_word' id='word_1_175' title='bbox 1260 2905 1303 2969; x_wconf 85' lang='lat' dir='ltr'>vel</span> 
     </span>
     <span class='ocr_line' id='line_1_26' title="bbox 233 3001 1303 3088; baseline 0 -20"><span class='ocrx_word' id='word_1_176' title='bbox 233 3004 417 3069; x_wconf 89' lang='lat' dir='ltr'>solemne.</span> <span class='ocrx_word' id='word_1_177' title='bbox 461 3001 603 3083; x_wconf 83' lang='lat' dir='ltr'>Simplex</span> <span class='ocrx_word' id='word_1_178' title='bbox 633 3001 716 3065; x_wconf 91' lang='lat' dir='ltr'>illud</span> <span class='ocrx_word' id='word_1_179' title='bbox 745 3002 866 3066; x_wconf 89' lang='lat' dir='ltr'>dicitur</span> <span class='ocrx_word' id='word_1_180' title='bbox 895 3010 1021 3081; x_wconf 86' lang='lat' dir='ltr'>votum,</span> <span class='ocrx_word' id='word_1_181' title='bbox 1052 3025 1116 3087; x_wconf 91' lang='lat' dir='ltr'>quo</span> <span class='ocrx_word' id='word_1_182' title='bbox 1146 3007 1225 3088; x_wconf 90' lang='lat' dir='ltr'>quid</span> <span class='ocrx_word' id='word_1_183' title='bbox 1244 3005 1303 3069; x_wconf 93' lang='lat' dir='ltr'>Deo</span> 
     </span>
     <span class='ocr_line' id='line_1_27' title="bbox 232 3100 1303 3186; baseline -0.001 -21"><span class='ocrx_word' id='word_1_184' title='bbox 232 3101 446 3186; x_wconf 23' lang='lat' dir='ltr'>promittitur*</span> <span class='ocrx_word' id='word_1_185' title='bbox 458 3122 531 3165; x_wconf 92' lang='lat' dir='ltr'>cum</span> <span class='ocrx_word' id='word_1_186' title='bbox 553 3100 634 3164; x_wconf 88' lang='lat' dir='ltr'>reali</span> <span class='ocrx_word' id='word_1_187' title='bbox 654 3100 835 3166; x_wconf 88' lang='lat' dir='ltr'>intentione</span> <span class='ocrx_word' id='word_1_188' title='bbox 854 3123 888 3165; x_wconf 92' lang='lat' dir='ltr'>se</span> <span class='ocrx_word' id='word_1_189' title='bbox 911 3101 1078 3185; x_wconf 85' lang='lat' dir='ltr'>obligandi</span> <span class='ocrx_word' id='word_1_190' title='bbox 1095 3104 1186 3170; x_wconf 90' lang='lat' dir='ltr'>nullo</span> <span class='ocrx_word' id='word_1_191' title='bbox 1205 3111 1303 3170; x_wconf 90' lang='lat' dir='ltr'>tamen</span> 
     </span>
     <span class='ocr_line' id='line_1_28' title="bbox 233 3200 1303 3284; baseline -0.001 -20"><span class='ocrx_word' id='word_1_192' title='bbox 233 3206 419 3284; x_wconf 91' lang='lat' dir='ltr'>praesente,</span> <span class='ocrx_word' id='word_1_193' title='bbox 450 3200 506 3284; x_wconf 91' lang='lat' dir='ltr'>qui</span> <span class='ocrx_word' id='word_1_194' title='bbox 534 3206 645 3264; x_wconf 85' lang='lat' dir='ltr'>votum</span> <span class='ocrx_word' id='word_1_195' title='bbox 673 3205 824 3283; x_wconf 90' lang='lat' dir='ltr'>acceptet</span> <span class='ocrx_word' id='word_1_196' title='bbox 852 3201 956 3265; x_wconf 89' lang='lat' dir='ltr'>totius</span> <span class='ocrx_word' id='word_1_197' title='bbox 982 3200 1148 3268; x_wconf 82' lang='lat' dir='ltr'>Ecclesiae</span> <span class='ocrx_word' id='word_1_198' title='bbox 1177 3203 1303 3268; x_wconf 90' lang='lat' dir='ltr'>nomine.</span> 
     </span>
     <span class='ocr_line' id='line_1_29' title="bbox 232 3291 1306 3383; baseline -0.001 -18"><span class='ocrx_word' id='word_1_199' title='bbox 232 3299 272 3365; x_wconf 92' lang='lat' dir='ltr'>In</span> <span class='ocrx_word' id='word_1_200' title='bbox 293 3299 354 3364; x_wconf 90' lang='lat' dir='ltr'>hoc</span> <span class='ocrx_word' id='word_1_201' title='bbox 373 3291 503 3383; x_wconf 90' lang='lat' dir='ltr'>proprie</span> <span class='ocrx_word' id='word_1_202' title='bbox 526 3299 590 3364; x_wconf 88' lang='lat' dir='ltr'>sita</span> <span class='ocrx_word' id='word_1_203' title='bbox 612 3306 662 3363; x_wconf 92' lang='lat' dir='ltr'>est</span> <span class='ocrx_word' id='word_1_204' title='bbox 680 3299 748 3363; x_wconf 84' lang='lat' dir='ltr'>voti</span> <span class='ocrx_word' id='word_1_205' title='bbox 769 3299 924 3382; x_wconf 90' lang='lat' dir='ltr'>simplicis</span> <span class='ocrx_word' id='word_1_206' title='bbox 945 3301 1040 3380; x_wconf 91' lang='lat' dir='ltr'>ratio,</span> <span class='ocrx_word' id='word_1_207' title='bbox 1060 3300 1108 3366; x_wconf 89' lang='lat' dir='ltr'>ita</span> <span class='ocrx_word' id='word_1_208' title='bbox 1129 3308 1167 3368; x_wconf 94' lang='lat' dir='ltr'>ut</span> <span class='ocrx_word' id='word_1_209' title='bbox 1189 3303 1306 3367; x_wconf 88' lang='lat' dir='ltr'>dicatur</span> 
     </span>
     <span class='ocr_line' id='line_1_30' title="bbox 178 3391 1304 3481; baseline 0.003 -24"><span class='ocrx_word' id='word_1_210' title='bbox 178 3452 181 3457; x_wconf 84' lang='lat'><em>.</em></span> <span class='ocrx_word' id='word_1_211' title='bbox 233 3398 383 3480; x_wconf 86' lang='lat' dir='ltr'>simplex,</span> <span class='ocrx_word' id='word_1_212' title='bbox 414 3398 541 3463; x_wconf 92' lang='lat' dir='ltr'>etiamsi</span> <span class='ocrx_word' id='word_1_213' title='bbox 561 3397 691 3480; x_wconf 92' lang='lat' dir='ltr'>publice</span> <span class='ocrx_word' id='word_1_214' title='bbox 721 3419 894 3481; x_wconf 89' lang='lat' dir='ltr'>coramque</span> <span class='ocrx_word' id='word_1_215' title='bbox 916 3399 1065 3481; x_wconf 91' lang='lat' dir='ltr'>plurimis</span> <span class='ocrx_word' id='word_1_216' title='bbox 1086 3391 1146 3465; x_wconf 88' lang='lat' dir='ltr'>fiat</span> <span class='ocrx_word' id='word_1_217' title='bbox 1167 3401 1304 3466; x_wconf 90' lang='lat' dir='ltr'>testibus.</span> 
     </span>
     <span class='ocr_line' id='line_1_31' title="bbox 234 3496 1304 3582; baseline -0.004 -19"><span class='ocrx_word' id='word_1_218' title='bbox 234 3496 384 3563; x_wconf 84' lang='lat' dir='ltr'>Solemne</span> <span class='ocrx_word' id='word_1_219' title='bbox 414 3518 431 3560; x_wconf 98' lang='lat' dir='ltr'>e</span> <span class='ocrx_word' id='word_1_220' title='bbox 460 3503 574 3561; x_wconf 91' lang='lat' dir='ltr'>contra</span> <span class='ocrx_word' id='word_1_221' title='bbox 602 3504 714 3561; x_wconf 87' lang='lat' dir='ltr'>votum</span> <span class='ocrx_word' id='word_1_222' title='bbox 742 3497 943 3577; x_wconf 88' lang='lat' dir='ltr'>nominatur,</span> <span class='ocrx_word' id='word_1_223' title='bbox 973 3498 1000 3562; x_wconf 93' lang='lat' dir='ltr'>si</span> <span class='ocrx_word' id='word_1_224' title='bbox 1029 3498 1101 3581; x_wconf 92' lang='lat' dir='ltr'>quis</span> <span class='ocrx_word' id='word_1_225' title='bbox 1123 3500 1250 3582; x_wconf 92' lang='lat' dir='ltr'>publice</span> <span class='ocrx_word' id='word_1_226' title='bbox 1274 3517 1304 3561; x_wconf 91' lang='lat' dir='ltr'>se</span> 
     </span>
     <span class='ocr_line' id='line_1_32' title="bbox 234 3595 1306 3682; baseline 0 -22"><span class='ocrx_word' id='word_1_227' title='bbox 234 3596 358 3677; x_wconf 81' lang='lat' dir='ltr'>obligat</span> <span class='ocrx_word' id='word_1_228' title='bbox 396 3600 467 3660; x_wconf 92' lang='lat' dir='ltr'>tota</span> <span class='ocrx_word' id='word_1_229' title='bbox 505 3596 652 3660; x_wconf 88' lang='lat' dir='ltr'>Ecclesia</span> <span class='ocrx_word' id='word_1_230' title='bbox 690 3595 886 3660; x_wconf 88' lang='lat' dir='ltr'>admittente</span> <span class='ocrx_word' id='word_1_231' title='bbox 927 3603 1039 3661; x_wconf 92' lang='lat' dir='ltr'>votum</span> <span class='ocrx_word' id='word_1_232' title='bbox 1077 3619 1136 3680; x_wconf 88' lang='lat' dir='ltr'>per</span> <span class='ocrx_word' id='word_1_233' title='bbox 1175 3599 1306 3682; x_wconf 90' lang='lat' dir='ltr'>aliquem</span> 
     </span>
     <span class='ocr_line' id='line_1_33' title="bbox 234 3693 1015 3777; baseline -0.001 -18"><span class='ocrx_word' id='word_1_234' title='bbox 234 3695 434 3777; x_wconf 89' lang='lat' dir='ltr'>superiorem</span> <span class='ocrx_word' id='word_1_235' title='bbox 454 3695 666 3777; x_wconf 90' lang='lat' dir='ltr'>peculiariter</span> <span class='ocrx_word' id='word_1_236' title='bbox 687 3694 728 3758; x_wconf 92' lang='lat' dir='ltr'>ab</span> <span class='ocrx_word' id='word_1_237' title='bbox 752 3715 791 3758; x_wconf 94' lang='lat' dir='ltr'>ea</span> <span class='ocrx_word' id='word_1_238' title='bbox 812 3693 1015 3776; x_wconf 89' lang='lat' dir='ltr'>deputatum.</span> 
     </span>
    </p>

    <p class='ocr_par' dir='ltr' id='par_1_6' title="bbox 294 3793 1304 3881">
     <span class='ocr_line' id='line_1_34' title="bbox 294 3793 1304 3881; baseline -0.003 -23"><span class='ocrx_word' id='word_1_239' title='bbox 294 3794 416 3858; x_wconf 88' lang='lat' dir='ltr'>Votum</span> <span class='ocrx_word' id='word_1_240' title='bbox 434 3793 570 3876; x_wconf 87' lang='lat' dir='ltr'>simplex</span> <span class='ocrx_word' id='word_1_241' title='bbox 589 3801 623 3876; x_wconf 82' lang='lat' dir='ltr'>et</span> <span class='ocrx_word' id='word_1_242' title='bbox 639 3793 781 3859; x_wconf 92' lang='lat' dir='ltr'>solemne</span> <span class='ocrx_word' id='word_1_243' title='bbox 805 3793 1024 3860; x_wconf 87' lang='lat' dir='ltr'>continentiae</span> <span class='ocrx_word' id='word_1_244' title='bbox 1043 3817 1100 3860; x_wconf 91' lang='lat' dir='ltr'>seu</span> <span class='ocrx_word' id='word_1_245' title='bbox 1118 3793 1304 3881; x_wconf 81' lang='lat' dir='ltr'>virginitatis</span> 
     </span>
    </p>
   </div>
   <div class='ocr_carea' id='block_1_5' title="bbox 303 4008 561 4075">
    <p class='ocr_par' dir='ltr' id='par_1_7' title="bbox 303 4008 561 4075">
     <span class='ocr_line' id='line_1_35' title="bbox 303 4008 561 4075; baseline 0.008 -13"><span class='ocrx_word' id='word_1_246' title='bbox 303 4008 322 4075; x_wconf 84' lang='lat'>¹)</span> <span class='ocrx_word' id='word_1_247' title='bbox 341 4008 370 4062; x_wconf 91' lang='lat' dir='ltr'>P.</span> <span class='ocrx_word' id='word_1_248' title='bbox 390 4008 411 4072; x_wconf 91' lang='lat' dir='ltr'>l,</span> <span class='ocrx_word' id='word_1_249' title='bbox 430 4009 496 4064; x_wconf 87' lang='lat' dir='ltr'>diss.</span> <span class='ocrx_word' id='word_1_250' title='bbox 514 4009 561 4064; x_wconf 90' lang='lat' dir='ltr'>lX.</span> 
     </span>
    </p>
   </div>
   <div class='ocr_carea' id='block_1_6' title="bbox 0 0 1376 4560">
    <p class='ocr_par' dir='ltr' id='par_1_8' title="bbox 0 0 1376 4560">
     <span class='ocr_line' id='line_1_36' title="bbox 0 0 1376 4560; baseline 0 0"><span class='ocrx_word' id='word_1_251' title='bbox 0 0 1376 4560; x_wconf 95' lang='lat' dir='ltr'> </span> 
     </span>
    </p>
   </div>
  </div>
 </body>
</html>
