2782 4554
786 363 847 421 540

270 524 400 588 scribit.
438 523 536 604 „Jure
566 542 642 603 ergo
672 528 730 604 opt
731 522 795 586 imo
824 520 1053 603 conceptionis
1082 521 1225 584 beatae
1230 520 1341 585 Mariae
1372 555 1373 612 ι

270 622 393 688 festum
412 621 454 686 ab
476 620 643 703 Apostolis
664 620 854 685 institutum
875 619 1068 684 credimusf‘
1372 633 1373 682 ι

333 720 567 803 Sedlmayr'
558 742 593 783 ιιι
611 740 709 802 opere
728 741 786 784 suo
803 719 926 802 pluries
945 718 1047 783 citato
1065 718 1149 783 hanc
1168 719 1373 818 opinionem
1372 691 1373 740 l

269 827 390 902 putans
407 819 611 903 probabilem
633 818 754 900 allegat
776 819 904 902 aliquot
923 819 1000 882 noui
1020 817 1213 882 testamenti
1235 821 1373 895 textus

271 920 327 1003 qui
348 919 412 984 sibi
429 919 539 984 favere
560 919 672 983 rident
658 925 712 983 tur
733 941 792 984 nec
814 940 879 983 non
897 919 1048 1001 liturgias
1070 918 1204 1001 supra1)
1228 917 1340 984 citatas.

271 1020 392 1084 Graves
420 1041 496 1084 vero
529 1025 695 1096 auctores,
729 1020 786 1102 qui
813 1019 889 1084 huic
918 1019 1167 1100 patrocinentur
1199 1017 1340 1100 opinioni,

269 1112 382 1183 afferri
402 1140 467 1183 non
485 1124 632 1201 possunt.
676 1119 779 1182 Flavii
807 1119 892 1183 liber
913 1140 933 1182 a
954 1117 1118 1183 nonnullis
1146 1124 1187 1181 ut
1208 1117 1341 1199 supposi-

82 1197 84 1201 ι
151 1259 153 1265 1
270 1217 364 1282 titius
385 1217 542 1300 rejicitur.

332 1321 360 1378 2.
395 1315 432 1380 ln
454 1316 601 1381 Ecclesia
629 1335 778 1398 graeca
807 1315 868 1380 hoc
896 1316 1103 1398 festumjam
1132 1338 1153 1380 a
1182 1315 1341 1380 saeculo

271 1416 410 1497 quinto
429 1416 619 1480 innovatum
636 1414 726 1478 fuit..
750 1414 878 1480 Floruit
895 1423 974 1481 tunc
992 1416 1150 1498 temporis
1172 1437 1196 1478 s.
1217 1415 1341 1488 Sabas,

270 1515 543 1580 monasteriorum
562 1514 768 1579 Palaestinae
792 1514 909 1593 abbas,
938 1515 995 1599 qui
1015 1515 1157 1598 plurima
1178 1513 1302 1578 triodia
1320 1514 1343 1575 in
1372 1499 1373 1572 l

269 1613 426 1678 honorem
443 1613 672 1678 immaculatae
683 1611 826 1694 Virginis
845 1613 1027 1705 composuit
1045 1619 1079 1678 et
1097 1613 1139 1676 ab
1151 1613 1343 1695 Imperatore

269 1711 454 1776 Justiniano
483 1712 565 1776 alias
598 1713 686 1777 inter
714 1713 835 1795 gratias
868 1712 968 1776 etiam
997 1733 1070 1776 eam
1102 1713 1262 1789 obtinuit,
1298 1719 1344 1792 ,ut

271 1810 432 1893 Deiparae
453 1813 596 1895 Virginis
618 1811 776 1895 templum
798 1811 839 1875 ab
862 1811 949 1890 Elia,
979 1811 1278 1894 Hierosolymitano
1299 1831 1344 1892 pa-

270 1909 422 1989 triarcha,
446 1911 612 1976 aedificari
640 1916 793 1998 coeptum
814 1911 1050 1993 perficeretflff)
1094 1912 1143 1975 De
1173 1911 1231 1975 illo
1253 1909 1345 1974 refert

271 2010 425 2091 Garum)
469 2011 627 2093 ,Scripsit
648 2013 683 2076 in
705 2034 800 2076 usum
831 2013 881 2076 sui
908 2011 1097 2076 monasterii
1119 2011 1267 2093 typicum
1288 2010 1344 2072 siue

270 2108 417 2174 ordinem
438 2110 599 2174 recitandi
628 2110 767 2176 officium
795 2109 1052 2175 ecclesiasticum
1073 2129 1133 2192 per
1161 2115 1271 2173 totum
1297 2129 1344 2170 an·

270 2229 347 2271 num
366 2257 373 2269 .
393 2257 398 2270 .
418 2230 441 2286 .;
463 2208 679 2274 barbarorum
706 2209 946 2274 incursionibus
975 2208 1191 2290 depravatum
1217 2215 1250 2271 et
1271 2227 1344 2289 pene

270 2307 492 2390 deperditum,
525 2309 668 2374 Joannes
697 2310 918 2374 Damascenus
950 2329 1066 2390 magno
1099 2306 1210 2371 studio
1239 2313 1345 2389 postea

269 2408 416 2472 restituit
445 2416 478 2473 et
504 2410 701 2474 renovavit.“
743 2409 782 2473 In
801 2409 863 2473 hoc
893 2415 1004 2474 autem
1030 2406 1140 2490 typico
1170 2406 1290 2488 legitur
1307 2403 1344 2468 ad

271 2507 356 2581 diem
391 2528 511 2572 nonam
548 2507 787 2590 Decembris:4)
827 2507 1025 2589 ,Conceptio
1061 2512 1194 2570 sanctae
1231 2505 1342 2579 Annae,
1372 2543 1373 2588 ι

269 2606 384 2670 matris
406 2606 589 2689 Deiparae“
611 2607 631 2670 i.
655 2628 681 2670 e.
705 2608 812 2672 activa
840 2630 864 2671 s.
887 2608 1014 2684 Annae,
1045 2626 1128 2688 quae
1152 2612 1204 2669 est
1225 2604 1343 2688 passiva

270 2704 299 2766 b.
323 2703 473 2787 Virginis.

332 2804 467 2869 Saeculo
494 2804 577 2868 VII.
605 2805 725 2869 claruit
757 2827 780 2870 s.
811 2803 999 2868 Andreas
1029 2803 1266 2882 Cretensis,
1294 2803 1340 2884 qui

270 2901 526 2968 ecclesiasticum
561 2926 620 2987 pro
657 2905 789 2970 Graecis
825 2904 1007 2987 composuit
1042 2902 1182 2969 officium
1217 2904 1275 2968 sub
1306 2903 1340 2966 ti·

269 3001 356 3065 tulo:
392 3002 474 3084 ,Die
501 3025 587 3067 nona
614 3004 811 3069 Decembris
837 3003 1032 3086 'Conceptio
1061 3008 1195 3068 sanetae
1224 3023 1262 3066 ac
1288 3000 1338 3064 Dei

269 3101 360 3165 aviae
373 3102 515 3166 Annae.“
538 3103 631 3167 Anno
647 3110 707 3168 750
727 3104 924 3181 loannes,
945 3102 1146 3167 Eubaeensis
1169 3103 1336 3185 episcopus,

269 3201 385 3266 habuit
417 3203 598 3267 orationem
631 3203 691 3285 ,de
724 3203 945 3286 Conceptione
977 3202 1170 3283 Deiparae.“
1226 3201 1338 3283 ,Prima

269 3301 413 3364 omnium
435 3301 608 3384 insignium
630 3302 882 3381 solemnitatum,
906 3302 1021 3385 inquit,
1032 3302 1057 3382 5)
1087 3322 1126 3364 ea
1148 3309 1209 3380 est,
1231 3302 1263 3365 in
1283 3313 1373 3381 qua3

267 3398 415 3463 Joachim
437 3406 471 3464 et
489 3401 582 3464 Anna
604 3400 749 3465 faustum
767 3400 986 3483 generationis
1005 3400 1100 3482 plane
1123 3399 1337 3465 immaculatae

336 3599 355 3666 ¹)
373 3599 427 3654 Cfr.
448 3615 509 3667 pag.
528 3601 559 3651 18
576 3616 614 3667 sq.
656 3601 678 3665 ²)
697 3599 740 3654 lte
757 3600 852 3653 Surius
875 3599 910 3652 ad
929 3599 1002 3652 diem
1021 3600 1054 3654 V.
1072 3599 1249 3665 Decembris;
1274 3593 1335 3664 apud

268 3681 383 3734 Gravois
402 3681 437 3735 de
457 3686 519 3734 ortu
537 3685 566 3734 et
583 3698 730 3750 progressu
747 3683 837 3736 cultus
855 3698 888 3736 ac
909 3681 973 3735 festi
995 3681 1167 3735 immaculati
1186 3682 1335 3748 Conceptus

268 3763 381 3817 Summa
410 3780 495 3816 aurea
524 3767 591 3818 tom.
615 3763 691 3828 Vlll,
717 3780 781 3832 pag.
802 3766 858 3818 291,
908 3767 929 3830 5)
952 3764 1022 3818 Hist.
1045 3763 1132 3817 litter.
1157 3781 1219 3833 pag.
1240 3764 1286 3816 296
1306 3759 1333 3811 sd

208 3885 210 3888 -
268 3862 371 3899 annum
387 3847 446 3900 484.
478 3846 500 3912 4)
516 3846 574 3899 Fol.
587 3849 617 3900 31
634 3846 701 3901 edit.
723 3847 822 3900 Venet.
837 3849 909 3901 1545.
942 3847 964 3913 5)
981 3846 1091 3914 Sylloge
1109 3851 1333 3900 monumentorum

267 3926 302 3980 ad
319 3927 482 3994 mysterium
500 3928 695 3996 conceptionis
713 3929 906 3983 immaculutae
921 3929 1044 3997 Virginis
1059 3929 1196 3996 Deipsrae
1213 3929 1333 3982 illustrau-

268 4009 334 4061 dum
353 4024 419 4062 curu
436 4011 582 4064 Ballerinii
598 4027 620 4062 s.
636 4011 662 4065 J.
680 4011 784 4065 Romae
805 4013 875 4065 1854.
