2728 4560
737 340 797 399 214
846 341 848 344 ’

225 505 259 564 11
280 499 453 563 essentiam
482 498 701 562 necessarium
722 519 792 563 esse
819 499 939 564 dicant.
983 500 1034 588 Ad
1054 500 1198 565 valorem
1218 502 1286 566 enin

223 597 424 661 matrimonii
453 596 636 660 necessario
669 597 863 679 requiritur,
901 603 939 662 ut
971 599 1200 665 contrahentes
1230 623 1287 666 con-

224 694 383 759 sentiant:
416 716 444 758 a.
474 693 512 757 In
540 701 688 760 mutuam
716 695 850 760 dominii
878 697 1005 780 proprii
1033 700 1179 782 corporis
1206 700 1288 765 tradi-

224 793 348 882 tionem
376 792 417 856 ad
439 814 534 857 usum
563 793 781 877 conjugalem
813 795 846 858 in
875 816 914 859 ea
942 797 1094 862 consistit
1121 805 1289 863 contractus

224 891 473 956 matrimonialis
506 893 655 956 essentia.
710 893 740 956 b.
771 894 809 958 ln
840 894 1040 959 matrimonii
1071 897 1235 982 vinculum
1260 918 1288 960 ex

224 997 344 1056 natura
365 1013 425 1055 sua
447 998 657 1074 perpetuum,
688 993 790 1058 donec
817 994 902 1059 alter
930 996 1099 1058 moriatur.
1144 1018 1170 1060 c.
1192 994 1288 1059 11011-

225 1090 414 1172 ligationem
454 1090 611 1155 reddendi
650 1092 813 1171 debitum,
856 1115 956 1175 quum
998 1092 1109 1158 debite
1150 1095 1288 1177 exigatur.

226 1189 471 1256 Matrimonium
505 1197 633 1254 natura·
661 1213 720 1256 sua
756 1192 798 1256 ad
829 1193 930 1275 prolis
963 1192 1232 1275 procreationem·
1253 1213 1291 1256 or-

227 1288 375 1367 dinatur3
405 1288 447 1352 ad
469 1290 555 1371 quod
577 1312 677 1372 quum
706 1290 823 1374 copula
844 1291 1063 1356 necessarium
1092 1292 1136 1356 sit
1157 1292 1290 1367 medium,

228 1387 328 1452 etiam
354 1388 552 1451 matrimonii
577 1389 761 1454 substantia
791 1390 951 1454 excluso
981 1390 1085 1454 omni
1114 1411 1291 1455 consensu

227 1486 275 1550 ad
302 1487 482 1568 copulam
509 1487 686 1551 consistere
707 1488 795 1552 haud
817 1489 912 1554 valet.
957 1488 1087 1571 Duplex
1108 1511 1129 1552 a
1150 1488 1292 1570 theologis

227 1584 288 1648 hac
307 1585 341 1648 in
359 1607 394 1649 re
417 1606 591 1650 consensus
614 1587 828 1652 communiter
846 1588 1067 1670 distinguitur,
1092 1588 1292 1670 explicitus
1350 1626 1351 1664 1

196 1707 199 1716 ’
228 1705 344 1766 nempe
381 1690 414 1760 et
450 1684 691 1766 implicitus,
731 1707 870 1768 quorum
900 1686 953 1750 hic
988 1686 1022 1749 in
1059 1687 1209 1769 copulam
1242 1705 1292 1748 101
1350 1673 1351 1724 Ῑ

229 1783 334 1846 solum
363 1805 402 1848 ex
422 1791 517 1866 parte
546 1791 796 1859 1011110111,
826 1784 1012 1848 sedetiam
1041 1792 1196 1868 exparte
1224 1805 1293 1848 con-

229 1882 476 1947 trahentium
508 1883 587 1947 ferri
615 1890 733 1966 potest.
784 1883 878 1948 Unde
907 1883 1056 1965 quaestio
1086 1885 1230 1947 exoritur
1254 1885 1294 1945 sat

230 1981 377 2094 difficilis,
406 1983 585 2094 quisnam
615 2004 831 2047 consensus
860 1982 907 2046 ad
935 1982 1151 2046 essentiam
1178 1979 1295 2046 matri·

229 2082 351 2146 monii
382 2083 609 2147 necessario
641 2083 876 2165 requiratur
907 2103 950 2145 ao
983 2080 1177 2146 sufficiat.
1228 2079 1295 2145 Tri·

230 2180 423 2262 plicam
396 2203 483 2246 11111
505 2182 584 2246 haec
605 2203 662 2246 sen
664 2182 852 2246 tentiamst
854 2187 1011 2244 atuerunt
1031 2179 1184 2293 theologi.

292 2279 428 2344 Prima
463 2281 595 2359 asserit,
632 2302 823 2344 consensum
860 2279 1050 2362 explicitum
1080 2280 1115 2343 in
1148 2278 1297 2344 carnalem

230 2380 493 2444 commixtionem
527 2381 649 2464 requiri
672 2380 723 2444 ad
754 2402 866 2445 verum
901 2379 1167 2444 constituendum
1201 2375 1297 2442 matri·

231 2478 383 2541 monium.
439 2479 616 2544 Secunda
652 2480 694 2543 ad
727 2479 900 2544 essentiam
935 2478 1134 2542 matrimonii
1168 2475 1296 2541 sufficere

232 2576 328 2642 docet
356 2600 546 2644 consensum
576 2579 771 2662 implicitum
802 2579 836 2642 in
869 2577 1019 2660 copulam
1050 2583 1083 2641 et
1112 2576 1241 2658 quidem
1266 2593 1298 2635 ex

232 2683 327 2757 parte
357 2684 557 2756 contractus,
587 2678 684 2742 sicuti
713 2699 752 2742 ex
773 2683 868 2760 parte
898 2674 1172 2741 contrahentium.
1213 2673 1299 2738 Juxta

233 2776 383 2840 tertiae
412 2778 592 2841 sententiae
615 2783 771 2858 patronos
800 2796 905 2857 neque
937 2773 1108 2857 explicitus
1130 2770 1299 2856 111111111-

232 2874 365 2956 plicitns
388 2897 562 2940 consensus
585 2876 619 2938 in
641 2874 791 2957 copulam
812 2896 852 2937 ex
872 2879 967 2956 parte
989 2871 1247 2937 contrahentium
1264 2863 1299 2929 ad

233 2975 431 3040 matrimonii
453 2975 627 3040 essentiam
653 2975 839 3057 requiritur,
863 2972 920 3036 sed
942 2992 1116 3036 consensus
1138 2967 1300 3079 implicitus

234 3093 274 3136 ex
292 3080 367 3155 part
370 3095 386 3136 e
410 3081 595 3138 contractus
613 3073 709 3155 plane
732 3071 857 3136 sufficit.
835 3069 1047 3153 tSingulas
1064 3070 1124 3134 has
1147 3067 1300 3152 opiniones

234 3172 376 3254 penitius
400 3194 569 3254 exponere,
588 3193 647 3254 pro
666 3177 741 3236 nost
742 3193 778 3234 ro
727 3169 934 3235 ttfine
884 3168 1074 3251 attingendo
1097 3174 1302 3302 opportunum

231 3271 424 3353 judicamus.
467 3273 553 3390 Hinc

730 3461 761 3544 1.
784 3457 817 3525 a

267 3617 491 3682 Consensus
520 3615 737 3699 explicitus
767 3611 1015 3681 adualcrem
1043 3603 1279 3675 matrimonii

566 3714 721 3778 minime
751 3711 984 3794 requiritur.

296 3865 443 3930 Wiclef
447 3865 527 3929 1111
550 3863 699 3947 copulam
724 3859 889 3925 carnalem
909 3858 1034 3922 habens
1055 3863 1184 3940 partem
1204 3847 1301 3917 matri·

236 3967 336 4030 monii
363 3965 571 4030 essentialem
600 3961 769 4054 contendit
796 3981 939 4043 quoqne,
970 3957 1039 4023 sine
1069 3975 1217 4040 expresso
1236 3969 1302 4014 con·
