2728 4560
574 322 634 382 247
725 388 729 397 ,

77 484 247 550 mirabilius
276 481 422 566 jucunda
454 503 512 546 suo
544 481 628 561 viro,
667 481 745 565 quia
777 481 877 546 etiam
907 480 1047 547 fecunda
1077 483 1147 550 sine

77 583 149 662 uro,
176 581 268 666 prole
290 581 416 664 dispar,
445 580 509 648 fide
537 581 700 664 compar.“
742 581 812 646 Hoc
833 603 930 664 porro
953 604 976 647 s.
1000 583 1146 649 Antiates

78 703 109 746 eo
135 681 316 760 confirmat,
347 679 434 763 quod
461 679 492 743 vi
512 679 609 762 hujus
638 678 780 762 conjugii
807 701 831 744 s.
852 681 975 764 ioseph
1003 684 1146 765 appella-

77 787 123 844 tus
151 781 194 845 sit
220 786 316 863 pater
346 778 483 857 Christi,
516 778 706 861 subjiciens:
744 777 903 861 „Propter
934 781 1021 864 quod
1050 781 1146 848 fidele

78 881 250 964 conjugium
277 885 430 963 parentes
459 877 581 944 Christi
612 879 720 943 111111
751 879 846 944 ambo
875 887 1078 960 meruerunt,
1113 888 1147 946 et

77 999 134 1043 non
153 978 255 1044 solum
276 977 334 1042 illa
354 983 475 1056 mater,
503 998 615 1041 verum
637 977 738 1041 etiam
761 977 816 1042 ille
837 984 933 1060 pater
954 980 1032 1062 ejus,
1061 980 1147 1048 sicut

79 1079 183 1160 conjux
209 1077 325 1142 matris
355 1077 438 1160 ejus,
459 1082 643 1158 ¹utrumque
674 1082 799 1155 mente,
829 1098 895 1141 non
910 1099 1029 1142 came.
1074 1079 1146 1144 Sive

78 1183 175 1240 tamen
203 1176 258 1240 ille
280 1180 377 1258 pater
405 1174 474 1239 sola
503 1180 628 1252 mente,
662 1174 727 1240 sive
755 1174 813 1239 illa
841 1182 947 1240 mater
976 1183 1010 1241 et
1038 1199 1144 1259 carne,

77 1283 216 1356 parentes
237 1281 349 1340 tamen
376 1274 471 1338 ambo
493 1273 689 1338 humilitatis
719 1274 801 1357 ejus,
831 1296 896 1338 non
918 1275 1144 1358 sublimitatis3

78 1373 273 1454 infirmitatis
295 1395 361 1438 non
383 1372 572 1437 divinitatis.
616 1371 730 1454 Neque
757 1373 843 1436 enim
863 1375 1022 1439 mentitur
1042 1377 1146 1441 Evan-

79 1473 201 1554 gelium,
240 1474 298 1538 ubi
326 1472 461 1555 legitur:
503 1472 572 1554 ,Et
601 1477 715 1536 erant
742 1473 842 1556 peter
869 1472 944 1559 ejus
972 1476 1010 1542 et
1035 1477 1147 1545 111111

78 1572 256 1637 mirantes
283 1592 402 1654 super
422 1570 492 1649 his,
517 1591 617 1653 quae
645 1570 885 1635 dicebantur
906 1571 952 1635 de
974 1572 1083 1660 illo;“
1105 1611 1144 1622 -—

78 1677 130 1750 ,et
153 1671 265 1736 ibant
291 1675 480 1754 parentes
510 1670 595 1752 ejus
621 1690 690 1751 per
718 1690 849 1733 omnes
876 1691 998 1735 annos
1026 1672 1065 1736 in
1085 1673 1145 1738 Je-

77 1770 271 1849 111111111;α
294 1807 334 1815 -
356 1766 416 1851 ,et
437 1768 541 1833 dixit
562 1769 674 1836 mater
694 1767 770 1854 ojus
791 1768 840 1832 ad
860 1767 1008 1834 illum“:
1037 1772 1142 1853 ,Fili
1258 1812 1259 1816 =

78 1868 161 1948 quid
195 1868 335 1933 fecisti
369 1868 484 1932 nobis
519 1867 597 1932 sic?
636 1867 735 1930 Ecce
767 1868 868 1952 pstor
898 1871 979 1936 tuus
1010 1873 1048 1938 et
1079 1889 1144 1956 ego

79 1955 250 2032 dolentes
279 1966 567 2050 quaerebamus
593 1966 663 2030 te.“

131 2065 339 2130 Demonstrat
365 2065 395 2129 d.
419 2065 666 2147 Augustinus
692 2063 789 2147 hujus
810 2065 952 2148 conjugii
973 2067 1144 2133 veritatem

78 2182 111 2225 111
137 2165 216 2228 serie
245 2165 453 2248 genealogica
480 2169 655 2247 parentum
676 2162 812 2242 Christi,
842 2185 940 2247 quam
967 2187 1069 2248 usque
1101 2167 1144 2231 ad

78 2281 97 2324 1.
123 2262 240 2346 Joseph
270 2263 344 2328 ideo
371 2263 565 2346 perductam
594 2283 664 2327 esse
693 2263 826 2341 asserit,
859 2267 897 2326 ut
928 2284 952 2326 s.
982 2263 1143 2348 Deiparae

78 2362 156 2444 origo
188 2363 409 2427 innotesceret
444 2368 478 2426 et
509 2362 655 2444 conjugis
691 2360 803 2426 debita
836 2360 1014 2428 haberetur
1046 2364 1142 2430 ratio.

77 2459 213 2527 Julianus
235 2484 336 2546 quum
362 2483 385 2526 s.
408 2461 548 2526 Mariam
575 2461 609 2524 in
628 2460 797 2525 hominum
823 2460 974 2543 opinione
999 2467 1144 2526 tantum-

78 2560 160 2625 modo
188 2583 212 2626 s.
238 2560 375 2644 dosephi
402 2561 572 2644 conjugem
599 2559 701 2624 fuisse
729 2559 861 2639 dixerit,
891 2582 915 2624 s.
943 2560 1143 2643 Augustinus

78 2679 141 2723 eum
159 2661 246 2726 hisce
269 2661 389 2726 devicit
410 2661 531 2726 verbis:
543 2661 566 2744 ¹)
591 2659 778 2744 ,Numquid
800 2666 834 2725 et
853 2659 986 2742 angelus
1006 2659 1143 2743 loquens

78 2779 150 2824 unus
177 2760 219 2824 ad
248 2782 365 2839 unum,
395 2766 510 2826 contra
538 2759 771 2825 conscientiam
800 2765 834 2825 et
861 2779 953 2824 suam
981 2765 1015 2824 et
1041 2759 1142 2842 ipsius

78 2858 123 2920 cui
140 2858 342 2942 loquebatur,
365 2859 542 2924 secundum
564 2859 748 2942 opinionem
768 2857 888 2941 potius,
911 2877 1009 2940 quam
1029 2878 1143 2922 secun·

78 2954 145 3020 dum
173 2959 346 3023 veritatem
376 2958 486 3024 fuerat
517 2958 703 3037 locuturus,
740 2958 797 3041 qui
829 2957 860 3022 ei
893 2956 991 3023 dixit:
1031 2955 1143 3040 ,Noli

77 3055 206 3123 timere
233 3059 416 3142 accipere
443 3059 607 3124 Mariam
633 3056 878 3141 1111111111(ί
911 3055 1036 3120 Deinde
1063 3056 1143 3139 quid

77 3173 148 3234 opus
168 3163 252 3236 erat,
282 3164 320 3222 ut
341 3178 443 3241 usque
473 3157 516 3222 ad
535 3157 713 3239 Josephum
740 3155 967 3239 generationes
986 3154 1143 3237 perduce-

78 3260 193 3334 rentur,
222 3257 339 3340 sinon
366 3278 404 3322 ea
431 3256 569 3321 veritate
597 3255 722 3338 factum
750 3261 815 3334 est,
845 3276 911 3338 qua
937 3255 971 3319 in
992 3255 1141 3338 conjugio

78 3371 162 3418 sexus
181 3355 282 3420 virilis
311 3355 463 3421 excellit?
496 3354 589 3432 Quod
611 3377 670 3438 ego
698 3355 733 3420 in
753 3354 852 3434 libr0,
883 3355 936 3419 cui
955 3354 1140 3437 respondes

78 3470 165 3531 quum
175 3455 363 3537 posuissem,
376 3461 414 3520 tu
426 3477 560 3538 prorsus
573 3454 736 3538 attingere
748 3453 915 3519 timuisti
926 3453 1015 3517 Dicit
1030 3458 1142 3518 autem

78 3546 170 3618 Lucas
191 3553 398 3636 Evangelista
419 3554 459 3618 de
481 3553 629 3632 Domino,
652 3553 740 3636 quod
763 3551 1004 3635 ,putabatur
1027 3550 1141 3617 filius

78 3647 95 3711 J
100 3653 246 3736 oseph,“
275 3655 353 3737 quia
380 3653 430 3719 ita
456 3652 653 3737 putabatur,
682 3659 720 3718 ut
747 3673 807 3736 per
836 3653 905 3736 ejus
933 3650 1141 3716 concubitum

79 3749 193 3826 genitus
213 3753 409 3818 crederetur.
450 3752 544 3817 Hanc
573 3750 691 3818 falsam
721 3752 824 3818 voluit
844 3771 1008 3816 removere
1028 3749 1141 3832 ,opini-

81 3887 260 3904 κι-

137 3962 155 4028 1)
170 3963 280 4032 Lib.·V,
298 3983 341 4034 cp.
360 3967 391 4019 12
407 3981 435 4020 n.
451 3967 492 4021 47.
