2772 4550
582 369 641 428 547

55 529 185 614 inquit,
193 527 221 609 ³)
250 547 316 591 non
337 526 406 591 sine
428 532 563 609 peccato
585 527 737 610 originali
756 526 830 608 fuit,
860 531 952 613 cujus
974 533 1074 600 etiam
1095 557 1152 601 na-

55 630 182 696 tivitas
221 626 363 710 gloriosa
395 625 556 691 catholica
591 626 745 700 inomni
776 628 923 695 Ecclesia
955 631 1077 698 Christi
1109 635 1150 700 ab

56 727 221 794 omnibus
248 725 328 790 felix
367 731 401 790 et
427 725 527 790 beata
554 725 786 807 praedicatur?
817 727 1007 809 Enimvero,
1037 732 1065 796 si
1086 755 1151 798 uon

55 831 169 894 beata
204 831 291 890 esset
326 831 360 888 11
393 825 549 908 gloriosa,
589 845 797 909 nequaquam
825 831 893 892 tam
920 828 1038 894 festiva
1067 832 1150 898 cele-

54 933 223 996 braretur
249 925 372 1008 ubique
401 923 442 988 ab
472 925 639 989 universis.
683 925 748 992 Sed
769 927 847 1010 quia
868 933 936 992 tam
964 929 1153 997 solemniter

54 1029 205 1106 colitur,
242 1029 372 1090 constat
404 1044 444 1087 ex
474 1023 673 1088 auctoritate
705 1024 887 1105 Ecclesiae,
924 1027 1012 1110 quod
1043 1029 1153 1110 nullis,

55 1127 201 1214 quando
221 1129 301 1188 nata
322 1128 382 1200 est,
402 1121 566 1204 subjacuit
583 1121 720 1202 delictis,
738 1141 802 1188 nec*
819 1126 984 1191 contraxit
1002 1126 1036 1190 in
1057 1135 1152 1194 utero

55 1223 276 1296 sanctificata
296 1217 454 1304 originale
475 1224 678 1304 peccatum.“
731 1228 736 1237 '

128 1324 264 1407 Sergius
297 1341 400 1404 papa,
435 1321 527 1403 eujus
562 1319 773 1404 pontificatus
808 1321 931 1406 incepit
963 1345 1047 1391 anno
1081 1333 1150 1407 688,

53 1421 329 1510 praescripsit,²)
357 1426 395 1485 ut
422 1419 537 1484 diebus
558 1420 824 1486 Annuntiationis
848 1422 993 1504 Domini,
1024 1427 1151 1491 Dormi-

55 1523 169 1590 tionis
202 1542 240 1586 ac
267 1517 458 1583 Natiuitatis
490 1540 514 1583 1.
544 1519 607 1583 Dei
633 1520 799 1602 genitricis
828 1519 950 1590 Mariae
984 1529 1018 1588 11
1049 1546 1073 1588 1.
1104 1525 1153 1592 Si-

54 1623 204 1701 meonis,
234 1618 322 1703 quod
342 1618 470 1702 dnarrp‘
493 1618 615 1683 dicitur
635 1640 764 1702 graece,
794 1640 868 1685 cum
889 1619 1013 1686 litaniis
1035 1631 1154 1690 exeant

54 1731 94 1790 et
127 1721 174 1786 ad
202 1741 227 1784 1.
257 1718 395 1783 Mariam
422 1717 563 1801 populus
592 1723 751 1782 occurrat.
795 1717 892 1800 Apud
918 1719 1060 1786 Graecos
1090 1721 1152 1788 hoc

53 1825 191 1889 festum
210 1821 279 1903 jam
301 1818 379 1882 olim
400 1817 554 1900 viguisse,
576 1817 696 1900 probat
717 1839 741 1881 1.
760 1818 902 1882 loannes
922 1818 1152 1902 Damascenus,

55 1945 78 1988 a
104 1941 187 2005 qun,
204 1923 383 1984 coaetaneo
404 1916 601 1994 ren.Bedae,
621 1921 688 1980 tres
710 1915 817 1981 adhuc
839 1923 969 1983 exstant
990 1920 1155 1988 orationes

55 2025 95 2088 in
132 2021 197 2084 hoc
227 2017 323 2082 festo.
378 2015 524 2080 Celebris
557 2021 608 2079 est
639 2015 728 2098 apud
758 2015 902 2080 Graecos
933 2015 1154 2084 Emmanuelis

56 2117 227 2187 Commeni
257 2114 469 2198 Imperatoris
502 2114 693 2179 constitutio
702 2143 713 2194 ,·
745 2135 811 2198 qua
842 2113 895 2180 hic
928 2115 998 2180 dies
1029 2116 1154 2184 ferialis

56 2215 292 2286 constituitur.
349 2213 444 2278 Circa
477 2233 598 2277 annum
629 2217 688 2277 847
718 2213 794 2278 Leo
826 2214 885 2279 IV.
921 2235 1008 2299 papa
1047 2216 1153 2282 indul·
1281 2256 1283 2262 ,

56 2318 197 2406 gentias
219 2312 380 2380 concessit
402 2311 551 2376 omnibus
572 2310 733 2391 fidelibus,
762 2314 819 2396 qui
838 2312 1002 2378 Ecclesiae
1028 2314 1059 2379 b.
1082 2315 1155 2381 Vir·

56 2417 152 2505 ginis
182 2412 358 2504 deMonte
379 2411 528 2476 Carmelo
556 2411 592 2474 in
619 2409 714 2476 festis
735 2409 942 2492 Nativitatis,
972 2414 1155 2481 Annuntia-

56 2515 186 2592 tionis,
218 2509 460 2576 Purificationis
493 2517 528 2574 et
555 2510 796 2594 Assumptionis
828 2512 859 2576 b.
887 2511 1064 2578 Genitricis
1093 2515 1155 2580 Dei

56 2613 194 2682 Mariae
217 2610 335 2675 devote
356 2607 566 2672 visitaverint.

129 2709 229 2794 Apud
248 2707 386 2772 Latinos
412 2705 546 2788 plurimi
571 2705 633 2770 boc
660 2713 808 2789 tempore
835 2717 1011 2776 occurrunt
1032 2719 1153 2794 patres,

56 2813 124 2898 qui
153 2827 332 2889 ,sermones
363 2804 479 2870 eodem
508 2804 594 2870 festo
631 2805 763 2872 habitos
803 2807 1025 2890 reliquerunt3
1068 2811 1157 2875 inter

57 2912 150 2978 alios
180 2905 359 2971 Fulbertus
387 2903 613 2982 Oamotensis,
653 2903 764 2969 Bruno
797 2905 1051 2988 carthusianus,
1091 2909 1158 2974 Ho-

57 3007 182 3075 norius
220 3001 539 3086 Augustodunensis,
580 3001 698 3066 Petrus
730 3003 925 3083 DamianuS,
965 3006 1158 3092 Radulphus

57 3103 263 3181 Ardentius,
304 3101 334 3165 d.
362 3100 604 3180 BernarduS,
645 3101 702 3183 qni
736 3101 771 3165 in
808 3123 868 3167 sua
896 3104 1037 3186 epistola
1068 3107 1157 3172 infra

59 3204 207 3286 1111113)
247 3203 297 3266 ita
324 3198 455 3264 scribit:
495 3199 581 3282 ,Sed
616 3205 651 3264 et
679 3205 789 3264 ortum
816 3200 960 3283 Virginis
988 3203 1089 3270 didici
1109 3205 1158 3271 ni-

57 3301 246 3372 hilominus
267 3300 303 3364 in
322 3296 471 3362 Ecclesia
499 3303 533 3362 et
553 3297 595 3362 ab
617 3297 766 3363 Ecclesia
785 3297 1015 3366 indubitanter
1035 3301 1158 3370 habere

58 3403 224 3472 festiuum
244 3404 346 3482 atque
368 3401 525 3473 sanctum,
537 3393 721 3460 firmissime
744 3417 818 3461 cum
834 3395 982 3464 Ecclesia
1002 3401 1158 3484 sentiens,

60 3523 141 3571 eam
170 3500 206 3565 in
233 3503 331 3562 utero
358 3494 537 3576 accepisse,
567 3499 606 3557 ut
633 3501 748 3559 sancta
773 3496 952 3579 prodiret.
976 3547 983 3562 .
1007 3548 1014 3563 .
1038 3548 1045 3563 .
1081 3501 1185 3568 Fuit

58 3599 185 3688 procul
206 3596 308 3662 dubio
329 3593 439 3658 Mater
459 3592 591 3657 Domini
612 3597 690 3657 ante
711 3601 834 3674 saneta,
856 3613 955 3678 quam
975 3603 1069 3665 nata:
1097 3621 1159 3666 nec

59 3700 158 3767 fallit
187 3693 320 3763 omnino
349 3697 464 3756 sancta
491 3690 654 3770 Ecclesia,
687 3697 836 3758 sanctum
864 3701 1024 3777 reputans
1051 3697 1161 3783 ipsum

133 3931 156 3996 ¹)
175 3927 211 3982 In
233 3923 284 3979 lib.
309 3921 345 3976 de
367 3916 498 3988 virginit.
522 3923 551 3974 et
573 3919 763 3978 Parturitione
787 3923 819 3979 B.
841 3923 879 3980 M.
900 3923 934 3984 V.
977 3930 998 3996 ²)
1015 3929 1071 3987 eff,
1093 3927 1160 3988 ord,

58 4016 146 4071 Rom.
165 4009 202 4064 de
219 4005 267 4063 off.
285 4001 389 4060 Missae
405 4013 434 4068 p.
450 4003 491 4055 21.
524 4002 546 4069 ³)
563 4001 653 4071 Epist.
671 4007 728 4061 174.

958 4092 1009 4149 35*
