2728 4554
544 335 605 395 425

55 495 145 579 inquit
163 517 188 562 s.
212 493 397 579 cyrillus,
408 494 432 577 ¹)
453 494 639 579 unigenitus
661 495 724 560 Dei
740 494 850 574 Filius,
873 497 930 580 qui
951 504 985 564 et
1006 505 1112 584 λογος,

55 603 141 661 sermo
167 594 220 660 vel
239 594 326 660 ratio
353 593 482 660 dicitur.
524 593 597 659 Non
625 593 713 678 quod
733 593 868 659 verbum
896 595 1026 664 initium
1047 598 1114 664 exi-

54 694 144 759 stendi
164 716 205 760 ex
224 699 322 777 partu
351 693 492 776 oeperit3
520 692 578 758 sed
600 692 688 776 quod
709 694 788 777 ejus,
817 693 905 778 qnod
925 695 1031 777 homo,
1052 697 1113 763 ini·
1163 723 1165 728 ·

54 793 121 857 tium
140 813 179 858 ex
200 793 257 857 illo
281 790 394 857 eodem
414 791 568 857 habuerit
587 792 716 875 partu.“

101 892 127 956 b.
159 892 210 957 Ex
235 913 301 956 nna
328 890 513 956 substantia
540 911 606 955 non
632 895 770 974 possunt
798 890 882 956 duae
910 892 1113 958 substantiae

53 989 181 1056 diversae
213 989 378 1074 generari3
410 987 468 1054 sed
500 988 588 1054 Deus
620 996 655 1054 et
684 990 781 1054 homo
813 996 890 1054 sunt
920 989 1006 1056 duae
1038 991 1114 1056 sub·

51 1090 177 1154 stantiae
199 1089 344 1154 diversae
373 1095 407 1153 et
428 1088 576 1154 Christus
605 1095 656 1154 est
675 1094 861 1172 utrumque.
903 1088 989 1174 Ergo
1017 1089 1114 1155 homo

51 1191 78 1251 et
91 1187 174 1252 Deus
197 1187 297 1252 etiam
317 1192 357 1251 ut
373 1186 561 1251 incarnatus
576 1207 642 1251 non
659 1192 770 1270 potest
791 1207 860 1252 esse
881 1209 901 1252 a
918 1187 949 1252 b.
966 1188 1113 1272 Virgine!

101 1287 192 1351 Duae
213 1285 416 1350 substantiae
438 1284 583 1349 diversae
603 1306 668 1349 non
688 1292 825 1368 possunt
846 1307 916 1352 esse
937 1286 978 1352 ab
1001 1287 1115 1353 eodem

51 1385 91 1448 vel
115 1386 154 1451 ab
186 1384 310 1464 eadem,
333 1384 362 1449 si
382 1384 600 1466 separatim
628 1390 833 1467 generentur,
863 1406 969 1465 eone.;
1000 1387 1114 1452 eadem

50 1485 121 1548 enim
148 1484 268 1550 mulier
293 1504 360 1548 non
386 1473 497 1566 potest
526 1503 595 1548 esse
624 1482 732 1547 Mater
758 1482 897 1548 hominis
926 1489 961 1550 et
988 1485 1113 1568 Angeli.

49 1581 77 1646 Si
101 1582 216 1648 simul
244 1587 450 1665 generantur,
481 1579 679 1664 subdisting:
708 1580 736 1645 si
758 1587 899 1664 utraque
921 1589 1041 1648 natura
1062 1605 1115 1668 ge·

48 1689 171 1746 neretur
191 1680 399 1763 simpliciter,
422 1699 527 1758 eone.;
556 1679 671 1744 sinna
698 1679 844 1762 ingenita
865 1701 999 1746 manens
1024 1681 1115 1747 inse

48 1780 140 1846 solum
161 1786 336 1865 generetur
356 1779 483 1844 ratione
505 1778 650 1858 alterius,
674 1778 726 1844 cui
747 1779 867 1858 unitur,
894 1800 964 1862 neg.
987 1779 1116 1848 Natura

49 1877 146 1945 divina
175 1885 226 1944 est
253 1879 415 1961 ingenita;
447 1877 523 1942 hine
552 1879 640 1943 Deus
671 1877 705 1942 in
732 1884 879 1960 tempore
907 1880 1054 1945 nascitur
1082 1886 1117 1958 et

47 1984 212 2058 generatur
246 1977 351 2042 solum
385 1977 513 2042 ratione
548 1984 686 2043 naturae
721 1977 883 2042 humanae
918 1984 1114 2061 assumptae.

49 2075 92 2141 Sic
128 2077 286 2142 distincta
322 2076 448 2141 minore
484 2082 623 2159 negatur
660 2097 870 2159 consequens.
926 2078 1115 2159 Audiamus,

48 2175 199 2258 quomodo
228 2174 455 2240 Ferrandus
483 2175 682 2240 Diaconos
710 2174 916 2259 respondeat.
960 2177 1115 2261 „Proprie

48 2280 90 2339 est
114 2282 196 2341 nata
223 2273 264 2339 de
291 2273 389 2339 Patre
418 2272 571 2339 divinitas
598 2296 697 2358 pura,
726 2274 842 2358 inquit,
852 2276 878 2359 ²)
906 2277 1037 2360 proprie
1066 2283 1117 2342 est

46 2380 116 2439 nata
136 2374 179 2440 de
199 2378 305 2439 matre
333 2371 446 2438 eadem
473 2373 643 2439 incarnata
663 2373 824 2439 divinitas.
866 2374 911 2440 Et
930 2375 992 2440 hoe
1014 2375 1117 2441 distat

46 2471 123 2538 inter
149 2473 247 2538 unius
268 2470 343 2537 Filii
363 2471 426 2536 Dei
454 2471 535 2537 duas
562 2473 802 2555 generationes,
830 2472 918 2556 quod
946 2474 980 2538 in
1008 2474 1117 2540 divina

45 2573 246 2652 generatione
266 2571 357 2637 nulla
376 2570 442 2636 fnit
461 2572 661 2652 humanitas,
690 2572 725 2636 in
745 2571 887 2637 humana
908 2573 1116 2656 generatione

45 2670 181 2738 adunata
213 2671 278 2737 fuit
304 2671 503 2736 humanitati
533 2671 663 2754 proprie
690 2670 838 2735 nascenti
869 2669 1032 2736 divinitas.
1083 2670 1117 2736 si

47 2769 125 2834 enim
163 2771 276 2836 dixero
315 2768 366 2834 vel
397 2769 505 2834 dicere
536 2769 684 2849 voluero,
723 2770 828 2834 Maria
860 2789 987 2852 semper
1017 2768 1116 2851 Virgo

46 2869 168 2952 proprie
199 2868 313 2952 genuit
341 2868 558 2948 divinitatem,
591 2868 755 2933 videbitur
786 2868 846 2933 sub
878 2867 988 2952 aliquo
1020 2867 1116 2933 modo

45 2963 200 3033 hominem
221 2989 340 3052 purum
365 2966 528 3050 genuisse,
558 2987 655 3051 quem
682 2966 772 3031 nullo
801 2966 896 3032 modo
925 2967 973 3032 ita
994 2968 1117 3050 genuit,

47 3066 117 3146 quia
136 3066 283 3132 Verbum
304 3087 380 3131 earo
401 3066 526 3131 factum
546 3067 677 3150 proprie
699 3066 841 3148 genuit.“

101 3187 127 3230 e.
159 3165 210 3230 Ex
239 3165 300 3230 hoe
329 3171 535 3248 sequeretur,
564 3171 727 3248 reponunt
753 3163 954 3243 Nestoriani‚
983 3163 1015 3228 b.
1044 3162 1118 3228 Vir-

45 3261 146 3342 ginem
168 3284 239 3328 esse
261 3263 573 3329 consubstantialem
591 3264 675 3344 Deo;
698 3263 786 3348 quod
807 3284 907 3346 quum
928 3261 972 3326 sit
988 3261 1116 3340 falsum,

45 3361 127 3427 idem
149 3364 250 3429 etiam
271 3362 444 3428 dicendum
465 3363 505 3429 de
527 3362 750 3429 antecedenti!

100 3461 264 3546 Negamus
300 3483 374 3527 eum
401 3462 553 3527 Boueat
583 3461 603 3526 l.
634 3483 660 3526 c.
693 3461 868 3546 sequelam.
921 3457 1030 3523 Mater
1069 3463 1120 3522 est

43 3556 106 3624 filio
135 3560 424 3627 consubstantialis
446 3560 560 3627 eodem
587 3558 700 3639 modo,
733 3581 797 3643 quo
829 3565 977 3643 generat,
1011 3577 1118 3636 eone.;
1174 3595 1178 3604 ·

45 3655 167 3724 diverso
195 3659 307 3739 modo,
336 3680 407 3742 neg.
449 3659 487 3724 B.
509 3659 608 3742 Virgo
636 3678 702 3723 non
719 3659 843 3742 genuit
869 3657 972 3722 filium
994 3656 1056 3720 Dei
1083 3655 1118 3719 in

106 3891 126 3950 ¹)
145 3889 176 3944 In
194 3890 275 3960 epist.
291 3889 328 3943 ad
343 3887 505 3955 Monachum
523 3888 573 3943 efr.
589 3888 704 3956 Bennoi,
722 3887 863 3957 theologia
878 3887 990 3942 Petrum
1007 3892 1074 3942 tom.
1084 3886 1118 3954 V,

43 3969 104 4026 (lisa
123 3971 173 4026 111.
205 3972 277 4039 ²)1n
294 3972 374 4040 epist.
392 3970 427 4024 ad
445 3971 613 4025 Anatolium.
