2730 4564
529 370 586 429 109

37 531 106 595 bitur
131 529 296 613 sapientia
328 534 362 593 et
394 534 519 607 aetate,
553 529 611 593 sed
640 529 805 612 perfectus
837 530 885 594 vir
915 531 950 594 in
983 538 1095 596 ventre

37 631 150 695 femineo
172 629 283 694 solitis
305 627 471 692 mensibus
497 629 726 694 continebitur.
769 629 863 694 Unde
886 630 1096 712 Symmachus

38 738 61 792 et
76 729 185 812 Aquila
211 729 312 811 juxta
331 733 477 791 nostram
498 727 675 793 editionem
697 729 908 810 interpretati
928 736 1003 794 sunt
1024 779 1031 792 .
1057 780 1063 792 .
1088 779 1094 794 .

37 829 216 893 Theodotion
239 833 366 891 autem¹
382 833 416 890 et
436 825 527 908 ipsae
548 827 699 910 vulgatae
729 827 865 892 editioni
893 830 1096 894 consentiens

36 927 252 1010 interpretatus
283 932 348 990 est:
378 924 530 1006 ,Oreavit
552 925 710 990 Dominus
739 925 878 990 salutem
903 948 1033 1005 novam,
1063 929 1097 992 in

36 1027 118 1091 salute
145 1025 305 1091 circuibit
336 1023 462 1088 homo.“
511 1024 613 1088 Juxta
640 1024 793 1107 Aquilam
824 1025 914 1090 locus
942 1027 1095 1092 vertitur:

36 1125 162 1204 ,Creavit
180 1125 345 1190 Dominus
365 1144 485 1187 novum
505 1123 538 1187 in
559 1123 701 1188 femina“
722 1124 742 1186 i.
763 1145 789 1187 e.
809 1123 844 1187 in
862 1124 975 1190 Maria.
1008 1125 1098 1189 Nihil

35 1231 122 1290 autem
140 1246 265 1289 novum
286 1221 455 1287 conditum
477 1228 527 1287 est
548 1223 583 1286 in
604 1221 734 1300 femina,
752 1222 816 1286 nisi
832 1222 920 1305 quod
937 1245 976 1287 ex
993 1223 1098 1288 Maria

34 1323 141 1406 Virgine
170 1324 302 1388 editum
331 1327 396 1399 cst,
430 1327 469 1385 ut
498 1343 522 1386 s.
552 1321 798 1386 Athanasius
827 1321 956 1401 scribit,
972 1323 995 1406 ¹)
1029 1323 1097 1388 sine

36 1424 203 1488 commercio
227 1421 358 1486 veneris
380 1421 587 1486 Dominioum
608 1442 734 1503 corpus.

79 1523 266 1588 Recitemus
298 1521 399 1585 etiam
429 1521 529 1585 verba
561 1543 584 1585 s.
615 1518 825 1585 Bernardi
855 1519 1006 1584 similiter
1036 1520 1097 1586 hoc

34 1619 62 1683 de
88 1622 239 1704 mysterio
277 1620 475 1685 disserentis.
530 1619 685 1702 ,Femina
717 1618 933 1684 circumdabit
963 1619 1097 1684 virum.“

34 1719 103 1795 Quae
124 1729 173 1786 est
195 1721 282 1785 haec
303 1719 438 1796 femina,
461 1719 623 1801 inquitl2)
654 1717 732 1795 Quis
754 1739 829 1783 vero
852 1719 914 1783 iste
935 1719 1004 1782 vir?
1032 1719 1099 1785 Aut

35 1820 55 1882 si
70 1821 122 1898 rir,
151 1819 320 1904 quomodo
342 1841 362 1884 a
383 1817 504 1882 femina
526 1817 767 1882 circumdatus?
799 1817 866 1881 Aut
887 1817 915 1881 si
937 1839 956 1881 a
977 1817 1099 1883 femina
1135 1873 1137 1884 .
1166 1846 1168 1850 ’

35 1919 207 1985 circumdari
229 1925 357 2003 potest,
387 1916 548 2001 quomodo
576 1916 645 1981 vir?
676 1915 720 1980 Et
748 1922 786 1980 ut
813 1917 960 1998 apertius
982 1917 1096 1995 dicam,

35 2020 172 2097 quomodo
202 2023 318 2102 potest
346 2015 443 2082 simul
474 2022 508 2080 et
536 2015 584 2079 vir
616 2036 686 2079 esse
716 2021 749 2078 et
776 2014 810 2077 in
838 2021 932 2080 utero
960 2016 1098 2080 metris?

34 2113 80 2180 hoc
98 2125 143 2183 est
163 2120 257 2183 enim
278 2119 382 2182 virum
403 2139 422 2182 a
440 2115 562 2180 femina
584 2113 785 2180 circumdari.
825 2113 980 2178 Nouimus
1001 2115 1096 2192 uiroc,

35 2217 77 2294 qui
102 2218 226 2284 scilicet
261 2217 449 2294 infantiam,
481 2214 671 2298 pueritiam,
709 2212 966 2306 adolescentiam
997 2220 1097 2297 atque

34 2311 214 2393 juventutem
259 2322 484 2393 transeunteS,
528 2313 572 2378 ad
612 2313 748 2396 gradum
788 2335 892 2396 usque
936 2313 1098 2378 senectuti

35 2415 193 2491 proximum
216 2420 448 2498 pervenerunt.
493 2413 555 2490 Qui
583 2434 658 2496 ergo
681 2413 750 2495 jam
777 2411 858 2478 adeo
885 2411 1016 2494 grandis
1038 2420 1096 2490 est,

35 2515 170 2591 quomodo
192 2537 214 2579 a
238 2513 361 2579 femina
382 2512 576 2578 circumdari
596 2511 726 2594 potest?
756 2511 790 2576 Si
811 2511 955 2589 dixisset,
977 2510 1098 2576 femina

36 2610 230 2678 circumdabit
252 2611 427 2692 infantem,
454 2612 506 2676 vel
529 2611 653 2676 femina
680 2611 896 2676 circimdabit
916 2611 1096 2694 parvulum,

35 2727 79 2772 uec
96 2732 210 2776 novum
232 2711 400 2776 videretur
420 2732 480 2775 nec
498 2711 624 2775 mirum
664 2710 758 2776 Nunc
780 2715 900 2788 autem,
919 2709 996 2792 quia
1015 2709 1097 2773 nihil

35 2807 84 2872 tale
102 2812 226 2892 posuit,
259 2810 318 2874 sed
338 2809 421 2874 dixit
444 2810 567 2888 ¹virum,
602 2810 803 2893 quaerimus,
833 2831 916 2892 quae
945 2809 989 2874 sit
1016 2808 1096 2872 haec

35 2907 147 2988 novitas,
166 2931 271 2994 quam
291 2910 379 2974 Deus
399 2909 480 2974 fecit
500 2909 535 2972 in
556 2915 654 2987 terra,
676 2915 714 2974 ut
737 2907 859 2973 femina
881 2906 1098 2972 circumdaret

36 3004 117 3071 viarm
136 3016 170 3075 et
197 3010 252 3074 vir
271 3009 359 3074 intra
379 3008 513 3073 feminei
534 3009 631 3074 unius
653 3007 839 3090 corpusculi
859 3006 1005 3071 membra
1026 3027 1096 3070 sese

35 3103 224 3175 cohiberet?“
262 3109 324 3173 Via
351 3109 448 3191 plane
477 3129 574 3186 nova,
608 3108 734 3172 cunctis
763 3113 852 3172 retro
881 3105 1020 3170 saeculis
1048 3105 1096 3170 in-

35 3204 126 3271 audita
144 3230 206 3274 nec
228 3207 380 3272 humanis
401 3213 539 3272 naturae
560 3207 742 3272 rationibus
762 3204 1031 3290 pervestigabilir.

82 3329 102 3369 ε.
128 3306 243 3388 ,Tria
265 3314 357 3372 sunt
384 3305 581 3371 diflicilia
602 3305 697 3370 mihi
724 3312 764 3371 et
785 3310 970 3388 quartum
989 3304 1096 3388 peni·

34 3405 83 3466 tus
105 3405 261 3489 ignoro:
288 3405 389 3470 viam
415 3405 576 3488 aquilae
602 3404 642 3469 in
670 3404 790 3483 coelo,
812 3404 913 3468 viam
939 3403 1097 3469 colubri

35 3517 133 3584 super
152 3512 320 3588 petram,
342 3505 444 3570 riam
463 3503 575 3568 navis
601 3503 642 3568 in
662 3504 790 3570 medio
812 3504 910 3569 mari
931 3509 970 3568 et
996 3502 1096 3568 viam

35 3599 93 3664 riri
117 3603 155 3667 in
182 3602 527 3685 adolescentia.“³)

82 3700 244 3781 Salomon,
274 3702 455 3785 sapientiae
484 3701 677 3766 miraculum
698 3701 732 3764 in
760 3702 858 3768 rebus
879 3703 1093 3781 naturalibus

42 3845 218 3866 *—

87 3932 104 3998 ¹)
126 3932 158 3988 ln
183 3933 369 4003 Expositione
394 3933 469 3988 fidei.
510 3933 532 4002 ¹)
557 3933 646 4002 Super
671 3935 771 3990 Missus
797 3953 879 3991 cerm.
903 3935 946 4004 ll,
971 3945 1045 3992 num.
1071 3938 1095 3991 8.

37 4007 52 4072 ²)
64 4009 132 4071 Prov.
148 4015 221 4090 XXX,
241 4019 274 4070 18
288 4033 328 4087 sq.
