<?xml version="1.0" encoding="UTF-8"?>
<!DOCTYPE html PUBLIC "-//W3C//DTD XHTML 1.0 Transitional//EN"
    "http://www.w3.org/TR/xhtml1/DTD/xhtml1-transitional.dtd">
<html xmlns="http://www.w3.org/1999/xhtml" xml:lang="en" lang="en">
 <head>
  <title>
</title>
<meta http-equiv="Content-Type" content="text/html;charset=utf-8" />
  <meta name='ocr-system' content='tesseract 3.04.00' />
  <meta name='ocr-capabilities' content='ocr_page ocr_carea ocr_par ocr_line ocrx_word'/>
</head>
<body>
  <div class='ocr_page' id='page_1' title='image "./mariologiaseupo00stamgoog_0151.png"; bbox 0 0 2730 4564; ppageno 0'>
   <div class='ocr_carea' id='block_1_1' title="bbox 542 369 599 428">
    <p class='ocr_par' dir='ltr' id='par_1_1' title="bbox 542 369 599 428">
     <span class='ocr_line' id='line_1_1' title="bbox 542 369 599 428; baseline 0.018 -1"><span class='ocrx_word' id='word_1_1' title='bbox 542 369 599 428; x_wconf 81' lang='lat'><strong>125</strong></span> 
     </span>
    </p>
   </div>
   <div class='ocr_carea' id='block_1_2' title="bbox 38 527 1114 2004">
    <p class='ocr_par' dir='ltr' id='par_1_2' title="bbox 42 527 1112 912">
     <span class='ocr_line' id='line_1_2' title="bbox 43 527 1111 613; baseline -0.002 -18"><span class='ocrx_word' id='word_1_2' title='bbox 43 552 124 595; x_wconf 86' lang='lat' dir='ltr'><strong>cansa</strong></span> <span class='ocrx_word' id='word_1_3' title='bbox 148 529 430 613; x_wconf 75' lang='lat' dir='ltr'><strong>praetermittam,</strong></span> <span class='ocrx_word' id='word_1_4' title='bbox 459 549 499 593; x_wconf 84' lang='lat' dir='ltr'><strong>ex</strong></span> <span class='ocrx_word' id='word_1_5' title='bbox 526 527 691 611; x_wconf 81' lang='lat' dir='ltr'><strong>evangelio</strong></span> <span class='ocrx_word' id='word_1_6' title='bbox 719 550 743 592; x_wconf 92' lang='lat' dir='ltr'><strong>s.</strong></span> <span class='ocrx_word' id='word_1_7' title='bbox 767 528 926 611; x_wconf 77' lang='lat' dir='ltr'><strong>Lucae21)</strong></span> <span class='ocrx_word' id='word_1_8' title='bbox 959 528 1028 610; x_wconf 81' lang='lat' dir='ltr'><strong>,Et</strong></span> <span class='ocrx_word' id='word_1_9' title='bbox 1052 529 1111 594; x_wconf 86' lang='lat' dir='ltr'><strong>ait</strong></span> 
     </span>
     <span class='ocr_line' id='line_1_3' title="bbox 43 627 1111 713; baseline -0.002 -18"><span class='ocrx_word' id='word_1_10' title='bbox 43 629 197 713; x_wconf 77' lang='lat' dir='ltr'><strong>Angelus</strong></span> <span class='ocrx_word' id='word_1_11' title='bbox 238 629 290 693; x_wconf 91' lang='lat' dir='ltr'><strong>ei:</strong></span> <span class='ocrx_word' id='word_1_12' title='bbox 328 627 382 691; x_wconf 92' lang='lat' dir='ltr'><strong>Ne</strong></span> <span class='ocrx_word' id='word_1_13' title='bbox 420 628 561 692; x_wconf 88' lang='lat' dir='ltr'><strong>timeas</strong></span> <span class='ocrx_word' id='word_1_14' title='bbox 598 627 747 706; x_wconf 82' lang='lat' dir='ltr'><strong>Maria,</strong></span> <span class='ocrx_word' id='word_1_15' title='bbox 777 628 971 693; x_wconf 84' lang='lat' dir='ltr'><strong>invenisti</strong></span> <span class='ocrx_word' id='word_1_16' title='bbox 1008 629 1111 693; x_wconf 91' lang='lat' dir='ltr'><strong>enim</strong></span> 
     </span>
     <span class='ocr_line' id='line_1_4' title="bbox 42 727 1112 812; baseline 0.002 -20"><span class='ocrx_word' id='word_1_17' title='bbox 42 731 195 812; x_wconf 89' lang='lat' dir='ltr'><strong>gratiam</strong></span> <span class='ocrx_word' id='word_1_18' title='bbox 224 727 330 811; x_wconf 87' lang='lat' dir='ltr'><strong>apud</strong></span> <span class='ocrx_word' id='word_1_19' title='bbox 352 728 487 792; x_wconf 89' lang='lat' dir='ltr'><strong>Deum:</strong></span> <span class='ocrx_word' id='word_1_20' title='bbox 517 749 608 793; x_wconf 88' lang='lat' dir='ltr'><strong>eece</strong></span> <span class='ocrx_word' id='word_1_21' title='bbox 635 727 837 810; x_wconf 83' lang='lat' dir='ltr'><strong>concipies</strong></span> <span class='ocrx_word' id='word_1_22' title='bbox 864 727 903 792; x_wconf 92' lang='lat' dir='ltr'><strong>in</strong></span> <span class='ocrx_word' id='word_1_23' title='bbox 930 734 1045 794; x_wconf 91' lang='lat' dir='ltr'><strong>utero</strong></span> <span class='ocrx_word' id='word_1_24' title='bbox 1073 735 1112 794; x_wconf 90' lang='lat' dir='ltr'><strong>et</strong></span> 
     </span>
     <span class='ocr_line' id='line_1_5' title="bbox 42 826 1043 912; baseline -0.002 -18"><span class='ocrx_word' id='word_1_25' title='bbox 42 831 156 912; x_wconf 88' lang='lat' dir='ltr'><strong>paries</strong></span> <span class='ocrx_word' id='word_1_26' title='bbox 183 827 322 892; x_wconf 90' lang='lat' dir='ltr'><strong>filium</strong></span> <span class='ocrx_word' id='word_1_27' title='bbox 348 831 388 890; x_wconf 90' lang='lat' dir='ltr'><strong>et</strong></span> <span class='ocrx_word' id='word_1_28' title='bbox 413 826 576 892; x_wconf 87' lang='lat' dir='ltr'><strong>vocabis</strong></span> <span class='ocrx_word' id='word_1_29' title='bbox 602 847 741 891; x_wconf 90' lang='lat' dir='ltr'><strong>nomen</strong></span> <span class='ocrx_word' id='word_1_30' title='bbox 768 827 853 910; x_wconf 87' lang='lat' dir='ltr'><strong>ejus</strong></span> <span class='ocrx_word' id='word_1_31' title='bbox 879 827 1043 892; x_wconf 79' lang='lat' dir='ltr'><strong>desum.“</strong></span> 
     </span>
    </p>

    <p class='ocr_par' dir='ltr' id='par_1_3' title="bbox 38 925 1114 2004">
     <span class='ocr_line' id='line_1_6' title="bbox 88 925 1112 1011; baseline -0.001 -18"><span class='ocrx_word' id='word_1_32' title='bbox 88 930 119 993; x_wconf 92' lang='lat' dir='ltr'><strong>B.</strong></span> <span class='ocrx_word' id='word_1_33' title='bbox 150 929 258 1011; x_wconf 88' lang='lat' dir='ltr'><strong>Virgo</strong></span> <span class='ocrx_word' id='word_1_34' title='bbox 295 946 394 1010; x_wconf 89' lang='lat' dir='ltr'><strong>quum</strong></span> <span class='ocrx_word' id='word_1_35' title='bbox 431 926 567 990; x_wconf 90' lang='lat' dir='ltr'><strong>turbata</strong></span> <span class='ocrx_word' id='word_1_36' title='bbox 604 926 854 1007; x_wconf 79' lang='lat' dir='ltr'><strong>interrogasset:</strong></span> <span class='ocrx_word' id='word_1_37' title='bbox 893 925 1112 1008; x_wconf 79' lang='lat' dir='ltr'>„Quomodo</span> 
     </span>
     <span class='ocr_line' id='line_1_7' title="bbox 41 1025 1113 1110; baseline 0 -18"><span class='ocrx_word' id='word_1_38' title='bbox 41 1029 101 1094; x_wconf 86' lang='lat' dir='ltr'><strong>liet</strong></span> <span class='ocrx_word' id='word_1_39' title='bbox 119 1027 234 1093; x_wconf 90' lang='lat' dir='ltr'><strong>istud</strong></span> <span class='ocrx_word' id='word_1_40' title='bbox 257 1025 306 1107; x_wconf 90' lang='lat' dir='ltr'><strong>(id</strong></span> <span class='ocrx_word' id='word_1_41' title='bbox 327 1027 435 1091; x_wconf 75' lang='lat' dir='ltr'><strong>estad</strong></span> <span class='ocrx_word' id='word_1_42' title='bbox 458 1026 629 1108; x_wconf 85' lang='lat' dir='ltr'><strong>concipere</strong></span> <span class='ocrx_word' id='word_1_43' title='bbox 651 1033 685 1090; x_wconf 91' lang='lat' dir='ltr'><strong>et</strong></span> <span class='ocrx_word' id='word_1_44' title='bbox 706 1029 743 1092; x_wconf 79' lang='grc' dir='ltr'><strong>τὸ</strong></span> <span class='ocrx_word' id='word_1_45' title='bbox 766 1026 904 1109; x_wconf 87' lang='lat' dir='ltr'><strong>parere),</strong></span> <span class='ocrx_word' id='word_1_46' title='bbox 928 1027 1113 1110; x_wconf 90' lang='lat' dir='ltr'><strong>quoniam</strong></span> 
     </span>
     <span class='ocr_line' id='line_1_8' title="bbox 41 1125 1114 1209; baseline 0 -18"><span class='ocrx_word' id='word_1_47' title='bbox 41 1128 146 1191; x_wconf 84' lang='lat' dir='ltr'><strong>virum</strong></span> <span class='ocrx_word' id='word_1_48' title='bbox 174 1148 258 1192; x_wconf 92' lang='lat' dir='ltr'><strong>non</strong></span> <span class='ocrx_word' id='word_1_49' title='bbox 284 1125 538 1209; x_wconf 54' lang='lat' dir='ltr'><strong>cognoscem</strong></span> <span class='ocrx_word' id='word_1_50' title='bbox 576 1126 719 1208; x_wconf 84' lang='lat' dir='ltr'><strong>Angelus</strong></span> <span class='ocrx_word' id='word_1_51' title='bbox 748 1125 937 1209; x_wconf 86' lang='lat' dir='ltr'><strong>respondet,</strong></span> <span class='ocrx_word' id='word_1_52' title='bbox 967 1132 1114 1192; x_wconf 91' lang='lat' dir='ltr'><strong>utrum-</strong></span> 
     </span>
     <span class='ocr_line' id='line_1_9' title="bbox 40 1224 1112 1311; baseline 0 -20"><span class='ocrx_word' id='word_1_53' title='bbox 40 1249 97 1310; x_wconf 89' lang='lat' dir='ltr'><strong>que</strong></span> <span class='ocrx_word' id='word_1_54' title='bbox 127 1227 275 1311; x_wconf 87' lang='lat' dir='ltr'><strong>Spiritus</strong></span> <span class='ocrx_word' id='word_1_55' title='bbox 308 1247 331 1289; x_wconf 88' lang='lat' dir='ltr'><strong>s.</strong></span> <span class='ocrx_word' id='word_1_56' title='bbox 361 1226 484 1291; x_wconf 83' lang='lat' dir='ltr'><strong>virtute</strong></span> <span class='ocrx_word' id='word_1_57' title='bbox 513 1225 653 1308; x_wconf 91' lang='lat' dir='ltr'><strong>ideoque</strong></span> <span class='ocrx_word' id='word_1_58' title='bbox 685 1226 755 1291; x_wconf 87' lang='lat' dir='ltr'><strong>sine</strong></span> <span class='ocrx_word' id='word_1_59' title='bbox 782 1224 852 1290; x_wconf 92' lang='lat' dir='ltr'><strong>ulla</strong></span> <span class='ocrx_word' id='word_1_60' title='bbox 883 1225 1016 1308; x_wconf 87' lang='lat' dir='ltr'><strong>virginis</strong></span> <span class='ocrx_word' id='word_1_61' title='bbox 1042 1247 1112 1291; x_wconf 88' lang='lat' dir='ltr'><strong>cor·</strong></span> 
     </span>
     <span class='ocr_line' id='line_1_10' title="bbox 39 1324 1113 1408; baseline 0.002 -20"><span class='ocrx_word' id='word_1_62' title='bbox 39 1327 173 1408; x_wconf 88' lang='lat' dir='ltr'><strong>mptione</strong></span> <span class='ocrx_word' id='word_1_63' title='bbox 212 1325 368 1390; x_wconf 86' lang='lat' dir='ltr'><strong>futurum</strong></span> <span class='ocrx_word' id='word_1_64' title='bbox 406 1345 484 1389; x_wconf 92' lang='lat' dir='ltr'><strong>esse.</strong></span> <span class='ocrx_word' id='word_1_65' title='bbox 541 1324 738 1407; x_wconf 83' lang='lat' dir='ltr'><strong>,Spiritus</strong></span> <span class='ocrx_word' id='word_1_66' title='bbox 778 1330 941 1389; x_wconf 90' lang='lat' dir='ltr'><strong>sanctus</strong></span> <span class='ocrx_word' id='word_1_67' title='bbox 979 1345 1113 1408; x_wconf 89' lang='lat' dir='ltr'><strong>super·</strong></span> 
     </span>
     <span class='ocr_line' id='line_1_11' title="bbox 40 1422 1113 1490; baseline 0.002 -3"><span class='ocrx_word' id='word_1_68' title='bbox 40 1427 156 1490; x_wconf 77' lang='lat' dir='ltr'><strong>reniet</strong></span> <span class='ocrx_word' id='word_1_69' title='bbox 198 1426 244 1489; x_wconf 92' lang='lat' dir='ltr'><strong>in</strong></span> <span class='ocrx_word' id='word_1_70' title='bbox 285 1430 326 1488; x_wconf 89' lang='lat' dir='ltr'><strong>te</strong></span> <span class='ocrx_word' id='word_1_71' title='bbox 368 1430 409 1488; x_wconf 86' lang='lat' dir='ltr'><strong>et</strong></span> <span class='ocrx_word' id='word_1_72' title='bbox 449 1422 577 1487; x_wconf 86' lang='lat' dir='ltr'><strong>virtus</strong></span> <span class='ocrx_word' id='word_1_73' title='bbox 615 1423 816 1488; x_wconf 85' lang='lat' dir='ltr'><strong>Altissimi</strong></span> <span class='ocrx_word' id='word_1_74' title='bbox 857 1423 1113 1490; x_wconf 80' lang='lat' dir='ltr'><strong>obumbrabit</strong></span> 
     </span>
     <span class='ocr_line' id='line_1_12' title="bbox 39 1522 1112 1607; baseline 0 -19"><span class='ocrx_word' id='word_1_75' title='bbox 39 1525 128 1588; x_wconf 84' lang='lat' dir='ltr'><strong>tibi.“</strong></span> <span class='ocrx_word' id='word_1_76' title='bbox 140 1525 166 1607; x_wconf 72' lang='grc'><strong>3)</strong></span> <span class='ocrx_word' id='word_1_77' title='bbox 217 1523 421 1606; x_wconf 83' lang='lat' dir='ltr'><strong>„Virginitas</strong></span> <span class='ocrx_word' id='word_1_78' title='bbox 450 1522 675 1604; x_wconf 86' lang='lat' dir='ltr'><strong>integerrima,</strong></span> <span class='ocrx_word' id='word_1_79' title='bbox 705 1523 814 1606; x_wconf 90' lang='lat' dir='ltr'><strong>inquit</strong></span> <span class='ocrx_word' id='word_1_80' title='bbox 842 1523 916 1587; x_wconf 88' lang='lat' dir='ltr'><strong>ideo</strong></span> <span class='ocrx_word' id='word_1_81' title='bbox 946 1522 983 1588; x_wconf 92' lang='lat' dir='ltr'><strong>cl.</strong></span> <span class='ocrx_word' id='word_1_82' title='bbox 1011 1523 1112 1588; x_wconf 88' lang='lat' dir='ltr'><strong>Fran·</strong></span> 
     </span>
     <span class='ocr_line' id='line_1_13' title="bbox 39 1621 1113 1706; baseline 0.001 -20"><span class='ocrx_word' id='word_1_83' title='bbox 39 1624 154 1706; x_wconf 77' lang='lat' dir='ltr'><strong>nelin,⁴)</strong></span> <span class='ocrx_word' id='word_1_84' title='bbox 188 1623 295 1688; x_wconf 87' lang='lat' dir='ltr'><strong>etiam</strong></span> <span class='ocrx_word' id='word_1_85' title='bbox 323 1621 357 1685; x_wconf 91' lang='lat' dir='ltr'><strong>in</strong></span> <span class='ocrx_word' id='word_1_86' title='bbox 383 1628 481 1705; x_wconf 90' lang='lat' dir='ltr'><strong>partu</strong></span> <span class='ocrx_word' id='word_1_87' title='bbox 510 1628 639 1686; x_wconf 86' lang='lat' dir='ltr'><strong>servata</strong></span> <span class='ocrx_word' id='word_1_88' title='bbox 669 1642 708 1685; x_wconf 87' lang='lat' dir='ltr'><strong>ax</strong></span> <span class='ocrx_word' id='word_1_89' title='bbox 736 1643 760 1686; x_wconf 89' lang='lat' dir='ltr'><strong>s.</strong></span> <span class='ocrx_word' id='word_1_90' title='bbox 789 1622 896 1686; x_wconf 85' lang='lat' dir='ltr'><strong>Lucae</strong></span> <span class='ocrx_word' id='word_1_91' title='bbox 925 1623 1113 1688; x_wconf 86' lang='lat' dir='ltr'><strong>narratione</strong></span> 
     </span>
     <span class='ocr_line' id='line_1_14' title="bbox 38 1719 1113 1804; baseline 0.002 -20"><span class='ocrx_word' id='word_1_92' title='bbox 38 1721 192 1787; x_wconf 84' lang='lat' dir='ltr'><strong>conficitur</strong></span> <span class='ocrx_word' id='word_1_93' title='bbox 222 1729 298 1786; x_wconf 94' lang='lat' dir='ltr'><strong>tum</strong></span> <span class='ocrx_word' id='word_1_94' title='bbox 326 1721 414 1803; x_wconf 91' lang='lat' dir='ltr'><strong>quod</strong></span> <span class='ocrx_word' id='word_1_95' title='bbox 442 1719 541 1784; x_wconf 83' lang='lat' dir='ltr'><strong>verba</strong></span> <span class='ocrx_word' id='word_1_96' title='bbox 567 1720 684 1802; x_wconf 84' lang='lat' dir='ltr'><strong>Angeli</strong></span> <span class='ocrx_word' id='word_1_97' title='bbox 712 1719 755 1784; x_wconf 88' lang='lat' dir='ltr'><strong>ad</strong></span> <span class='ocrx_word' id='word_1_98' title='bbox 781 1721 963 1803; x_wconf 84' lang='lat' dir='ltr'><strong>Virginem:</strong></span> <span class='ocrx_word' id='word_1_99' title='bbox 993 1722 1113 1804; x_wconf 80' lang='lat' dir='ltr'><strong>„Ecce</strong></span> 
     </span>
     <span class='ocr_line' id='line_1_15' title="bbox 39 1819 1113 1904; baseline 0.003 -21"><span class='ocrx_word' id='word_1_100' title='bbox 39 1822 245 1904; x_wconf 86' lang='lat' dir='ltr'><strong>concipies</strong></span> <span class='ocrx_word' id='word_1_101' title='bbox 279 1821 320 1884; x_wconf 90' lang='lat' dir='ltr'><strong>in</strong></span> <span class='ocrx_word' id='word_1_102' title='bbox 351 1827 472 1884; x_wconf 90' lang='lat' dir='ltr'><strong>utero</strong></span> <span class='ocrx_word' id='word_1_103' title='bbox 505 1827 546 1883; x_wconf 91' lang='lat' dir='ltr'><strong>et</strong></span> <span class='ocrx_word' id='word_1_104' title='bbox 572 1820 715 1901; x_wconf 89' lang='lat' dir='ltr'><strong>paries</strong></span> <span class='ocrx_word' id='word_1_105' title='bbox 746 1819 907 1884; x_wconf 77' lang='lat' dir='ltr'><strong>filium“</strong></span> <span class='ocrx_word' id='word_1_106' title='bbox 930 1827 1014 1885; x_wconf 90' lang='lat' dir='ltr'><strong>sunt</strong></span> <span class='ocrx_word' id='word_1_107' title='bbox 1042 1821 1113 1904; x_wconf 87' lang='lat' dir='ltr'><strong>ipsa</strong></span> 
     </span>
     <span class='ocr_line' id='line_1_16' title="bbox 38 1917 1113 2004; baseline 0.005 -23"><span class='ocrx_word' id='word_1_108' title='bbox 38 1920 199 2002; x_wconf 82' lang='lat' dir='ltr'><strong>applicatio</strong></span> <span class='ocrx_word' id='word_1_109' title='bbox 223 1917 419 2002; x_wconf 89' lang='lat' dir='ltr'><strong>prophetiae</strong></span> <span class='ocrx_word' id='word_1_110' title='bbox 440 1917 546 1982; x_wconf 86' lang='lat' dir='ltr'><strong>Isaiae</strong></span> <span class='ocrx_word' id='word_1_111' title='bbox 574 1925 608 1982; x_wconf 91' lang='lat' dir='ltr'><strong>et</strong></span> <span class='ocrx_word' id='word_1_112' title='bbox 628 1917 702 1982; x_wconf 89' lang='lat' dir='ltr'><strong>ideo</strong></span> <span class='ocrx_word' id='word_1_113' title='bbox 729 1939 847 1983; x_wconf 91' lang='lat' dir='ltr'><strong>nomen</strong></span> <span class='ocrx_word' id='word_1_114' title='bbox 875 1927 908 1984; x_wconf 89' lang='lat' dir='ltr'><strong>et</strong></span> <span class='ocrx_word' id='word_1_115' title='bbox 929 1921 1113 2004; x_wconf 89' lang='lat' dir='ltr'><strong>proprietas</strong></span> 
     </span>
    </p>
   </div>
   <div class='ocr_carea' id='block_1_3' title="bbox 38 2016 1211 2101">
    <p class='ocr_par' dir='ltr' id='par_1_4' title="bbox 38 2016 1211 2101">
     <span class='ocr_line' id='line_1_17' title="bbox 38 2016 1211 2101; baseline 0.006 -23"><span class='ocrx_word' id='word_1_116' title='bbox 38 2018 202 2101; x_wconf 84' lang='lat' dir='ltr'><strong>Virginis</strong></span> <span class='ocrx_word' id='word_1_117' title='bbox 244 2017 446 2098; x_wconf 87' lang='lat' dir='ltr'><strong>subintelligi</strong></span> <span class='ocrx_word' id='word_1_118' title='bbox 468 2016 595 2094; x_wconf 86' lang='lat' dir='ltr'><strong>debet,</strong></span> <span class='ocrx_word' id='word_1_119' title='bbox 635 2023 705 2080; x_wconf 90' lang='lat' dir='ltr'><strong>tum</strong></span> <span class='ocrx_word' id='word_1_120' title='bbox 743 2018 830 2099; x_wconf 92' lang='lat' dir='ltr'><strong>quod</strong></span> <span class='ocrx_word' id='word_1_121' title='bbox 862 2019 1047 2084; x_wconf 91' lang='lat' dir='ltr'><strong>sollicitudo</strong></span> <span class='ocrx_word' id='word_1_122' title='bbox 1081 2021 1112 2085; x_wconf 89' lang='lat' dir='ltr'><strong>b.</strong></span> <span class='ocrx_word' id='word_1_123' title='bbox 1208 2041 1211 2046; x_wconf 88' lang='lat'>·</span> 
     </span>
    </p>
   </div>
   <div class='ocr_carea' id='block_1_4' title="bbox 36 2114 1116 3787">
    <p class='ocr_par' dir='ltr' id='par_1_5' title="bbox 38 2114 1114 2598">
     <span class='ocr_line' id='line_1_18' title="bbox 38 2114 1114 2202; baseline 0.007 -24"><span class='ocrx_word' id='word_1_124' title='bbox 38 2114 163 2198; x_wconf 86' lang='lat' dir='ltr'><strong>Virginis</strong></span> <span class='ocrx_word' id='word_1_125' title='bbox 196 2137 261 2198; x_wconf 93' lang='lat' dir='ltr'><strong>pro</strong></span> <span class='ocrx_word' id='word_1_126' title='bbox 296 2115 454 2180; x_wconf 84' lang='lat' dir='ltr'><strong>servanda</strong></span> <span class='ocrx_word' id='word_1_127' title='bbox 485 2115 672 2197; x_wconf 87' lang='lat' dir='ltr'><strong>virginitate</strong></span> <span class='ocrx_word' id='word_1_128' title='bbox 704 2115 747 2178; x_wconf 91' lang='lat' dir='ltr'><strong>ad</strong></span> <span class='ocrx_word' id='word_1_129' title='bbox 778 2123 886 2182; x_wconf 90' lang='lat' dir='ltr'><strong>totum</strong></span> <span class='ocrx_word' id='word_1_130' title='bbox 914 2119 1114 2202; x_wconf 87' lang='lat' dir='ltr'><strong>praecedens</strong></span> 
     </span>
     <span class='ocr_line' id='line_1_19' title="bbox 40 2213 1113 2300; baseline 0.007 -22"><span class='ocrx_word' id='word_1_131' title='bbox 40 2215 215 2300; x_wconf 76' lang='lat' dir='ltr'><strong>,Concipies</strong></span> <span class='ocrx_word' id='word_1_132' title='bbox 257 2220 291 2280; x_wconf 91' lang='lat' dir='ltr'><strong>et</strong></span> <span class='ocrx_word' id='word_1_133' title='bbox 322 2215 450 2297; x_wconf 83' lang='lat' dir='ltr'><strong>paries“</strong></span> <span class='ocrx_word' id='word_1_134' title='bbox 483 2213 626 2297; x_wconf 79' lang='lat' dir='ltr'><strong>refertur</strong></span> <span class='ocrx_word' id='word_1_135' title='bbox 663 2213 801 2296; x_wconf 86' lang='lat' dir='ltr'><strong>ideoque</strong></span> <span class='ocrx_word' id='word_1_136' title='bbox 839 2218 939 2281; x_wconf 90' lang='lat' dir='ltr'><strong>etiam</strong></span> <span class='ocrx_word' id='word_1_137' title='bbox 972 2218 1113 2300; x_wconf 85' lang='lat' dir='ltr'><strong>Spiritus</strong></span> 
     </span>
     <span class='ocr_line' id='line_1_20' title="bbox 41 2314 1113 2398; baseline 0.004 -21"><span class='ocrx_word' id='word_1_138' title='bbox 41 2314 134 2381; x_wconf 82' lang='lat' dir='ltr'><strong>Sancti</strong></span> <span class='ocrx_word' id='word_1_139' title='bbox 171 2317 282 2380; x_wconf 83' lang='lat' dir='ltr'><strong>virtus</strong></span> <span class='ocrx_word' id='word_1_140' title='bbox 321 2323 356 2380; x_wconf 89' lang='lat' dir='ltr'><strong>et</strong></span> <span class='ocrx_word' id='word_1_141' title='bbox 392 2315 552 2379; x_wconf 90' lang='lat' dir='ltr'><strong>Altissimi</strong></span> <span class='ocrx_word' id='word_1_142' title='bbox 589 2314 796 2379; x_wconf 89' lang='lat' dir='ltr'><strong>obumbratio</strong></span> <span class='ocrx_word' id='word_1_143' title='bbox 834 2315 868 2378; x_wconf 92' lang='lat' dir='ltr'><strong>in</strong></span> <span class='ocrx_word' id='word_1_144' title='bbox 905 2317 1113 2398; x_wconf 86' lang='lat' dir='ltr'><strong>responsione</strong></span> 
     </span>
     <span class='ocr_line' id='line_1_21' title="bbox 40 2413 1114 2498; baseline 0.004 -20"><span class='ocrx_word' id='word_1_145' title='bbox 40 2413 136 2495; x_wconf 88' lang='lat' dir='ltr'><strong>Angeli</strong></span> <span class='ocrx_word' id='word_1_146' title='bbox 164 2415 210 2479; x_wconf 91' lang='lat' dir='ltr'><strong>ad</strong></span> <span class='ocrx_word' id='word_1_147' title='bbox 242 2414 465 2496; x_wconf 86' lang='lat' dir='ltr'><strong>virginitatem</strong></span> <span class='ocrx_word' id='word_1_148' title='bbox 492 2415 526 2478; x_wconf 89' lang='lat' dir='ltr'><strong>in</strong></span> <span class='ocrx_word' id='word_1_149' title='bbox 552 2421 692 2497; x_wconf 90' lang='lat' dir='ltr'><strong>utroque</strong></span> <span class='ocrx_word' id='word_1_150' title='bbox 714 2451 754 2459; x_wconf 93' lang='lat'>—</span> <span class='ocrx_word' id='word_1_151' title='bbox 775 2414 810 2478; x_wconf 92' lang='lat' dir='ltr'><strong>in</strong></span> <span class='ocrx_word' id='word_1_152' title='bbox 838 2416 1051 2498; x_wconf 88' lang='lat' dir='ltr'><strong>conceptione</strong></span> <span class='ocrx_word' id='word_1_153' title='bbox 1080 2425 1114 2482; x_wconf 89' lang='lat' dir='ltr'><strong>et</strong></span> 
     </span>
     <span class='ocr_line' id='line_1_22' title="bbox 40 2511 1006 2598; baseline 0.004 -25"><span class='ocrx_word' id='word_1_154' title='bbox 40 2511 175 2595; x_wconf 80' lang='lat' dir='ltr'><strong>inportu</strong></span> <span class='ocrx_word' id='word_1_155' title='bbox 199 2551 244 2560; x_wconf 92' lang='lat'><em>-</em></span> <span class='ocrx_word' id='word_1_156' title='bbox 266 2513 459 2578; x_wconf 84' lang='lat' dir='ltr'><strong>servandam</strong></span> <span class='ocrx_word' id='word_1_157' title='bbox 480 2513 699 2578; x_wconf 80' lang='lat' dir='ltr'><strong>extenditur.“</strong></span> <span class='ocrx_word' id='word_1_158' title='bbox 1003 2593 1006 2598; x_wconf 86' lang='lat'>.</span> 
     </span>
    </p>

    <p class='ocr_par' dir='ltr' id='par_1_6' title="bbox 36 2612 1116 3668">
     <span class='ocr_line' id='line_1_23' title="bbox 89 2612 1116 2696; baseline 0.004 -21"><span class='ocrx_word' id='word_1_159' title='bbox 89 2613 195 2688; x_wconf 85' lang='lat' dir='ltr'><strong>Quare</strong></span> <span class='ocrx_word' id='word_1_160' title='bbox 231 2612 378 2694; x_wconf 89' lang='lat' dir='ltr'><strong>perbelle</strong></span> <span class='ocrx_word' id='word_1_161' title='bbox 410 2635 434 2677; x_wconf 92' lang='lat' dir='ltr'><strong>s.</strong></span> <span class='ocrx_word' id='word_1_162' title='bbox 469 2612 684 2694; x_wconf 82' lang='lat' dir='ltr'><strong>Augustinus:</strong></span> <span class='ocrx_word' id='word_1_163' title='bbox 698 2613 723 2694; x_wconf 78' lang='grc'><strong>5)</strong></span> <span class='ocrx_word' id='word_1_164' title='bbox 761 2614 830 2694; x_wconf 80' lang='lat' dir='ltr'><strong>,De</strong></span> <span class='ocrx_word' id='word_1_165' title='bbox 861 2613 994 2696; x_wconf 88' lang='lat' dir='ltr'><strong>Virgine</strong></span> <span class='ocrx_word' id='word_1_166' title='bbox 1025 2616 1116 2679; x_wconf 87' lang='lat' dir='ltr'><strong>nasci</strong></span> 
     </span>
     <span class='ocr_line' id='line_1_24' title="bbox 39 2711 1115 2794; baseline 0.007 -24"><span class='ocrx_word' id='word_1_167' title='bbox 39 2711 207 2790; x_wconf 87' lang='lat' dir='ltr'><strong>oportebat,</strong></span> <span class='ocrx_word' id='word_1_168' title='bbox 229 2733 328 2794; x_wconf 89' lang='lat' dir='ltr'><strong>quem</strong></span> <span class='ocrx_word' id='word_1_169' title='bbox 344 2711 424 2776; x_wconf 92' lang='lat' dir='ltr'><strong>fides</strong></span> <span class='ocrx_word' id='word_1_170' title='bbox 443 2712 565 2790; x_wconf 89' lang='lat' dir='ltr'><strong>matris,</strong></span> <span class='ocrx_word' id='word_1_171' title='bbox 583 2733 648 2776; x_wconf 91' lang='lat' dir='ltr'><strong>non</strong></span> <span class='ocrx_word' id='word_1_172' title='bbox 663 2711 766 2783; x_wconf 88' lang='lat' dir='ltr'><strong>libido</strong></span> <span class='ocrx_word' id='word_1_173' title='bbox 784 2719 987 2794; x_wconf 86' lang='lat' dir='ltr'><strong>conceperat.</strong></span> <span class='ocrx_word' id='word_1_174' title='bbox 1020 2712 1115 2791; x_wconf 86' lang='lat' dir='ltr'><strong>Quod</strong></span> 
     </span>
     <span class='ocr_line' id='line_1_25' title="bbox 38 2809 1114 2894; baseline 0.005 -24"><span class='ocrx_word' id='word_1_175' title='bbox 38 2809 59 2870; x_wconf 90' lang='lat' dir='ltr'><strong>si</strong></span> <span class='ocrx_word' id='word_1_176' title='bbox 76 2811 122 2874; x_wconf 78' lang='lat' dir='ltr'><strong>vel</strong></span> <span class='ocrx_word' id='word_1_177' title='bbox 142 2833 205 2894; x_wconf 90' lang='lat' dir='ltr'><strong>per</strong></span> <span class='ocrx_word' id='word_1_178' title='bbox 228 2817 419 2876; x_wconf 84' lang='lat' dir='ltr'><strong>nascentem</strong></span> <span class='ocrx_word' id='word_1_179' title='bbox 448 2818 713 2892; x_wconf 88' lang='lat' dir='ltr'><strong>corrumperetur</strong></span> <span class='ocrx_word' id='word_1_180' title='bbox 740 2811 810 2893; x_wconf 86' lang='lat' dir='ltr'><strong>ejus</strong></span> <span class='ocrx_word' id='word_1_181' title='bbox 831 2812 1019 2894; x_wconf 87' lang='lat' dir='ltr'><strong>integritas,</strong></span> <span class='ocrx_word' id='word_1_182' title='bbox 1048 2833 1114 2876; x_wconf 92' lang='lat' dir='ltr'><strong>non</strong></span> 
     </span>
     <span class='ocr_line' id='line_1_26' title="bbox 36 2907 1113 2994; baseline 0.004 -23"><span class='ocrx_word' id='word_1_183' title='bbox 36 2907 90 2988; x_wconf 81' lang='lat' dir='ltr'><strong>jam</strong></span> <span class='ocrx_word' id='word_1_184' title='bbox 108 2910 163 2975; x_wconf 91' lang='lat' dir='ltr'><strong>ille</strong></span> <span class='ocrx_word' id='word_1_185' title='bbox 187 2911 231 2975; x_wconf 90' lang='lat' dir='ltr'><strong>de</strong></span> <span class='ocrx_word' id='word_1_186' title='bbox 255 2911 379 2993; x_wconf 91' lang='lat' dir='ltr'><strong>virgine</strong></span> <span class='ocrx_word' id='word_1_187' title='bbox 400 2917 598 2988; x_wconf 88' lang='lat' dir='ltr'><strong>nasceretur,</strong></span> <span class='ocrx_word' id='word_1_188' title='bbox 623 2931 760 2993; x_wconf 90' lang='lat' dir='ltr'><strong>eumque</strong></span> <span class='ocrx_word' id='word_1_189' title='bbox 782 2909 866 2975; x_wconf 84' lang='lat' dir='ltr'><strong>falso</strong></span> <span class='ocrx_word' id='word_1_190' title='bbox 889 2910 992 2993; x_wconf 89' lang='lat' dir='ltr'><strong>(quod</strong></span> <span class='ocrx_word' id='word_1_191' title='bbox 1012 2910 1113 2994; x_wconf 88' lang='lat' dir='ltr'><strong>absit)</strong></span> 
     </span>
     <span class='ocr_line' id='line_1_27' title="bbox 38 3006 1113 3093; baseline 0.003 -23"><span class='ocrx_word' id='word_1_192' title='bbox 38 3006 69 3070; x_wconf 85' lang='lat' dir='ltr'><strong>do</strong></span> <span class='ocrx_word' id='word_1_193' title='bbox 87 3009 221 3093; x_wconf 87' lang='lat' dir='ltr'><strong>Virgine</strong></span> <span class='ocrx_word' id='word_1_194' title='bbox 245 3009 352 3074; x_wconf 89' lang='lat' dir='ltr'><strong>Maria</strong></span> <span class='ocrx_word' id='word_1_195' title='bbox 377 3017 492 3074; x_wconf 88' lang='lat' dir='ltr'><strong>natum</strong></span> <span class='ocrx_word' id='word_1_196' title='bbox 512 3016 585 3075; x_wconf 87' lang='lat' dir='ltr'><strong>tota</strong></span> <span class='ocrx_word' id='word_1_197' title='bbox 613 3009 826 3074; x_wconf 88' lang='lat' dir='ltr'><strong>confiteretur</strong></span> <span class='ocrx_word' id='word_1_198' title='bbox 844 3009 999 3086; x_wconf 83' lang='lat' dir='ltr'><strong>ecclesia,</strong></span> <span class='ocrx_word' id='word_1_199' title='bbox 1029 3030 1113 3091; x_wconf 90' lang='lat' dir='ltr'><strong>quae</strong></span> 
     </span>
     <span class='ocr_line' id='line_1_28' title="bbox 38 3105 1113 3192; baseline 0.004 -23"><span class='ocrx_word' id='word_1_200' title='bbox 38 3105 153 3174; x_wconf 90' lang='lat' dir='ltr'><strong>imitans</strong></span> <span class='ocrx_word' id='word_1_201' title='bbox 176 3110 252 3192; x_wconf 85' lang='lat' dir='ltr'><strong>ejus</strong></span> <span class='ocrx_word' id='word_1_202' title='bbox 270 3108 412 3173; x_wconf 91' lang='lat' dir='ltr'><strong>Matrem</strong></span> <span class='ocrx_word' id='word_1_203' title='bbox 434 3109 580 3192; x_wconf 90' lang='lat' dir='ltr'><strong>quotidie</strong></span> <span class='ocrx_word' id='word_1_204' title='bbox 599 3109 687 3191; x_wconf 89' lang='lat' dir='ltr'><strong>parit</strong></span> <span class='ocrx_word' id='word_1_205' title='bbox 708 3108 854 3172; x_wconf 88' lang='lat' dir='ltr'><strong>membra</strong></span> <span class='ocrx_word' id='word_1_206' title='bbox 874 3108 943 3189; x_wconf 90' lang='lat' dir='ltr'><strong>ejus</strong></span> <span class='ocrx_word' id='word_1_207' title='bbox 964 3115 997 3172; x_wconf 93' lang='lat' dir='ltr'><strong>et</strong></span> <span class='ocrx_word' id='word_1_208' title='bbox 1014 3107 1113 3191; x_wconf 90' lang='lat' dir='ltr'><strong>Virgo</strong></span> 
     </span>
     <span class='ocr_line' id='line_1_29' title="bbox 38 3207 1115 3290; baseline 0.005 -23"><span class='ocrx_word' id='word_1_209' title='bbox 38 3208 104 3268; x_wconf 80' lang='lat' dir='ltr'><strong>est.“</strong></span> <span class='ocrx_word' id='word_1_210' title='bbox 153 3208 243 3290; x_wconf 84' lang='lat' dir='ltr'><strong>,Qui</strong></span> <span class='ocrx_word' id='word_1_211' title='bbox 276 3207 427 3290; x_wconf 89' lang='lat' dir='ltr'><strong>disrupta</strong></span> <span class='ocrx_word' id='word_1_212' title='bbox 460 3207 604 3289; x_wconf 88' lang='lat' dir='ltr'><strong>corporis</strong></span> <span class='ocrx_word' id='word_1_213' title='bbox 635 3207 781 3271; x_wconf 89' lang='lat' dir='ltr'><strong>membra</strong></span> <span class='ocrx_word' id='word_1_214' title='bbox 813 3207 847 3271; x_wconf 92' lang='lat' dir='ltr'><strong>in</strong></span> <span class='ocrx_word' id='word_1_215' title='bbox 879 3208 951 3272; x_wconf 89' lang='lat' dir='ltr'><strong>aliis</strong></span> <span class='ocrx_word' id='word_1_216' title='bbox 983 3213 1115 3289; x_wconf 90' lang='lat' dir='ltr'><strong>poterat</strong></span> 
     </span>
     <span class='ocr_line' id='line_1_30' title="bbox 38 3302 1114 3390; baseline 0.003 -23"><span class='ocrx_word' id='word_1_217' title='bbox 38 3302 187 3390; x_wconf 86' lang='lat' dir='ltr'><strong>integrare</strong></span> <span class='ocrx_word' id='word_1_218' title='bbox 211 3305 388 3388; x_wconf 88' lang='lat' dir='ltr'><strong>tangendo,</strong></span> <span class='ocrx_word' id='word_1_219' title='bbox 418 3306 532 3370; x_wconf 87' lang='lat' dir='ltr'><strong>scribit</strong></span> <span class='ocrx_word' id='word_1_220' title='bbox 553 3305 798 3388; x_wconf 74' lang='lat' dir='ltr'><strong>Fulgentius</strong></span> <span class='ocrx_word' id='word_1_221' title='bbox 810 3309 835 3388; x_wconf 75' lang='grc'><strong>6)</strong></span> <span class='ocrx_word' id='word_1_222' title='bbox 866 3314 989 3390; x_wconf 91' lang='lat' dir='ltr'><strong>quanto</strong></span> <span class='ocrx_word' id='word_1_223' title='bbox 1010 3307 1114 3389; x_wconf 90' lang='lat' dir='ltr'><strong>magis</strong></span> 
     </span>
     <span class='ocr_line' id='line_1_31' title="bbox 38 3401 1113 3489; baseline 0.007 -27"><span class='ocrx_word' id='word_1_224' title='bbox 38 3401 64 3463; x_wconf 93' lang='lat' dir='ltr'><strong>in</strong></span> <span class='ocrx_word' id='word_1_225' title='bbox 82 3425 138 3469; x_wconf 89' lang='lat' dir='ltr'><strong>sua</strong></span> <span class='ocrx_word' id='word_1_226' title='bbox 158 3411 286 3482; x_wconf 88' lang='lat' dir='ltr'><strong>matre,</strong></span> <span class='ocrx_word' id='word_1_227' title='bbox 317 3405 404 3489; x_wconf 91' lang='lat' dir='ltr'><strong>quod</strong></span> <span class='ocrx_word' id='word_1_228' title='bbox 425 3405 550 3468; x_wconf 84' lang='lat' dir='ltr'><strong>invenit</strong></span> <span class='ocrx_word' id='word_1_229' title='bbox 569 3404 745 3488; x_wconf 86' lang='lat' dir='ltr'><strong>integrum,</strong></span> <span class='ocrx_word' id='word_1_230' title='bbox 774 3406 885 3488; x_wconf 93' lang='lat' dir='ltr'><strong>potuit</strong></span> <span class='ocrx_word' id='word_1_231' title='bbox 904 3427 970 3470; x_wconf 92' lang='lat' dir='ltr'><strong>non</strong></span> <span class='ocrx_word' id='word_1_232' title='bbox 991 3405 1113 3470; x_wconf 83' lang='lat' dir='ltr'><strong>violare</strong></span> 
     </span>
     <span class='ocr_line' id='line_1_32' title="bbox 37 3503 1114 3589; baseline 0.006 -27"><span class='ocrx_word' id='word_1_233' title='bbox 37 3503 210 3570; x_wconf 80' lang='lat' dir='ltr'><strong>nascendo?</strong></span> <span class='ocrx_word' id='word_1_234' title='bbox 235 3504 346 3570; x_wconf 83' lang='lat' dir='ltr'><strong>Crevit</strong></span> <span class='ocrx_word' id='word_1_235' title='bbox 367 3504 453 3568; x_wconf 90' lang='lat' dir='ltr'><strong>enim</strong></span> <span class='ocrx_word' id='word_1_236' title='bbox 474 3505 543 3588; x_wconf 87' lang='lat' dir='ltr'><strong>ejus</strong></span> <span class='ocrx_word' id='word_1_237' title='bbox 565 3510 664 3586; x_wconf 90' lang='lat' dir='ltr'><strong>partu</strong></span> <span class='ocrx_word' id='word_1_238' title='bbox 684 3505 857 3588; x_wconf 88' lang='lat' dir='ltr'><strong>integritas</strong></span> <span class='ocrx_word' id='word_1_239' title='bbox 876 3506 996 3589; x_wconf 80' lang='lat' dir='ltr'><strong>potina,</strong></span> <span class='ocrx_word' id='word_1_240' title='bbox 1016 3527 1114 3588; x_wconf 90' lang='lat' dir='ltr'><strong>quam</strong></span> 
     </span>
     <span class='ocr_line' id='line_1_33' title="bbox 38 3599 202 3668; baseline 0.049 -8"><span class='ocrx_word' id='word_1_241' title='bbox 38 3599 202 3668; x_wconf 68' lang='lat' dir='ltr'><strong>decrevit.“</strong></span> 
     </span>
    </p>

    <p class='ocr_par' dir='ltr' id='par_1_7' title="bbox 88 3702 1112 3787">
     <span class='ocr_line' id='line_1_34' title="bbox 88 3702 1112 3787; baseline 0.003 -23"><span class='ocrx_word' id='word_1_242' title='bbox 88 3705 114 3765; x_wconf 84' lang='lat'><strong>2.</strong></span> <span class='ocrx_word' id='word_1_243' title='bbox 143 3703 385 3786; x_wconf 87' lang='lat' dir='ltr'><strong>Argumentum</strong></span> <span class='ocrx_word' id='word_1_244' title='bbox 407 3724 452 3767; x_wconf 87' lang='lat' dir='ltr'><strong>ex</strong></span> <span class='ocrx_word' id='word_1_245' title='bbox 473 3702 697 3766; x_wconf 84' lang='lat' dir='ltr'><strong>traditione</strong></span> <span class='ocrx_word' id='word_1_246' title='bbox 718 3703 859 3785; x_wconf 89' lang='lat' dir='ltr'><strong>petitum</strong></span> <span class='ocrx_word' id='word_1_247' title='bbox 878 3705 966 3787; x_wconf 91' lang='lat' dir='ltr'><strong>quod</strong></span> <span class='ocrx_word' id='word_1_248' title='bbox 983 3704 1112 3780; x_wconf 89' lang='lat' dir='ltr'><strong>attinet,</strong></span> 
     </span>
    </p>
   </div>
   <div class='ocr_carea' id='block_1_5' title="bbox 42 3851 231 3865">
    <p class='ocr_par' dir='ltr' id='par_1_8' title="bbox 42 3851 231 3865">
     <span class='ocr_line' id='line_1_35' title="bbox 42 3851 231 3865; baseline 0.011 -2"><span class='ocrx_word' id='word_1_249' title='bbox 42 3851 231 3865; x_wconf 42' lang='grc' dir='ltr'>ὴ..-</span> 
     </span>
    </p>
   </div>
   <div class='ocr_carea' id='block_1_6' title="bbox 39 3935 1184 4088">
    <p class='ocr_par' dir='ltr' id='par_1_9' title="bbox 39 3935 1184 4088">
     <span class='ocr_line' id='line_1_36' title="bbox 93 3935 1184 4005; baseline -0.004 -15"><span class='ocrx_word' id='word_1_250' title='bbox 93 3935 112 4002; x_wconf 77' lang='grc'><strong>1)</strong></span> <span class='ocrx_word' id='word_1_251' title='bbox 128 3935 197 3992; x_wconf 83' lang='lat' dir='ltr'><strong>Luc.</strong></span> <span class='ocrx_word' id='word_1_252' title='bbox 216 3935 244 4002; x_wconf 90' lang='lat'><strong>1,</strong></span> <span class='ocrx_word' id='word_1_253' title='bbox 267 3939 301 3990; x_wconf 84' lang='grc'><strong>30</strong></span> <span class='ocrx_word' id='word_1_254' title='bbox 317 3953 375 4005; x_wconf 86' lang='lat' dir='ltr'><strong>sqq.</strong></span> <span class='ocrx_word' id='word_1_255' title='bbox 417 3936 438 4003; x_wconf 62' lang='grc' dir='ltr'><strong>Β)</strong></span> <span class='ocrx_word' id='word_1_256' title='bbox 456 3936 522 3992; x_wconf 84' lang='lat' dir='ltr'><strong>Luc.</strong></span> <span class='ocrx_word' id='word_1_257' title='bbox 540 3935 566 4003; x_wconf 86' lang='lat' dir='ltr'><strong>l,</strong></span> <span class='ocrx_word' id='word_1_258' title='bbox 584 3939 624 3992; x_wconf 86' lang='lat'><strong>34.</strong></span> <span class='ocrx_word' id='word_1_259' title='bbox 666 3939 687 4004; x_wconf 82' lang='lat'><strong>³)</strong></span> <span class='ocrx_word' id='word_1_260' title='bbox 704 3935 771 3992; x_wconf 89' lang='lat' dir='ltr'><strong>Luc.</strong></span> <span class='ocrx_word' id='word_1_261' title='bbox 789 3937 815 4003; x_wconf 86' lang='lat'><strong>1,</strong></span> <span class='ocrx_word' id='word_1_262' title='bbox 837 3940 877 3991; x_wconf 86' lang='lat'><strong>35.</strong></span> <span class='ocrx_word' id='word_1_263' title='bbox 919 3938 941 4003; x_wconf 84' lang='lat'><strong>⁴)</strong></span> <span class='ocrx_word' id='word_1_264' title='bbox 961 3935 991 3990; x_wconf 85' lang='lat' dir='ltr'><strong>L.</strong></span> <span class='ocrx_word' id='word_1_265' title='bbox 1010 3953 1033 3989; x_wconf 88' lang='lat' dir='ltr'><strong>o.</strong></span> <span class='ocrx_word' id='word_1_266' title='bbox 1050 3951 1114 4004; x_wconf 83' lang='lat' dir='ltr'><strong>pag.</strong></span> <span class='ocrx_word' id='word_1_267' title='bbox 1180 3995 1184 4002; x_wconf 90' lang='lat'>.</span> 
     </span>
     <span class='ocr_line' id='line_1_37' title="bbox 39 4015 1052 4088; baseline 0.003 -20"><span class='ocrx_word' id='word_1_268' title='bbox 39 4015 77 4067; x_wconf 83' lang='lat' dir='ltr'><strong>llb</strong></span> <span class='ocrx_word' id='word_1_269' title='bbox 91 4034 128 4086; x_wconf 81' lang='lat' dir='ltr'><strong>sq.</strong></span> <span class='ocrx_word' id='word_1_270' title='bbox 162 4021 184 4086; x_wconf 70' lang='grc'><strong>5)</strong></span> <span class='ocrx_word' id='word_1_271' title='bbox 204 4018 239 4071; x_wconf 92' lang='lat' dir='ltr'><strong>ln</strong></span> <span class='ocrx_word' id='word_1_272' title='bbox 254 4017 399 4074; x_wconf 81' lang='lat' dir='ltr'><strong>Euchirid.</strong></span> <span class='ocrx_word' id='word_1_273' title='bbox 416 4036 459 4088; x_wconf 89' lang='lat' dir='ltr'><strong>cp.</strong></span> <span class='ocrx_word' id='word_1_274' title='bbox 477 4023 517 4074; x_wconf 83' lang='lat'><strong>34.</strong></span> <span class='ocrx_word' id='word_1_275' title='bbox 550 4021 573 4087; x_wconf 78' lang='lat'><strong>⁸)</strong></span> <span class='ocrx_word' id='word_1_276' title='bbox 590 4020 622 4073; x_wconf 92' lang='lat' dir='ltr'><strong>ln</strong></span> <span class='ocrx_word' id='word_1_277' title='bbox 639 4037 720 4074; x_wconf 85' lang='lat' dir='ltr'><strong>serm.</strong></span> <span class='ocrx_word' id='word_1_278' title='bbox 738 4019 774 4075; x_wconf 87' lang='lat' dir='ltr'><strong>de</strong></span> <span class='ocrx_word' id='word_1_279' title='bbox 792 4019 918 4074; x_wconf 86' lang='lat' dir='ltr'><strong>laudibus</strong></span> <span class='ocrx_word' id='word_1_280' title='bbox 936 4019 1052 4072; x_wconf 84' lang='lat' dir='ltr'><strong>Mariae.</strong></span> 
     </span>
    </p>
   </div>
   <div class='ocr_carea' id='block_1_7' title="bbox 0 0 1370 4564">
    <p class='ocr_par' dir='ltr' id='par_1_10' title="bbox 0 0 1370 4564">
     <span class='ocr_line' id='line_1_38' title="bbox 0 0 1370 4564; baseline 0 0"><span class='ocrx_word' id='word_1_281' title='bbox 0 0 1370 4564; x_wconf 95' lang='lat' dir='ltr'><strong> </strong></span> 
     </span>
    </p>
   </div>
  </div>
 </body>
</html>
