2730 4564
552 367 610 424 175

534 551 568 635 s.
591 547 625 616 a

74 706 96 771 S.
126 706 302 789 Deipara
328 705 399 769 hoc
425 697 674 788 propositum
700 712 791 771 voto
819 707 1084 778 confirmavit.

95 852 265 919 Haeretici
286 852 314 917 si
332 873 411 916 cane
434 858 467 917 et
485 873 592 936 ungue
611 853 703 936 pejus
725 853 760 917 in
779 853 810 917 b.
828 854 960 938 Virgine
980 859 1120 927 oderant

51 953 240 1035 propositum
271 950 449 1016 servandae
484 951 662 1030 castitatis,
702 974 810 1017 nonne
845 955 1005 1021 acerbiori
1040 960 1116 1025 odio

52 1059 147 1115 votum
183 1051 286 1135 ipsius
322 1049 594 1115 insectabuntu'r?
632 1050 794 1130 Bucerus,
832 1051 948 1119 Petrus
981 1055 1117 1141 Martyr,

51 1148 169 1231 Beza,¹)
204 1149 487 1231 Centuriatorese)
520 1148 640 1232 aliique
668 1156 790 1232 negant
816 1157 929 1216 votum
957 1155 1116 1239 absolute,

51 1248 248 1314 admittentes
271 1249 447 1330 Deiparam
469 1268 538 1313 esse
560 1247 716 1359 virginem
737 1248 772 1312 in
793 1254 936 1330 tantum,
961 1253 994 1316 in
1016 1276 1118 1337 quan·
1211 1291 1217 1302 ·

51 1353 106 1410 tum
62 1348 197 1412 amsine
220 1345 289 1411 viro
312 1346 477 1412 Christum
498 1347 655 1429 concepit,
633 1347 782 1411 t'sed
757 1368 826 1413 s1ne
847 1357 922 1415 voto
944 1346 1117 1418 castitatis}

51 1444 188 1512 Calvinus
209 1445 379 1530 perfidiam
401 1446 491 1528 gravi
510 1445 762 1558 reprehensione
789 1446 920 1530 dignam
940 1457 1082 1533 reputat,
1091 1453 1116 1536 8)

51 1545 71 1607 ιι
88 1551 264 1628 perpetuae
288 1544 484 1628 virginitatis
505 1545 646 1610 votum
637 1567 672 1608 ιιι
692 1544 797 1609 Maria
819 1547 1048 1614 constituatur.

99 1644 261 1711 Probatur
281 1649 357 1708 cont
358 1665 396 1708 ra
417 1643 497 1709 istos
519 1643 751 1727 propositionis
773 1649 903 1708 nostrae
924 1646 1045 1712 veritas

102 1749 127 1808 1.
162 1765 207 1808 ex
233 1763 347 1808 sacra
378 1743 587 1827 Scriptura
614 1748 648 1807 et
675 1742 807 1825 quidem
829 1764 869 1807 ex
888 1745 1118 1829 verbis1psius

50 1841 178 1925 Virginis
207 1842 249 1907 ad
270 1840 439 1924 Angelum.
484 1841 514 1906 S.
537 1841 642 1906 Lucas
663 1840 871 1924 Evangelista
897 1840 1118 1909 felicissimam

50 1940 128 2005 illam
154 1941 364 2024 legationem,
394 1939 508 2022 angelo
537 1939 683 2005 Gabricli
710 1939 821 2005 aDeo
851 1942 1054 2008 commissam
1082 1951 1117 2010 et

51 2041 179 2104 omnium
199 2046 348 2105 nostrum
369 2039 498 2103 nomine
520 2038 562 2103 ad
584 2059 607 2102 s.
631 2037 808 2120 Deiparam
832 2037 997 2119 directam,
1019 2042 1115 2108 modo

50 2139 177 2219 quodam
216 2138 372 2203 describit
409 2136 665 2221 incomparabili.
726 2135 869 2219 Angelus
908 2146 1046 2222 apparet
1083 2141 1114 2206 b.

50 2236 161 2320 Virgini
198 2237 327 2321 illique,
367 2242 406 2301 ut
443 2241 550 2300 mater
582 2235 759 2301 Salvatoris
796 2257 867 2301 esse
906 2239 1105 2305 consentiret

50 2337 189 2402 mandata
227 2336 362 2419 exponit
400 2335 516 2399 divina.
569 2333 685 2399 Nuntii
723 2356 761 2399 ac
793 2335 939 2418 mysterii
970 2337 1117 2403 novitate

51 2443 184 2515 permota
211 2456 358 2500 necnon
384 2434 527 2499 attonita
555 2434 595 2498 ob
618 2433 812 2516 dignitatem
841 2434 903 2498 sibi
923 2436 1117 2522 promissam

51 2531 136 2616 Virgo
173 2556 239 2600 non
270 2532 395 2617 potuit,
435 2533 514 2615 quin
551 2538 739 2616 quaereret:
780 2533 1001 2615 ,Quomodo
1040 2534 1120 2601 fiet

50 2630 160 2713 istud,
189 2633 346 2720 quoniam
373 2631 482 2700 virum
508 2649 574 2699 non
602 2632 842 2717 cognoscol“⁴)
875 2633 911 2696 B.
933 2633 1034 2717 Virgo
1063 2634 1117 2699 hic

50 2751 106 2794 uon
124 2731 268 2815 loquitur
289 2732 329 2796 de
350 2731 534 2814 cognitione
554 2730 673 2810 faciali,
696 2731 746 2796 uti
766 2753 826 2813 per
847 2753 882 2796 se
904 2733 1036 2812 clarum,
1060 2733 1118 2799 sed

50 2827 85 2892 de
110 2853 277 2915 congressu
307 2830 452 2896 maritali
479 2852 585 2914 neque
614 2830 840 2896 tantummodo
874 2830 915 2895 de
944 2853 1119 2915 congressu
1146 2869 1150 2878 ·

51 2931 201 3008 praesenti
238 2937 272 2996 et
302 2931 499 3014 praeterito,
533 2930 594 2996 sed
625 2931 665 2995 de
698 2930 810 2996 futuro
850 2952 996 3015 quoque3
1035 2931 1119 2997 alias

52 3027 179 3111 Angelus
198 3030 396 3114 respondere
418 3029 594 3114 potuisset:
627 3029 683 3112 ,Si
710 3030 816 3094 virum
844 3051 909 3096 non
938 3031 1118 3114 cognovisti

52 3124 202 3210 hactenus,
225 3150 382 3213 cognosce
405 3150 479 3193 eum
499 3150 585 3192 nunc
606 3129 806 3213 habebisque
829 3127 1062 3212 lilium-quem
1083 3136 1119 3195 te

54 3235 267 3312 concepturam
287 3228 487 3311 praedixit
512 3226 692 3292 Difficultas
723 3249 815 3312 ergo,
845 3249 943 3312 quam
963 3228 994 3293 b.
1016 3230 1116 3312 Virgo

53 3325 144 3392 verbis
164 3327 312 3411 allegatis
332 3327 455 3410 Angelo
478 3326 598 3409 objicit,
621 3347 686 3390 non
708 3326 876 3392 oriebatur
897 3349 937 3392 ex
959 3349 1005 3407 co,
1030 3328 1120 3412 quod,

53 3430 147 3490 actum
176 3427 370 3510 cognitionis
398 3426 542 3490 nondum
571 3433 776 3506 exercuerat,
805 3448 905 3510 quum
931 3433 1046 3509 partus
1075 3425 1118 3492 ab
1173 3441 1175 3448 '

52 3519 160 3604 lngelo
187 3529 428 3609 proponeretur
454 3523 625 3589 futurus.
675 3523 743 3589 Nec
772 3526 877 3590 minus
896 3526 1120 3607 proveniebat

54 3616 208 3688 difficultas
229 3622 288 3688 illa
308 3645 349 3687 ex
368 3623 565 3706 uirginitatis
583 3623 761 3688 servandae
778 3624 945 3707 proposito
967 3623 1117 3707 simplici,

54 3720 128 3796 quod
141 3723 273 3805 propria
288 3721 434 3805 potuerit
451 3728 580 3786 mutare
597 3721 774 3787 voluntate.
808 3722 989 3787 Dicendum
1006 3722 1117 3804 igitur,

54 3849 231 3867 Ἁ-

109 3919 127 3984 ¹)
146 3919 177 3973 In
199 3920 286 3977 schol.
310 3919 410 3989 adject.
433 3919 539 3989 Evang.
564 3918 632 3974 Luc.
673 3919 696 3985 ²)
719 3919 796 3975 Oent.
819 3921 844 3987 1,
869 3920 917 3975 lib.
943 3918 983 3987 ll,
1008 3935 1050 3989 cp.
1076 3919 1117 3976 10.
1245 3909 1249 3920 ’

54 3995 168 4060 blicam.
185 4002 291 4072 Evang.
325 4003 347 4071 ⁴)
365 4002 433 4058 Luc.
450 4001 472 4070 1,
490 4004 531 4058 34.
