2728 4560
755 331 814 391 252

244 491 350 556 cundo
385 491 540 573 peccavit.
599 491 669 568 Quo
707 492 736 556 si
770 499 953 574 peccasset,
992 501 1161 576 peccasset
1195 517 1305 579 quoque

244 591 407 673 sponsalia
436 591 667 656 contrahendo.
711 591 746 656 Si
774 597 885 656 votum
913 591 996 657 illud
1023 594 1182 659 violatum
1208 594 1306 658 fuisset

243 690 459 768 matrimonio,
481 691 567 754 idem
590 691 690 755 etiam
712 690 884 755 dicendum
905 691 992 756 foret
1013 692 1053 758 de
1075 694 1279 776 sponsalibus.

305 789 550 854 Matrimonium
582 791 668 854 enim
697 790 843 856 continet
870 792 1116 873 promissionem
1147 791 1222 857 fidei
1248 813 1307 856 con·

239 888 359 970 jugalis
395 888 573 967 actualem,
611 890 775 971 sponsalia
806 911 882 954 vero
919 898 995 956 sunt
1026 893 1197 975 promissio
1227 891 1306 974 hujus

242 987 474 1070 promissionis.
519 986 762 1052 Matrimonium
789 994 823 1053 et
844 990 1008 1071 sponsalia
1034 1012 1100 1054 non
1123 991 1306 1072 distinguun-

242 1093 306 1166 tur,
328 1087 393 1151 nisi
415 1108 468 1166 eo,
492 1087 580 1170 quod
600 1088 682 1151 illud
703 1109 763 1170 per
782 1088 882 1153 verba
904 1089 944 1154 de
966 1092 1143 1172 praesenti,
1165 1091 1242 1155 haec
1260 1110 1306 1172 per

241 1186 342 1250 verba
364 1187 576 1251 enuntientur
605 1187 644 1252 de
673 1186 795 1252 futuro.
838 1189 1005 1271 Temporis
1034 1211 1109 1254 vero
1140 1188 1307 1253 differentia

242 1285 324 1349 nihil
346 1286 491 1368 impedit,
514 1286 685 1368 quominus
706 1293 846 1369 utraque
867 1286 987 1366 forma,
1017 1295 1135 1370 utpote
1157 1288 1306 1352 continens

242 1407 434 1450 consensum
455 1385 556 1463 illum,
582 1386 638 1468 qui
659 1392 734 1450 voto
760 1387 918 1451 asseritur
938 1387 1131 1466 contrarius,
1153 1392 1226 1451 voto
1246 1406 1305 1449 con-

231 1475 400 1549 tinentiae
422 1484 547 1566 pariter
567 1491 735 1566 repugnet.

303 1583 547 1648 Matrimonium
584 1585 804 1649 continentiae
842 1585 1042 1649 contrarium
1082 1606 1153 1649 esse
1188 1588 1305 1666 putatur

240 1690 377 1765 propter
395 1683 448 1765 jus
469 1683 503 1745 in
524 1703 558 1745 re
581 1681 623 1746 ad
644 1689 758 1746 mutua
787 1704 939 1764 corpora,
970 1683 1057 1766 quod
1088 1685 1237 1767 conjuges
1255 1678 1305 1744 sibi

241 1783 378 1848 invicem
400 1780 544 1846 tradunt.
588 1781 673 1863 Ergo
701 1781 788 1845 idem
815 1782 915 1846 etiam
935 1782 1023 1847 ualet
1046 1783 1086 1847 de
1108 1779 1304 1866 sponsalibus,

241 1883 318 1966 quia
339 1882 396 1946 illa
417 1881 484 1945 tale
510 1881 563 1963 jus
593 1880 768 1944 concedere
790 1882 995 1962 promittunt.
1040 1882 1130 1946 Haec
1152 1878 1304 1964 promissio

241 2002 300 2045 suo
322 1980 418 2044 modo
440 2001 505 2043 non
528 1979 634 2042 minus
657 1979 792 2061 obligat,
816 2001 914 2061 quam
935 1980 1067 2045 donatio
1089 1981 1170 2063 ipsa.

303 2078 502 2144 Consensum
529 2098 626 2159 porro
655 2098 719 2160 per,
741 2077 840 2142 verba
872 2078 912 2142 de
940 2079 1105 2161 praesenti
1135 2096 1305 2162 expressum

242 2199 343 2261 quare
365 2177 586 2241 continentiae
608 2177 807 2241 contrarium
828 2183 1015 2256 autumant,
1037 2178 1100 2242 nisi
1122 2185 1251 2260 propter
1268 2173 1304 2249 id,

241 2276 328 2359 quod
350 2282 401 2340 est
422 2275 462 2339 de
483 2274 595 2339 futuro
618 2277 637 2339 i.
662 2297 698 2354 a,
721 2277 936 2359 inquantum
959 2298 1074 2360 nempe
1098 2278 1307 2342 consideratur

242 2375 475 2440 consummatio
503 2375 647 2438 nondum
668 2376 801 2439 secuta?
834 2375 940 2452 Quare
963 2397 1039 2459 ergo
1068 2397 1240 2442 consensus
1258 2392 1308 2456 per

240 2474 339 2538 verba
360 2474 400 2538 de
427 2473 539 2539 futuro
572 2495 636 2538 non
665 2474 728 2538 erit
756 2495 860 2558 aeque
887 2475 1092 2539 contrarius?
1125 2475 1307 2540 Consensum

181 2626 183 2630 .
240 2574 275 2638 in
309 2574 514 2657 sponsalibus
553 2574 783 2638 contrahendis
820 2575 862 2639 ad
897 2574 1141 2638 matrimonium
1176 2572 1307 2638 futurum

240 2695 428 2739 concessum
449 2695 513 2737 non
535 2695 661 2756 semper
683 2674 851 2756 postulare
874 2675 1057 2738 necessario
1079 2671 1307 2738 matrimonium

242 2773 375 2856 ejusque
404 2773 713 2836 consummationem
743 2773 842 2855 idque
871 2773 905 2837 in
934 2779 1105 2838 contractu
1132 2767 1306 2854 sponsalitio

240 2893 263 2936 s.
286 2870 407 2952 Joseph
429 2876 463 2934 et
483 2871 690 2935 beatissimae
712 2871 854 2953 Virginis
875 2870 1000 2936 factum
1021 2891 1091 2935 esse
1113 2866 1304 2951 respondent.

240 2969 469 3034 Admittuntur
490 2991 565 3052 ergo
589 2968 768 3051 sponsalia,
799 2991 882 3053 quae
904 2991 968 3035 non
990 2968 1191 3051 sequebatur
1210 2964 1307 3032 matri·

238 3067 396 3132 monium!
967 3057 969 3060 ¹

301 3167 345 3231 At
374 3167 454 3232 haec
483 3167 585 3246 rati0,
615 3174 653 3231 ut
681 3167 850 3230 minimum
879 3167 1038 3246 dicamus,
1071 3165 1167 3232 fatua
1194 3165 1307 3230 ridetur

239 3287 278 3330 ac
306 3287 439 3348 prorsus
467 3267 581 3331 inanis.
626 3268 656 3344 S„
679 3266 801 3348 Joseph
829 3267 863 3329 in
890 3265 974 3330 facie
1003 3288 1184 3350 synagogae
1212 3281 1306 3330 coram

239 3365 462 3430 sacerdotibus
497 3365 685 3433 solemniter
716 3365 882 3447 promisit,
922 3387 945 3429 s.
975 3366 1143 3448 Virginem
1175 3365 1305 3446 accipere

238 3461 417 3545 legitimam
444 3485 536 3528 suam
564 3484 714 3528 uxorem:
744 3485 768 3527 s.
790 3463 888 3546 Virgo
916 3463 1002 3527 idem
1023 3465 1193 3546 praestitit
1213 3457 1306 3546 quoad

238 3584 262 3626 s.
291 3562 477 3645 Josephum.
521 3563 610 3627 Haec
637 3562 807 3645 promissio
838 3568 929 3626 estne
959 3569 1097 3627 executa
1124 3561 1250 3627 annon?
1278 3556 1305 3622 Si

238 3659 386 3739 affirmas,
416 3682 491 3744 ergo
513 3683 627 3726 revera
648 3668 724 3726 sunt
745 3661 872 3740 mariti3
901 3663 928 3726 si
950 3683 1057 3744 negas
1088 3682 1164 3744 ergo
1186 3657 1305 3744 promis-

237 3759 361 3824 sionem
383 3760 446 3835 sibi
466 3760 603 3823 invicem
630 3759 741 3823 datam
762 3759 978 3838 violaverunt,
1008 3761 1072 3823 imo
1095 3760 1222 3824 nonnisi
1241 3757 1304 3822 ficte

239 3864 273 3922 et
311 3858 461 3922 simulate
501 3857 664 3940 sponsalia
703 3865 937 3923 contraxerunt
976 3859 1097 3924 utendo
1135 3855 1303 3924 mendaciis.

236 3956 442 4022 Mendacium
469 3951 550 4021 vero
574 3956 640 4020 tale
669 3957 835 4040 talemque
864 3957 1093 4023 infidelitatem
1121 3958 1208 4043 apud
1228 3975 1304 4022 sanc-
