2782 4554
628 770 871 910 suello
907 772 974 908 Π.

296 1025 354 1110 llll
390 1025 535 1109 CULTU
567 1025 853 1110 reinissum
884 1025 1059 1110 VIRGlNl
1093 1029 1295 1133 onelios)

653 1205 806 1271 „Admitte
823 1205 903 1275 virgo
920 1223 937 1260 o
954 1207 1067 1276 inclyte,
1084 1208 1131 1264 hic
1148 1212 1256 1280 qnando
1269 1213 1313 1268 tihi

688 1288 775 1342 Verbi
792 1289 912 1357 parenti,
929 1289 979 1343 sed
995 1307 1079 1360 supro
1096 1293 1210 1347 modum
1226 1301 1308 1350 temen

687 1370 845 1439 Legemque
862 1371 935 1425 solus
952 1372 1026 1426 inter
1044 1390 1139 1429 omnes
1157 1379 1272 1448 contigIt

791 1455 807 1480 u

324 1539 350 1594 S.
368 1537 518 1607 Gregorius
534 1454 948 1606 Nazianzeniisolii'traegoedia
965 1537 1000 1592 de
1017 1539 1127 1596 Christo
1145 1544 1273 1612 potiente.

328 1701 514 1785 „Cogitanti
545 1699 639 1780 mihi,
674 1701 782 1784 inquit
817 1723 896 1766 ven.
930 1702 1166 1789 Canisius‚²)
1205 1730 1244 1772 ex
1275 1729 1326 1792 quo
1368 1781 1369 1792 χ

261 1802 353 1867 fonte
374 1801 435 1866 hoo
464 1799 586 1864 melum
607 1799 793 1882 proveniat,
822 1807 860 1865 ut
881 1823 983 1867 novae
1003 1803 1171 1887 religionis
1179 1808 1206 1889 ⁸)
1233 1829 1327 1872 aman·

262 1909 312 1967 tes
335 1951 342 1965 .
366 1950 373 1965 .
396 1950 402 1964 .
426 1950 432 1964 .
456 1906 564 1965 totum
587 1900 711 1979 Mariae
740 1900 864 1964 cultum
892 1901 925 1966 in
946 1901 1093 1968 Ecclesia
1120 1911 1190 1970 tam
1218 1905 1326 1970 infense

263 2001 402 2078 oderint,
424 2021 462 2063 ac
484 1999 517 2063 in
539 1998 605 2064 suis
628 1998 772 2063 ecclesiis
793 1999 902 2084 impie¹
917 2001 1116 2084 abrogarint
1146 2003 1245 2070 duae
1271 2004 1327 2088 qui-

264 2101 338 2166 dem
369 2099 543 2183 praecipue
580 2119 737 2176 causae,
773 2097 906 2165 satanae
939 2101 1075 2180 invidie,
1113 2109 1147 2168 et
1178 2102 1327 2168 hominum

264 2199 406 2265 coecitas
434 2219 472 2263 ec
503 2196 720 2280 ingratitudo,
753 2206 912 2264 venerunt
943 2200 978 2265 in
1010 2208 1161 2266 mentem.
1214 2201 1326 2269 Etenim

263 2299 326 2363 Dei
354 2304 388 2362 et
408 2296 568 2361 bonorum
598 2296 742 2360 omnium
769 2296 988 2377 adversarius,
1019 2299 1076 2384 qni
1105 2320 1140 2364 se
1168 2322 1244 2365 vere
1269 2320 1326 2364 coe·

211 2451 217 2465 .
262 2398 404 2480 lestique
434 2395 593 2460 felicitate
625 2395 780 2478 privavit,
813 2395 955 2486 alienae,
988 2396 1050 2462 hoc
1079 2405 1131 2462 est
1159 2406 1326 2463 sanctorum

262 2496 414 2574 omnium,
445 2502 479 2559 et
499 2493 622 2558 Mariae
644 2494 791 2577 inprimis
810 2494 964 2559 felicitati
985 2517 1189 2580 summopere
1211 2497 1323 2572 invidet

262 2593 610 2678 impatientissimeque
628 2591 694 2658 fert
709 2599 839 2657 tentum
857 2594 997 2672 virtutis,
1016 2594 1143 2660 decoris
1162 2603 1195 2661 et
1212 2596 1324 2680 gloriae,

264 2699 423 2779 quantum
454 2691 610 2756 mortales
641 2697 741 2774 atque
773 2691 907 2757 coelites
939 2693 973 2757 in
1002 2692 1147 2775 Deipara
1178 2697 1255 2761 setis
1282 2694 1325 2758 ed-

263 2790 376 2858 mirsri
403 2813 467 2854 non
488 2797 634 2874 possunt,
663 2791 697 2854 in
719 2813 799 2855 sexu
819 2791 959 2857 femineo
987 2791 1204 2874 resplendere.
1247 2793 1326 2859 Dolet

331 2990 350 3056 ¹)
374 2989 428 3045 cn.
452 2990 511 3055 „De
536 2988 702 3057 hyperdnlin
727 2989 840 3058 ejusque
865 2988 1072 3044 fundamento.“
1115 2991 1277 3047 Dissertatio
1296 2990 1327 3044 hi·

263 3071 536 3140 sterion-theologica
557 3075 671 3124 auctore
693 3071 791 3127 Hsine.
833 3073 855 3140 ²)
871 3071 913 3126 De
930 3071 1020 3125 Meris
1037 3073 1153 3141 Virgine
1174 3075 1326 3144 incompsn·

263 3157 315 3210 bili
338 3156 404 3209 libri
429 3155 550 3223 quinque
574 3170 639 3222 pers
655 3154 702 3216 IV,
724 3160 791 3209 sect.
813 3154 849 3220 ll,
872 3171 915 3223 cp.
935 3154 1011 3209 v111.
1052 3157 1074 3219 ³)
1093 3155 1124 3211 B.
1142 3157 1264 3227 Virginis
1283 3158 1327 3210 luu-

264 3241 374 3294 datores
405 3239 480 3292 inter
508 3236 662 3290 haereticos
687 3237 751 3291 albo
782 3253 867 3292 corvo
897 3239 1017 3292 rariores
1046 3244 1196 3307 apparent3
1224 3245 1328 3296 attamen

263 3322 442 3391 reperiuntur
458 3319 622 3390 hujusmodi.
656 3319 825 3375 Lutherus
843 3339 868 3376 v.
885 3338 911 3391 g.
929 3322 959 3375 in
976 3320 1089 3389 postilla
1105 3322 1141 3376 ud
1158 3323 1264 3394 Euerg.
1279 3321 1329 3377 ferti

263 3405 356 3460 Nutiv.
381 3403 412 3458 B.
439 3404 477 3458 Μ.
504 3403 537 3458 V.
563 3419 623 3456 sese
649 3403 690 3457 itu
714 3403 862 3472 exprimit:
893 3404 1045 3472 „Volumus
1070 3404 1098 3459 ei
1122 3406 1208 3460 etiem
1233 3407 1328 3462 titulun

263 3487 402 3557 gratiosae
420 3485 554 3540 Dominse
571 3485 711 3550 tribuere,
735 3501 788 3539 neo
804 3486 932 3541 invidere
948 3485 1098 3554 honorem,
1122 3505 1177 3557 qno
1198 3506 1257 3544 eum
1271 3488 1329 3542 Deus

264 3570 395 3640 dignatus
419 3569 487 3624 est“
530 3566 585 3622 Sed
610 3567 672 3620 aliis
697 3567 766 3621 locis
792 3568 866 3622 idem
892 3568 1088 3626 haeresiarche
1112 3570 1289 3641 blasphemius
1308 3569 1330 3622 in

263 3670 285 3707 s.
307 3652 455 3720 Deiparsm
482 3666 610 3705 evomere
633 3650 707 3703 houd
731 3652 878 3708 erubescit
917 3652 1048 3719 ‚,0mnes‚
1072 3654 1164 3722 inquit
1185 3655 1216 3708 in
1237 3651 1331 3722 postills
1366 3659 1367 3694 l

264 3734 363 3802 majori
381 3733 458 3788 Dom.
477 3733 498 3798 l,
515 3738 579 3801 post
600 3733 714 3803 Epiph‚
738 3737 899 3805 evangelicu
920 3736 976 3790 fide
994 3737 1085 3791 renati
1104 3753 1186 3806 peres
1209 3738 1235 3790 ei
1253 3750 1330 3790 snmus

264 3817 295 3869 in
320 3814 441 3882 honore,
467 3819 524 3869 tam
549 3815 639 3869 sancti
666 3833 774 3884 sumus,
800 3824 883 3887 etque
908 3819 983 3890 ipse,
1009 3819 1159 3873 dummodo
1184 3819 1214 3873 in
1238 3818 1329 3874 Christo

266 3897 425 3952 canemus.“
468 3895 738 3966 Oecolompndio
769 3902 798 3954 in
829 3918 908 3958 conc.
937 3902 973 3957 de
1002 3902 1105 3959 omnib.
1131 3901 1199 3956 sctis
1223 3901 1330 3968 ,naum

265 3979 408 4033 veneratio
426 3983 468 4034 est
485 3978 576 4033 cultus
592 3980 758 4038 idolorum.“
