2782 4554
713 317 773 376 516

200 495 308 552 amus,
345 475 403 539 sed
435 475 550 558 supple
583 475 830 542 insufficientiae
866 483 1013 556 nostras,
1050 486 1089 544 ut
1120 486 1154 546 te
1190 481 1292 564 digne

199 574 334 640 laudare
355 575 516 658 possimus
537 597 597 658 per
616 575 746 641 infinita
766 577 927 642 saecula.“

262 757 352 820 Alios
379 757 407 820 si
428 755 584 820 addidero
611 777 651 820 ss.
675 755 810 820 Patrum
832 762 956 835 textus,
986 757 1122 823 videbor
1142 758 1289 826 fortasse

199 856 235 919 in
255 859 290 919 re
312 855 373 919 hac
395 855 578 919 certissima
598 855 671 938 plus
693 876 798 938 aequo
820 855 995 938 copiosior3
1024 856 1187 923 sufficiant
1208 880 1290 942 ergo

201 953 336 1036 allegati
369 953 412 1018 ad
440 953 731 1036 comprobandum,
765 977 789 1019 s.
821 955 982 1037 Deiparae
1016 955 1142 1021 cultum
1171 958 1291 1023 deberi

201 1053 363 1118 communi
385 1053 640 1118 eminentiorem.

265 1233 431 1316 Objiciunt
449 1233 627 1298 adversarii
645 1234 806 1316 quaedam
824 1255 849 1298 s.
866 1233 1084 1316 Augustini
1102 1241 1137 1299 et
1155 1257 1180 1300 s.
1198 1235 1289 1300 Hie·

200 1333 352 1415 ronymi
378 1332 575 1396 testimonia.
618 1332 712 1415 „Non
733 1333 777 1398 sit
798 1331 902 1409 nobis,
923 1332 1032 1415 inquit
1052 1331 1148 1414 ille,¹)
1169 1334 1290 1417 religio
1388 1353 1389 1368 l

201 1432 308 1499 oultus
336 1430 503 1496 hominum
531 1437 750 1510 mortuorum,
784 1432 861 1515 quia
890 1431 918 1495 si
945 1431 1000 1513 pie
1028 1430 1187 1509 vixerint,
1222 1454 1291 1497 non

201 1532 247 1598 sio
266 1531 438 1610 habentur,
458 1538 496 1596 ut
511 1530 597 1595 tales
617 1534 777 1614 quaerant
794 1530 943 1608 honores,
962 1528 1020 1594 sed
1037 1529 1133 1594 illum
1153 1553 1174 1594 a
1191 1531 1291 1596 nobis

201 1629 407 1709 colivolunt,
428 1652 491 1713 quo
513 1630 718 1694 illuminante
740 1629 908 1694 laetantur
930 1628 1040 1693 meriti
1061 1630 1112 1693 sui
1133 1651 1194 1694 nos
1217 1652 1291 1696 esse

201 1729 399 1795 consortes.“
456 1728 561 1794 Simili
596 1729 691 1794 modo
729 1729 758 1792 d.
791 1729 1008 1810 Hieronymus
1044 1728 1149 1806 docet,
1163 1730 1191 1810 ²)
1228 1751 1292 1794 neo
1388 1785 1389 1788 ,

202 1834 382 1910 martyrum
414 1826 584 1911 reliquiae,
618 1849 678 1891 nec
706 1828 863 1910 Angelos,
896 1848 956 1892 neo
984 1826 1109 1910 aliquid
1139 1835 1292 1893 creatum

129 1926 131 1931 ’
202 1927 333 1992 adorari
356 1932 389 1991 et
411 1927 475 1991 ooli
495 1948 600 2009 posse.

263 2108 410 2190 Uterque
442 2129 465 2171 s
496 2107 620 2172 Doctor
652 2071 716 2170 non
749 2105 888 2190 denegat
917 2105 1039 2170 sanetis
1070 2105 1135 2170 nisi
1163 2108 1291 2172 cultum

201 2208 419 2273 latreutioum.
463 2207 532 2289 „Ab
561 2206 618 2271 illo
641 2207 748 2284 uultu,
779 2207 835 2290 qui
857 2227 972 2289 graece
995 2208 1131 2284 λατρεία
1154 2206 1287 2286 dicitur,

201 2306 304 2372 latine
320 2328 385 2371 uno
403 2306 505 2394 verbo¹
519 2306 583 2370 diei
600 2327 665 2370 non
682 2311 801 2388 potest,
818 2305 925 2388 inquit
942 2305 971 2369 d.
989 2306 1291 2390 AugustinuS,³)

204 2427 304 2489 quum
337 2406 380 2470 sit
409 2405 568 2488 quaedam
598 2404 772 2468 Divinitati
800 2404 934 2487 propria
962 2405 1111 2483 servitus
1145 2427 1208 2470 neo
1239 2427 1292 2470 oo·

202 2505 299 2570 limus
328 2526 388 2568 neo
417 2504 588 2569 colendum
618 2503 768 2582 dioimus,
799 2503 861 2568 nisi
890 2525 991 2567 unum
1018 2505 1156 2569 Deum.“
1206 2505 1292 2570 Con·

203 2611 298 2671 sonat
329 2627 352 2669 s.
381 2604 644 2686 Hieronymus
674 2603 844 2686 dooens:⁴)
879 2603 978 2686 „Quis
1008 2603 1094 2667 enim
1123 2603 1291 2684 (insanum

203 2704 316 2787 caput)
344 2702 520 2786 aliquando
550 2709 709 2785 martyres
738 2702 901 2781 adoravit,
936 2701 1009 2785 quis
1036 2702 1202 2765 hominem
1231 2724 1291 2785 pu-

204 2803 287 2868 tavit
311 2803 436 2867 Deum?

265 2967 303 3030 ln
330 2971 488 3049 quantum
516 2971 655 3048 augetur
684 2964 858 3048 cujuslibet
879 2985 1037 3047 personae
1066 2963 1226 3046 dignitas,
1257 2966 1292 3030 in

204 3066 334 3131 tantum
363 3071 522 3147 augeatur
550 3070 681 3146 oportet
711 3070 744 3128 et
764 3064 869 3127 honor
897 3084 956 3128 seu
985 3063 1093 3128 cultus
1121 3064 1171 3127 illi
1201 3066 1291 3129 exhi-

203 3162 339 3228 bendus.
384 3163 515 3245 Siergo
538 3163 665 3228 Sanctis
688 3164 795 3227 cultus
826 3162 966 3227 debetur
988 3162 1131 3241 dulious,
1163 3187 1187 3228 s.
1214 3166 1291 3230 Dei-

117 3342 119 3346 ι
204 3284 303 3346 parae
336 3261 474 3326 debetur
495 3262 564 3326 sine
595 3262 694 3326 dubio
724 3262 832 3326 cultus
854 3261 944 3326 dulia
971 3261 1083 3344 major.
1127 3263 1218 3329 Haeo
1241 3271 1291 3330 est

204 3362 395 3442 incorrupta
430 3381 621 3443 semperque
656 3381 850 3442 permanens
888 3382 928 3424 ss.
961 3359 1096 3424 Petrum
1129 3361 1290 3442 doctrina,

204 3462 286 3525 haee
315 3481 394 3525 sana
424 3482 514 3526 mens
543 3461 708 3524 Ecclesiae
742 3459 921 3524 catholicae
950 3481 1009 3542 per
1037 3465 1145 3523 totum
1178 3462 1292 3527 orbem

205 3566 369 3624 terrarum
392 3558 537 3623 diffusae.
582 3559 758 3636 Quaeritur

272 3793 293 3854 ¹)
320 3791 359 3844 De
385 3808 452 3844 vera
482 3793 562 3860 relig.
589 3808 631 3858 ep.
658 3793 699 3844 55.
748 3794 769 3856 2)
796 3792 887 3861 Epist
915 3796 945 3846 13
973 3796 1070 3847 eontra
1096 3790 1291 3860 Vigilantiam.

205 3874 226 3940 Β)
252 3874 354 3927 Contra
377 3873 511 3928 Faustum
535 3873 656 3927 Manieh.
681 3875 728 3928 lib.
752 3875 811 3941 XX,
835 3892 879 3944 op.
899 3879 940 3931 21.
983 3878 1004 3943 ⁴)
1021 3874 1112 3942 Epist.
1137 3877 1167 3927 13
1194 3881 1292 3929 contra

207 3955 404 4022 Vigilantium.
723 3993 726 3998 >
