2730 4564
547 380 604 438 117

56 538 195 603 umtatem
227 538 436 622 operationis.
451 540 475 622 ¹)
525 538 610 603 Hinc
641 538 742 605 etiam
773 559 797 603 s.
827 538 1116 622 lldcphonsns:
1203 581 1206 592 ·

56 637 146 718 „Tota
167 637 319 721 inquit,²)
343 636 552 713 invisibiliter
570 637 714 703 Trinitas
736 638 982 720 conceptionem
1003 659 1117 720 opera·

55 735 127 800 bitur
144 737 177 800 in
198 744 250 815 te,
281 736 350 802 sola
369 735 513 800 Persona
534 736 610 800 Filii
631 737 694 802 Dei
721 737 756 800 in
777 757 913 818 corpore
935 743 992 801 tuo
1013 737 1118 802 nasci·

55 841 113 899 tura
131 857 262 901 carncm
282 841 425 900 assumet
448 834 489 899 dc
510 837 576 899 te.“
618 834 668 899 Ef
672 834 867 900 sicienter
888 855 964 918 ergo
987 834 1118 900 Domini

54 935 138 998 nostri
157 935 329 1018 conceptio
355 955 375 998 a
401 933 509 998 tribus
529 933 680 999 Personis
707 941 843 1018 operata
864 939 924 999 est.
968 934 1116 1016 „Omnes

54 1033 91 1097 uti
117 1034 262 1118 loquitur
293 1032 587 1100 Catachismus
619 1033 825 1098 Romanus
857 1034 877 1097 l.
912 1056 955 1113 c,
989 1034 1116 1098 divinae

53 1131 201 1199 Trinitatis
219 1152 389 1217 personae,
406 1131 513 1209 Pater,
530 1131 633 1198 Filius
656 1139 691 1196 et
708 1131 849 1214 Spiritus
870 1140 1002 1198 sanctus
1020 1133 1118 1216 hujus

53 1233 177 1314 mysterii
198 1232 356 1298 authores
376 1229 541 1294 fuerunt.“

100 1331 321 1413 „Quamquam
341 1352 417 1395 vero
438 1330 519 1395 haec
541 1331 590 1396 ita
611 1352 645 1396 se
666 1331 825 1410 habeant,
853 1332 1036 1416 subjungit,
1067 1353 1117 1420 so·

52 1428 105 1494 lent
129 1437 240 1496 tamen
269 1451 380 1494 sacrae
409 1429 525 1494 literae
557 1450 669 1495 earum
695 1451 822 1509 rerum,
855 1452 939 1514 quae
968 1430 1117 1496 omnibus

51 1526 179 1594 Personis
201 1550 390 1595 communes
412 1535 497 1607 sunt
521 1528 642 1593 aliam
663 1527 761 1594 aliis
782 1529 984 1595 tribuere:
1007 1551 1117 1612 quem·

50 1627 204 1694 admodum
226 1648 387 1693 summam
408 1628 553 1693 omnium
580 1649 690 1692 rerum
710 1633 911 1710 potestatem
931 1629 1037 1706 Patri,
1066 1649 1118 1693 sa·

51 1726 188 1806 pientiam
217 1726 319 1805 Filio,
350 1727 487 1809 Spiritui
515 1732 629 1791 sancto
658 1748 802 1792 amorem
832 1727 1031 1792 adscribunt.
1073 1727 1117 1792 Et

51 1828 184 1907 quoniam
213 1827 344 1891 divinae
366 1826 604 1890 lucamationis
634 1826 823 1909 mysterium
851 1825 1046 1908 singularem
1068 1832 1117 1890 at-

51 1944 99 2006 que
123 1927 316 1992 immensam
337 1925 400 1989 Dei
428 1946 505 2008 arga
532 1946 592 1989 nos
618 1925 856 2007 benignitatem
884 1924 1045 2000 declarat,
1075 1923 1115 1988 ob

50 2043 106 2088 eam
123 2047 191 2090 ram
212 2023 419 2109 peculiari
445 2022 614 2106 quadam
635 2023 799 2088 ratione
819 2024 892 2089 hoc
914 2045 1012 2107 opus
1035 2024 1117 2106 Spi-

49 2121 133 2186 ritui
154 2129 300 2189 sancto
322 2121 555 2187 tribuitur.“
596 2122 779 2204 Scriptores
801 2122 1013 2188 ecclesiastici
1035 2122 1116 2186 alias

50 2221 132 2286 etiam
150 2223 282 2288 addunt
302 2221 463 2286 rationes:

97 2342 122 2384 a.
160 2321 303 2404 Spiritui
341 2327 454 2385 sancto
493 2326 663 2403 tamquam
702 2320 848 2386 omnium
884 2320 1117 2386 beneficiorum

49 2417 117 2484 fonti
140 2421 374 2487 attribuuntur
401 2419 526 2502 gratiae
555 2439 681 2497 omnes,
711 2420 890 2502 gratiarum
912 2420 1013 2498 dona,
1045 2441 1116 2502 gra-

49 2517 149 2583 tiarum
170 2519 305 2599 dirisi03
337 2519 398 2582 hoc
420 2524 531 2583 autem
552 2517 742 2600 mysterium
771 2525 821 2584 est
850 2520 994 2583 omniurn
1015 2519 1116 2602 grati·

48 2637 123 2682 arum
142 2620 177 2684 in
194 2641 258 2684 nos
276 2618 530 2683 redundantium
548 2617 722 2699 scaturigo,
742 2617 783 2682 de
801 2618 894 2700 cujus
911 2617 1116 2702 plenitudine

48 2719 214 2801 accepimns
238 2738 359 2782 omnes.

95 2817 122 2881 b.
156 2818 298 2902 Spiritui
328 2823 440 2882 sancto
470 2839 570 2900 quum
599 2817 641 2882 ad
667 2816 755 2882 intra
785 2817 828 2880 sit
856 2816 977 2881 sterilis
1005 2814 1117 2897 (Pater

49 2915 118 2979 enim
137 2923 276 3001 generat
296 2917 432 2998 Filium3
462 2939 503 2982 ex
523 2916 621 2982 Patro
644 2924 678 2981 et
699 2916 781 2982 Filio
803 2917 953 3000 procedit
974 2914 1116 2999 Spiritus

49 3013 199 3100 Sanctus),
242 3038 308 3082 non
346 3017 509 3082 immerito
547 3016 706 3081 tribuitur
743 3016 785 3082 ad
820 3023 913 3081 extra
944 3014 1115 3098 productio

48 3111 134 3195 illius,
163 3139 230 3200 quo
253 3123 329 3200 post
350 3117 456 3181 Deum
485 3115 567 3179 nihil
589 3114 758 3180 sublimius
780 3114 927 3198 nihilque
948 3119 1117 3198 praestan·

48 3211 100 3277 tius
121 3214 261 3299 cogitari
281 3222 398 3300 potest.
412 3214 437 3297 ³)

50 3364 230 3376 ᾕ-

101 3447 119 3512 ¹)
136 3447 191 3504 cn.
210 3447 363 3515 Theologin
385 3447 543 3516 dogmatica
566 3451 595 3502 at
615 3446 781 3502 scholastica
801 3451 915 3501 auctore
932 3446 1031 3500 Hanno
1048 3450 1116 3500 tom.

48 3523 86 3580 Vl.
115 3530 202 3586 Duaci
227 3533 301 3586 1761.
322 3547 385 3600 pag.
406 3533 463 3585 415,
504 3533 526 3598 ²)
545 3530 606 3584 Lib.
631 3530 666 3584 de
685 3530 815 3599 virginit
832 3529 863 3584 Β.
881 3530 918 3584 Μ.
936 3531 970 3586 V.
1014 3529 1035 3596 8)
1053 3527 1117 3594 „aie

47 3609 145 3677 qtttlidre
162 3611 237 3680 ibet
253 3611 497 3679 brt-Sntcmctiun,
514 3612 613 3667 scribit
630 3612 740 3666 Oswald
758 3613 776 3666 l.
793 3628 817 3667 c.
834 3629 898 3682 pag.
915 3616 959 3676 60,
977 3609 1117 3682 hanolifitt

47 3686 81 3756 ld
97 3693 138 3756 ml
154 3694 202 3750 bru
219 3694 297 3761 altro
314 3693 383 3752 alit!
398 3693 544 3762 tharhoupt
561 3695 603 3751 als
621 3693 675 3751 eine
690 3693 738 3751 mit
755 3695 809 3751 bem
827 3693 942 3766 Srmdge
959 3694 1002 3750 bes
1023 3691 1117 3760 &editt

47 3773 137 3830 uirus
152 3776 306 3846 gepidum.
340 3776 391 3833 &te
407 3776 437 3843 us
453 3776 518 3833 binc
537 3776 824 3846 &obdcnribtptuug
842 3777 917 3844 (brun
933 3777 972 3833 bie
986 3776 1116 3844 &abbana

47 3851 80 3908 bt
94 3857 262 3928 umldtidrm
279 3858 366 3916 licitu
383 3858 480 3926 §britti
501 3867 557 3914 tuor
579 3858 739 3927 babenber,
754 3859 791 3928 ¹iu
808 3859 923 3927 warin),
945 3859 1049 3924 lenton
1065 3873 1117 3915 nar

47 3935 89 3992 siue
111 3939 395 4010 ffutmttbbptung,
424 3941 465 3998 eir
494 3941 612 4006 lrruubdt
636 3942 815 4010 ibbpferitdrer
839 3943 899 4004 atr,
932 3942 984 3997 rtur
1010 3943 1117 3996 creatio

47 4023 160 4079 acarde.
202 4023 267 4080 ilua
292 4024 353 4092 mah
378 4024 437 4079 uber
462 4025 522 4092 norb
548 4024 591 4081 brt
616 4023 818 4092 hrinittttletrte
843 4024 890 4080 tus
915 4023 1116 4090 ttusbilben,
