2728 4560
559 338 619 398 219

57 499 133 582 jugio
156 497 329 563 sanciendo
356 503 494 562 matrem
515 520 580 563 non
601 497 790 580 petendam,
821 497 883 569 sed
898 497 1008 580 potius
1029 498 1128 562 relin-

59 598 210 681 quendam
231 597 418 664 asseruerit.

109 697 285 781 Apostolus
316 717 413 779 porro
448 694 545 760 finem
580 696 720 780 conjugii
755 702 789 761 et
821 696 1053 779 obligationem
1087 718 1127 762 ex

59 796 116 879 ejus
150 801 321 860 contractu
353 801 459 859 ortam
493 795 542 858 ita
572 815 752 877 exponens:
792 795 935 876 ,Uxori
973 797 1032 861 uir
1068 797 1128 861 de·

59 895 172 960 bitum
204 894 364 972 reddat,
403 893 594 958 similiter
625 900 757 958 autem
789 899 828 957 31
859 915 956 958 uxor
987 896 1126 977 viro“¹)

59 996 207 1059 rationem
227 993 375 1076 subjicit:
406 992 571 1080 „Mulier
593 992 654 1056 sui
681 994 862 1074 corporis
883 1000 1127 1077 potestatem

59 1114 121 1158 non
152 1093 286 1170 habet,
321 1091 388 1156 sed
417 1092 490 1169 uir;
523 1092 715 1156 similiter
746 1099 877 1157 autem
910 1099 949 1158 et
976 1094 1036 1157 vir
1066 1094 1127 1158 sui

59 1193 226 1274 corporis
266 1196 511 1274 potestatem
549 1212 624 1255 non
663 1191 800 1270 habet,
846 1191 914 1256 sed
953 1191 1126 1256 mulier.“

58 1289 159 1355 Nonne
180 1290 357 1356 clarissime
378 1289 466 1353 hisce
495 1288 601 1354 verbis
629 1289 790 1367 innuitur,
820 1291 863 1354 ad
884 1291 1128 1356 matrimonium

59 1391 170 1472 requiri
197 1389 431 1466 essentialiter,
461 1394 499 1452 ut
527 1387 570 1452 sit
598 1394 713 1452 mutua
741 1389 801 1452 viri
828 1395 862 1454 31
882 1389 1023 1454 feminae
1053 1411 1128 1454 con·

56 1486 171 1567 junctio
200 1490 234 1553 in
270 1489 383 1553 ordine
412 1487 454 1551 31
487 1487 723 1569 procreandam
757 1487 882 1572 prolem
916 1489 1056 1572 indeque
1085 1489 1128 1554 ad

59 1588 197 1669 copulam
219 1587 404 1652 carnalem?

113 1686 288 1751 Audiamus
309 1685 408 1750 aliam
433 1685 595 1749 rationem
623 1706 642 1748 a
669 1685 843 1749 Martino
871 1686 1025 1768 Peren2)
1054 1707 1130 1768 pro-

59 1783 164 1848 latam:
192 1785 250 1866 ,13
272 1784 487 1860 matrimonio,
511 1784 596 1848 sicut
616 1783 650 1846 in
672 1785 784 1866 quovis
806 1785 870 1849 alio
893 1792 1071 1862 contractu,
1094 1785 1128 1848 in

60 1903 116 1963 quo
135 1905 184 1948 res
207 1884 306 1948 datur
328 1891 362 1948 et
382 1884 550 1966 accipitur,
581 1883 644 1948 duo
667 1890 757 1948 sunt:
788 1884 928 1949 alterum
951 1891 1001 1948 est
1021 1891 1130 1948 trans-

59 1979 130 2046 latio
159 1982 308 2060 dominii,
342 2004 426 2066 quae
458 1989 509 2047 est
539 1989 687 2065 potestas
718 1982 887 2061 radicalis,
923 1989 957 2048 et
988 1982 1128 2047 facultas

59 2081 162 2146 utendi
188 2104 223 2146 re
255 2082 328 2161 illa;
361 2082 502 2146 alterum
530 2087 580 2146 est
608 2104 686 2146 usus
718 2082 819 2164 ipsius
848 2082 906 2145 rei.
955 2081 1049 2145 Prius
1078 2089 1129 2147 331

60 2180 144 2244 radix
162 2181 351 2264 posterioris
383 2188 416 2247 et
436 2181 484 2246 ita
512 2181 555 2246 ad
576 2181 658 2245 illud
685 2189 801 2264 suapte
829 2187 948 2246 natura
976 2181 1127 2246 refertur.

60 2279 152 2361 Igitur
178 2282 211 2345 in
240 2281 460 2360 matrimonio,
490 2281 524 2344 in
554 2302 617 2364 quo
646 2281 773 2346 ratione
802 2286 988 2345 contractus
1016 2281 1130 2344 matri-

61 2381 196 2446 monialis
218 2382 315 2446 datur
337 2388 372 2445 et
392 2381 552 2464 accipitur
574 2402 699 2463 corpus,
723 2381 786 2444 duo
808 2379 888 2444 haec
910 2379 1128 2458 inueniuntur,

61 2498 163 2564 nempe
194 2479 366 2545 translatio
404 2478 538 2544 dominii
573 2501 745 2561 corporum
776 2479 873 2543 unius
908 2479 943 2542 in
978 2464 1152 2558 alterum,¹

62 2597 133 2657 quae
160 2585 274 2661 suapte
303 2583 422 2642 natura
450 2577 592 2642 refertur
620 2577 662 2644 ad
683 2599 778 2646 usum
807 2585 841 2642 et
862 2579 1130 2644 consuetudinem

62 2677 247 2764 conjugalem
269 2676 446 2742 secundum
471 2697 609 2754 carnem,
634 2682 667 2741 et
688 2683 739 2740 est
760 2698 838 2740 usus
859 2677 928 2760 ipse
950 2678 1129 2760 conjugalis

62 2773 118 2838 siue
143 2776 266 2859 copula.
314 2776 376 2839 1113
404 2796 480 2857 ergo
509 2774 662 2839 radicalis
690 2774 831 2840 facultas
858 2776 893 2840 13
922 2777 1129 2841 matrimonio

63 2872 99 2935 31
123 2875 290 2952 utendum,
320 2875 368 2938 ita
396 2881 434 2938 31
463 2874 490 2940 31
518 2880 632 2939 utatur
660 2896 725 2939 non
753 2875 889 2939 3333131
917 2874 959 2939 31
987 2875 1129 2940 alienum

64 2991 164 3054 corpus
185 2995 244 3039 nec
266 2972 438 3038 fornicatio
468 2973 510 3038 sit
531 2995 590 3037 nec
611 2972 789 3056 injustitia,
820 2978 883 3051 est,
913 2973 947 3037 in
969 2993 1032 3056 333
1055 2995 1130 3040 con·

64 3069 137 3136 sistit
156 3073 355 3138 matrimonii
375 3079 495 3136 natura
517 3077 549 3136 31
572 3072 742 3136 33333113.α

114 3170 202 3236 Licet
232 3192 308 3235 vero
343 3170 544 3234 matrimonii
579 3170 743 3234 uinculum
778 3169 902 3253 absque
939 3170 1052 3236 ordine
1087 3171 1130 3236 ad

66 3270 197 3350 copulam
227 3277 371 3354 nequeat
391 3269 556 3353 intelligi,
590 3269 773 3352 intelligere
806 3275 917 3334 tamen
948 3291 1128 3352 possumus,

66 3384 124 3430 ean
144 3375 318 3434 connotare
339 3375 499 3452 perpetuo
529 3369 734 3451 impeditam,
763 3355 829 3432 non
850 3390 909 3451 per
930 3390 980 3446 se,
1010 3369 1068 3433 sed
1090 3390 1129 3434 ex

66 3463 159 3549 aliquo
193 3468 371 3534 accidente.
426 3468 540 3550 ,Quod
571 3475 609 3532 ut
641 3474 729 3532 recte
765 3467 984 3550 intelligatur,
1023 3469 1130 3551 inquit

66 3559 147 3630 Perez
167 3568 188 3631 l.
210 3591 247 3646 3.,
277 3567 458 3632 notandum
487 3573 552 3646 est,
583 3567 709 3632 duobus
737 3567 842 3632 modis
863 3588 957 3650 posse
980 3566 1130 3649 impediri

66 3673 206 3746 perpetuo
228 3689 323 3732 usum
345 3665 482 3748 alicujus
511 3665 573 3730 rei:
603 3667 715 3730 velex
743 3667 889 3749 rigorose
906 3665 1052 3750 justitia,
1082 3666 1129 3750 ita

68 3812 244 3828 και-

121 3900 138 3962 ¹)
153 3901 166 3950 l
184 3900 243 3953 Cor.
261 3898 324 3964 Vll,
348 3901 371 3952 3.
414 3898 435 3964 ²)
460 3899 500 3951 De
522 3902 618 3951 sancto
641 3897 813 3952 matrimonii
837 3901 1019 3952 sacramento.
1053 3897 1131 3967 Disp.

67 3971 129 4043 llll,
144 3986 207 4034 sect.
225 3980 272 4048 lV,
290 3998 316 4048 p.
335 3982 381 4033 117
399 3998 439 4048 sq.
773 4059 787 4092 ⁸
