2772 4550
561 359 621 418 559

37 516 90 591 (in
116 538 182 599 quo
202 515 395 597 adnotatur,
426 538 510 602 quae
531 537 608 601 pars
638 517 798 601 evangelii
825 539 1023 604 unoquoque
1044 521 1131 588 festo

36 614 186 699 legenda
214 615 281 699 sit),
311 622 346 682 et
374 623 510 683 notatur
534 615 632 700 hujus
659 615 737 682 festi
766 616 967 700 evangelium
995 616 1029 682 iu
1055 641 1133 702 pro·

37 713 192 780 sectione
224 715 348 780 Mariae
385 715 429 781 ad
460 714 639 780 Elisabeth.
692 714 753 779 Est
788 715 922 798 insuper
951 717 1131 800 probabile,
1170 771 1173 778 .

38 814 130 879 alias
153 814 306 879 ecclesias
327 814 447 880 latinas
467 813 714 896 particulariter
738 820 816 879 ante
837 812 963 878 Urbani
982 803 1134 900 tempora

35 914 133 978 idem
164 912 287 979 festum
320 913 516 991 celebrasse,
548 918 587 977 ut
617 911 833 977 Parisiensem
865 916 915 976 27.
949 912 1002 977 die
1029 913 1132 993 Junii,
1245 985 1247 990 ,

37 1013 241 1076 Remensem
269 1011 322 1076 die
351 1017 380 1074 8.
408 1011 497 1076 Jnlii.
548 1011 586 1074 In
615 1010 734 1093 quibus
761 1008 922 1089 ecclesiis,
952 1011 1030 1095 quia
1057 1013 1133 1079 aliis

40 1108 167 1176 diebus
196 1109 382 1192 assignatur
409 1108 490 1173 haec
519 1108 724 1187 solemnitas,
757 1109 887 1174 videtur
917 1112 1134 1192 praecessisse

37 1208 290 1274 institutionem
311 1207 477 1272 Romanae
499 1206 670 1286 ecclcsiae,
699 1228 798 1290 quam
818 1207 965 1290 alioquin
985 1209 1058 1292 ipsa
1078 1210 1132 1276 die

39 1312 209 1390 sequutae
231 1305 401 1372 fuissent.“
413 1306 436 1386 1)
632 1301 636 1310 “

111 1404 175 1470 Ριο
193 1404 310 1487 majori
326 1403 424 1487 hujus
441 1402 520 1468 iesti
536 1403 755 1468 institutionis
772 1403 893 1469 notitia
910 1404 1135 1489 subjungimus

36 1504 118 1582 illa,
149 1524 234 1586 quae
260 1503 434 1568 Joannes
461 1500 612 1580 Plutus,
645 1501 798 1567 Bollandi
825 1503 1048 1582 continuator,
1081 1525 1134 1569 re-

38 1609 167 1670 censet.
196 1602 263 1684 ,Ut
279 1601 487 1685 primaevam,
507 1601 653 1685 inquitl)
674 1599 753 1666 festi
773 1600 870 1684 hujus
890 1601 1133 1669 iustitutionem

38 1724 60 1767 a
84 1701 203 1784 primis
232 1700 303 1783 ejus
332 1699 490 1777 exordiis,
520 1719 619 1782 quam
639 1719 825 1782 possumus,
855 1699 1012 1765 altissimo
1039 1722 1134 1784 repe·

37 1809 170 1877 tamus,
200 1798 417 1864 revocandum
445 1798 551 1864 estin
579 1798 768 1862 memoriam
794 1798 939 1880 spatium
958 1801 1133 1882 praeteriti

40 1897 220 1982 temporis,
251 1918 315 1981 quo
337 1897 502 1963 Ecclesiae
531 1895 712 1961 catholicae
739 1896 913 1962 concordia
940 1904 1040 1981 atque
1061 1899 1134 1963 uni·

40 2006 116 2066 tate
138 1995 236 2062 foede
263 2003 297 2061 et
317 1996 438 2061 misero·
461 1994 621 2061 distracta
641 1995 754 2060 tunica
775 1994 899 2060 Christi
926 1994 1134 2062 inconsutilis

39 2095 229 2181 pernicioso
246 2093 371 2176 pariter
392 2114 431 2158 ac
452 2092 607 2158 diuturno
630 2093 804 2158 schismate
829 2093 863 2158 in
879 2101 991 2177 partes
1009 2096 1131 2176 avulsa,

42 2196 191 2260 dissecta
212 2199 246 2258 et
267 2192 447 2256 dilacerata
474 2190 539 2256 fuit
559 2212 671 2256 versus
692 2191 791 2256 finem
821 2193 943 2259 saeculi
964 2195 1049 2260 XIV.
1082 2217 1133 2261 sc·

43 2295 148 2360 dente
177 2292 347 2358 Clemente
375 2289 445 2356 VII.
476 2289 661 2355 Gabononsi
688 2289 854 2356 Avenione
886 2299 1001 2358 contra
1028 2293 1134 2359 Urba

42 2415 126 2458 num
159 2390 213 2457 VI.
245 2389 412 2456 Ecclesiae
446 2389 667 2472 gubernacula
702 2389 825 2455 Romae
860 2390 1093 2457 moderantem.
1106 2393 1132 2475 3)

43 2493 98 2558 Ad
128 2489 370 2574 componendas
398 2487 566 2556 Ecclesiae
598 2488 712 2554 turbas
744 2495 777 2553 et
804 2487 966 2554 famosum
993 2490 1134 2556 schisma

44 2588 298 2673 exstirpandum
336 2587 578 2653 solemnitatem
613 2587 697 2652 banc
731 2588 855 2670 primus
891 2588 1038 2654 instituit
1071 2590 1134 2655 Ur-

42 2691 154 2758 banus
174 2689 229 2754 Vl.
256 2687 444 2771 praedictus
465 2686 520 2751 VI.
542 2685 621 2750 Idus
647 2686 770 2769 Aprilis
798 2707 882 2751 anno
906 2692 995 2768 1389,
1022 2687 1135 2754 Ponti·

44 2789 165 2856 ficatus
185 2787 240 2852 sui
259 2785 446 2863 undecimo,
476 2792 515 2850 ut
535 2784 676 2850 amicum
700 2785 735 2849 in
761 2783 878 2852 foedus
906 2794 1072 2853 annuente
1099 2794 1135 2854 et

43 2887 277 2972 patrocinante
314 2905 392 2951 arca
430 2883 588 2963 foederis,
628 2885 833 2950 sanctissima
864 2885 926 2950 Dei
956 2884 1133 2966 Genitrice,

46 2987 153 3054 divisa
173 2986 300 3052 coirent
320 2982 486 3049 Ecclesiae
516 2982 662 3047 membra
689 2988 724 3048 et
744 3005 808 3066 pax
834 2981 930 3048 unice
950 2985 1136 3050 necessarie

46 3108 67 3154 a
97 3084 264 3152 coelorum
285 3083 411 3166 Regina
439 3089 474 3147 et
495 3081 627 3146 donnrm
654 3089 840 3164 peteretur,
870 3103 969 3165 qnam
995 3082 1138 3150 mundus

46 3184 127 3250 dare
148 3203 215 3248 non
236 3188 377 3264 poterat
420 3180 556 3246 Sublato
579 3199 597 3244 e
617 3179 698 3246 vivis
719 3179 936 3260 Urbanon,
958 3187 1137 3264 antequam

113 3417 135 3484 ¹)
152 3415 257 3469 Exstat
273 3411 386 3482 quidem
411 3410 486 3464 inter
507 3425 650 3464 sermones
672 3410 818 3464 aestivales
834 3427 896 3466 ven.
906 3409 1006 3465 'Bedae
1022 3409 1139 3466 homilia

45 3500 98 3554 sub
115 3498 214 3554 titulo:
239 3496 291 3564 „ln
308 3493 486 3549 solemnitate
502 3492 640 3561 Daiparae
655 3492 781 3560 Virginis
798 3491 918 3558 Mariae,
936 3493 1047 3561 quaudo
1064 3494 1137 3548 salu-

43 3583 116 3640 tavit
128 3578 304 3636 Elisabeth.“
334 3578 373 3632 At
384 3576 459 3630 hunc
475 3575 589 3632 titulum
603 3573 650 3630 isti
668 3573 800 3632 homiliae
817 3574 943 3631 additum
960 3591 1029 3641 esse,
1040 3581 1140 3632 monet

43 3663 326 3728 Cenomanis,
350 3659 415 3728 quia
438 3658 561 3728 explicat
578 3657 765 3725 evangelium,
791 3656 866 3726 quod
889 3656 943 3712 hoo
968 3659 1015 3714 die
1032 3659 1138 3728 legitur

45 3754 75 3804 st
98 3747 150 3804 lar.
173 3749 191 3804 6
214 3749 334 3816 quatuor
358 3747 517 3812 temporum
540 3739 684 3796 adventus.
716 3739 798 3796 Unde
820 3756 874 3805 nec
897 3742 928 3794 in
951 3741 1002 3796 illa
1023 3741 1140 3797 homilia

45 3832 104 3886 ulla
127 3830 236 3886 mentio
259 3827 293 3884 fit
316 3823 500 3891 solemnitatis
522 3822 691 3878 visitationis
707 3823 738 3878 B.
755 3822 794 3879 Μ.
811 3822 845 3880 V.
886 3823 1004 3891 1’)Τοιιι.
1021 3823 1045 3890 1,
1061 3824 1079 3878 J
1081 3823 1140 3879 ulii.

44 3915 67 3980 3)
92 3913 220 3970 Schisma
243 3910 298 3965 hoc
329 3908 452 3963 omnium
477 3906 658 3961 schismatum
682 3906 860 3962 teterrimum
885 3923 919 3962 ac
944 3906 1139 3978 longissimum

45 4015 131 4054 anuos
148 3995 271 4068 amplius
288 3992 493 4063 qninquaginta
510 3989 630 4047 duravit.
