2782 4554
769 369 826 430 572

253 530 368 614 populi
402 525 640 613 supplicatione
677 529 720 594 ad
755 529 875 594 collum
909 530 1000 596 venit
1033 531 1106 595 nive
1139 537 1332 614 coopertum,

255 638 289 695 et
320 631 355 693 in
386 650 424 694 eo
456 629 565 694 locum
592 626 759 693 Ecclesiae
792 628 988 712 designavit,
1022 649 1106 713 quae
1138 628 1277 694 Joannis
1305 636 1334 694 et

254 730 364 793 uxoris
392 727 532 811 pecunia
561 733 729 792 exstructa
756 733 823 805 est,
852 733 970 809 postea
997 728 1141 812 aXysto
1168 729 1272 794 tertio
1291 749 1334 792 re-

254 828 381 892 stitnta.

316 926 444 1009 ,Variis
482 925 667 991 nominibus
706 915 849 1007 primum
888 932 938 991 est
975 926 1159 1010 appellata,
1200 927 1335 992 Basilica

254 1014 386 1104 hiberii,
405 1025 525 1090 Sancta
543 1025 648 1089 Maria
669 1023 713 1089 ad
731 1023 930 1108 Praesepe.¹)
974 1024 1038 1090 Sed
1061 1047 1162 1109 quum
1184 1027 1334 1108 multaab

252 1126 320 1208 jam
342 1131 451 1190 essent
471 1125 506 1188 in
524 1124 614 1190 Urbe
635 1123 803 1189 Ecclesiae
825 1124 885 1189 sub
908 1125 1039 1189 nomine
1061 1132 1195 1190 sanctae
1218 1125 1335 1191 Mariae

254 1224 402 1307 virginis:
435 1230 473 1289 ut
501 1245 586 1308 quae
613 1222 756 1288 Basilica
788 1231 822 1288 et
849 1224 995 1288 novitate
1024 1223 1174 1289 miraculi
1205 1247 1245 1291 ac
1278 1226 1336 1307 dig·

254 1324 360 1388 nitate
390 1323 506 1388 ceteris
537 1322 683 1406 ejusdem
713 1322 852 1387 nominis
880 1322 1029 1387 Basiliois
1056 1330 1262 1406 praestaret,
1290 1346 1336 1388 vo-

256 1422 365 1487 cabuli
393 1423 493 1487 etiam
522 1421 716 1487 excellentia
744 1420 998 1506 significaretur,
1031 1422 1181 1486 Ecclesia
1209 1430 1336 1488 sanctae

255 1522 379 1588 Mariae
408 1522 541 1605 Majoris
574 1521 664 1586 dicta
696 1527 754 1585 est.
806 1519 906 1604 Oujus
938 1520 1155 1589 dedicationis
1185 1522 1338 1587 memoria

255 1642 295 1685 ex
322 1621 412 1699 nive,
443 1642 527 1703 quae
554 1620 617 1684 hac
646 1619 699 1683 die
727 1619 924 1684 mirabiliter
952 1620 1086 1698 cecidit,
1117 1621 1339 1686 anniversaria

254 1719 446 1785 celebritate
468 1718 617 1785 colitur.“
660 1719 712 1783 Ita
734 1717 930 1782 breviarium
952 1719 1143 1784 Romanum.

317 1819 534 1902 Gregorius
566 1818 644 1896 XL,
678 1839 762 1883 anno
798 1823 874 1902 1371
907 1819 1004 1901 hujus
1036 1819 1159 1884 nivium
1192 1820 1338 1886 miraculi

256 1919 455 1984 mentionem
487 1917 576 1985 facit.
629 1918 740 1999 „Intra
771 1925 904 1982 nostrae
936 1919 1056 1983 mentis
1088 1940 1212 1984 arcana
1240 1919 1340 1984 reuol-

253 2024 376 2097 ventes,
405 2019 528 2102 iuquit,
560 2017 703 2100 qualiter
723 2017 883 2100 gloriosus
906 2019 994 2082 Deus
1014 2018 1048 2081 in
1071 2019 1195 2083 sanctis
1217 2020 1286 2084 suis
1308 2019 1339 2082 in

159 2196 162 2203 Ι
255 2118 428 2202 majestate
446 2111 591 2181 mirabili
612 2138 712 2200 opera
730 2137 885 2180 manuum
903 2138 1035 2181 suarum
1053 2117 1245 2183 verificante
1268 2119 1340 2184 olim

255 2217 338 2282 miro
367 2216 530 2299 disposuit
558 2215 685 2294 ordine,
717 2215 886 2280 ecclesiam
915 2216 1032 2282 beatae
1059 2217 1185 2282 Mariae
1208 2217 1340 2301 Majoris

256 2318 296 2382 de
318 2316 407 2382 Urbe
429 2315 561 2381 fundari
589 2337 628 2381 ac
650 2316 812 2395 construi,
843 2338 881 2381 ac
903 2316 1142 2400 subsequenter
1164 2317 1268 2381 etiam
1290 2316 1341 2380 de·

256 2417 388 2482 dicari.“
431 2417 540 2481 Etiam
562 2415 654 2480 Pius
683 2415 730 2487 II,
760 2415 846 2480 idem
867 2414 989 2481 diserte
1010 2414 1115 2480 tradit
1136 2415 1339 2483 miraculum.

255 2519 314 2600 ,In
334 2517 370 2581 B.
393 2516 518 2581 Mariae
545 2515 680 2598 Majoris
708 2515 800 2579 urbis
827 2514 949 2579 Romae
977 2514 1129 2594 basilica,
1163 2515 1222 2594 ait,
1235 2517 1263 2597 ³)
1297 2513 1340 2578 di·

253 2617 328 2681 vino
349 2616 492 2681 aestivae
515 2615 598 2678 nivis
618 2614 774 2679 miraculo
796 2613 1000 2679 aedificata.“

322 2784 341 2850 ¹)
366 2783 448 2838 Circa
472 2779 620 2834 dimidium
645 2780 748 2834 saeculi
772 2779 898 2848 septimi,
924 2797 1007 2848 quum
1033 2778 1177 2847 praeclara
1203 2781 1341 2849 praesepis

254 2867 322 2920 Jesu
352 2863 454 2920 Christi
481 2862 601 2931 lipsana
626 2862 742 2916 Romam
774 2866 916 2931 asportata
945 2866 1051 2925 essent,
1082 2878 1153 2930 quae
1179 2860 1340 2917 Theodorus

255 2947 331 3017 Papa
356 2947 386 3001 in
410 2945 463 2999 hac
488 2944 610 2998 Basilica
635 2944 793 2998 collocavit.
834 2943 865 2997 ln
891 2943 1060 2998 Kalendario
1086 2945 1211 2998 Romano
1237 2943 1337 2999 amenti

254 3029 333 3096 Vlll,
350 3028 430 3097 hujus
444 3027 589 3082 Ecclesiae
605 3027 710 3080 ment-io
728 3025 761 3080 fit
777 3026 806 3079 in
824 3025 964 3080 dominica
981 3025 1122 3080 Paschalis
1140 3025 1216 3081 hisce
1234 3027 1339 3081 verbis:

255 3113 306 3180 „ln
325 3111 429 3166 Pascha
446 3109 593 3164 Dominica
609 3113 706 3164 sancta
727 3108 763 3162 ad
781 3113 905 3163 sanctem
925 3109 1042 3163 Mariam
1060 3109 1195 3179 Major-em
1214 3109 1244 3163 in
1262 3109 1339 3163 Prae·

254 3195 346 3265 sepe.“
381 3195 435 3251 Cir.
452 3193 621 3248 Benedictus
639 3191 711 3248 xlv,
734 3192 763 3245 in
782 3209 808 3261 p.
831 3207 856 3248 e.
878 3208 922 3261 cp.
943 3192 1004 3256 vll,
1026 3210 1052 3247 n.
1070 3195 1094 3247 8.
1135 3195 1157 3255 ²}
1175 3193 1254 3248 luter
1274 3193 1341 3246 alios

253 3296 299 3348 ug.
316 3278 451 3334 ecclesiae
468 3294 489 3331 a.
504 3275 609 3330 Mariae
625 3278 704 3328 trena
721 3274 853 3329 Tiberim
889 3275 936 3330 Uti
953 3275 1029 3330 enim
1046 3276 1075 3329 in
1091 3276 1165 3330 libro
1184 3274 1337 3332 Pontificali

255 3361 290 3416 de
316 3377 337 3415 a.
354 3360 473 3416 Callisto
492 3357 512 3423 l,
536 3358 652 3428 legitur,
676 3356 722 3411 hic
747 3357 834 3424 „fecit
851 3358 1008 3412 Ecclesiam
1033 3377 1054 3414 a.
1072 3359 1177 3413 Mariae
1202 3365 1276 3415 trans
1294 3358 1336 3412 Ti·

253 3441 371 3496 berim.“
404 3441 482 3508 Ergo
500 3439 590 3494 Maria
607 3439 697 3508 Major
721 3457 776 3493 non
801 3440 921 3509 pumum
946 3445 1007 3495 erut
1024 3442 1160 3508 templum
1184 3441 1211 3496 b.
1230 3441 1337 3511 Virgini

254 3524 359 3578 Romae
383 3521 551 3578 dedicatum.
585 3522 676 3592 Quare
700 3526 780 3576 notat
798 3521 920 3591 Guyetus
945 3522 994 3590 (de
1018 3522 1096 3578 festia
1119 3525 1240 3594 propriis
1261 3539 1337 3578 sauc-

253 3611 346 3661 torum
367 3606 416 3660 lib.
436 3609 448 3659 l
467 3621 510 3673 cp.
528 3607 544 3658 6
562 3621 587 3672 q.
607 3607 637 3662 13
655 3605 728 3673 apud
748 3605 932 3659 Benedictum
951 3606 1026 3662 niv.
1044 3623 1071 3661 o.
1088 3623 1111 3661 e.
1133 3625 1160 3662 n.
1182 3609 1230 3672 ra.)
1261 3607 1338 3674 „Quo

253 3687 284 3742 in
308 3703 425 3753 genere,
450 3686 552 3755 iuquit,
578 3688 724 3755 praecellit
747 3687 809 3742 aliia
830 3688 959 3742 omnibus
982 3689 1042 3757 ipsa
1066 3706 1087 3744 s.
1105 3689 1210 3744 Mariae
1227 3688 1336 3757 Majcrir

253 3768 378 3834 basilica,
392 3785 446 3821 una
463 3766 498 3821 ex
512 3769 653 3837 primariis
670 3777 699 3823 et
711 3770 943 3839 patriarchalibus
956 3769 1047 3836 Urbis,
1062 3772 1139 3840 cujus
1154 3769 1335 3826 exstruendae

254 3850 429 3904 occasionem
455 3849 534 3903 dedit
558 3850 666 3920 insigne
698 3853 804 3907 nivium
830 3853 1010 3921 miraculum,
1041 3871 1057 3907 a
1083 3871 1138 3924 quc
1168 3862 1198 3909 et
1222 3855 1334 3908 Sauone

253 3931 361 3985 Mariae
377 3930 412 3984 ad
429 3931 513 3986 Nives
531 3933 589 3986 dici
606 3934 690 3988 etiam
707 3936 878 3991 consuevit.“
913 3937 934 4004 ³)
953 3937 985 3990 ln
1002 3936 1083 3990 Bulla
1100 3938 1166 3991 anui
1184 3939 1245 3991 uua
1260 3933 1333 4004 apud

255 4012 486 4068 Bened.X1V.l.
504 4030 528 4070 c.
545 4033 573 4070 n.
591 4017 629 4069 15.
1288 4027 1292 4038 '
