2730 4564
543 351 600 410 173

45 513 150 577 habere
187 509 296 596 potuit
333 509 521 575 absolutum
557 508 760 593 propositum
798 532 964 594 nunquam
1001 512 1106 577 virum

45 610 273 694 cognoscendi.“

96 709 190 774 Nulla
217 729 292 792 ergo
321 707 415 773 adest
436 706 537 786 ratio,
569 726 671 790 quare
702 728 774 771 cum
800 707 963 774 nonnullis
989 731 1107 793 suppo·

44 831 145 874 namus
165 807 338 890 theologis,
367 806 588 871 beatissimam
608 806 776 889 Virginem
801 827 866 872 non
887 807 951 872 nisi
979 809 1108 873 condi·

45 908 186 973 tionate
204 907 266 972 sibi
279 905 494 989 proposuisse,
510 905 731 988 virginitatem
745 926 872 970 servare
889 910 922 970 et
941 907 1109 989 speciali

45 1006 181 1072 demum
209 1003 457 1069 revelatione
487 1003 650 1081 edoctam,
680 1003 749 1068 Deo
773 1004 876 1086 magis
896 1004 1041 1086 placere,
1071 1013 1109 1070 ut

44 1111 222 1188 perpetuam
260 1103 480 1186 virginitatem
518 1108 677 1180 servaret,
719 1101 947 1168 absolutum
987 1105 1108 1187 cepisse

43 1203 241 1286 propositum.

95 1302 254 1367 Putarunt
284 1299 415 1383 patroni
445 1299 541 1383 hujus
576 1298 751 1382 opinionis,
789 1319 861 1364 eam
894 1299 994 1364 etiam
1026 1321 1046 1366 a
1078 1301 1107 1366 d.

43 1399 214 1482 Augustino
243 1405 277 1464 et
303 1420 324 1464 a
351 1420 375 1464 s.
402 1398 525 1464 Thoma
552 1397 652 1464 fuisse
683 1404 935 1481 propugnatum,
964 1398 1022 1463 sed
1050 1399 1109 1463 im-

43 1499 157 1564 merito.
202 1499 359 1580 ,Sanctos
385 1497 566 1562 necessario
595 1498 646 1564 uti
673 1518 735 1562 usu
762 1496 965 1579 nuptiarum,
995 1497 1110 1565 scribit

42 1596 103 1661 ille
133 1597 168 1661 in
198 1597 282 1661 libro
314 1602 429 1662 contra
457 1594 627 1675 Faustum,
640 1597 663 1679 ¹)
696 1603 832 1678 propter
859 1595 922 1660 Dei
952 1595 1111 1678 populum
1174 1588 1177 1593 ¹

42 1696 285 1779 propagandum,
303 1716 362 1778 per
379 1715 475 1778 quem
494 1700 528 1759 et
544 1695 694 1760 Salvator
709 1694 929 1758 nasceretur.“
962 1693 1112 1759 Doctor

42 1793 247 1876 Argolicus
274 1793 375 1858 habet
402 1793 627 1876 sequentia:²)
660 1791 910 1875 ,Videbatun
941 1813 1010 1858 esse
1039 1793 1110 1876 lege

43 1893 248 1973 prohibitum,
281 1914 347 1957 non
378 1892 456 1956 dare
488 1913 620 1974 operam
651 1891 694 1956 ad
720 1890 970 1974 relinquendum
1002 1912 1111 1957 semen

41 2012 129 2074 super
150 1991 303 2057 terram.“
346 1992 376 2056 S.
398 1991 545 2056 Antiates
565 1991 712 2074 loquitur
739 1990 779 2055 de
801 1990 913 2073 primis
935 1991 1056 2056 sanctis
1077 1991 1111 2056 in

41 2090 151 2172 populo
173 2089 251 2168 Dei,
281 2089 339 2155 ubi
358 2089 470 2156 fideles
491 2112 557 2169 non
577 2097 672 2155 erant
694 2090 919 2173 multiplicati,
948 2112 1014 2156 non
1034 2112 1110 2156 vero

41 2188 75 2253 de
95 2195 200 2268 statu,
229 2189 263 2252 in
285 2211 363 2273 quo,
393 2190 443 2255 uti
468 2189 676 2268 beatissimae
696 2189 839 2272 Virginis
866 2195 1029 2272 tempore,
1058 2190 1111 2254 lex

41 2295 124 2353 retus
141 2289 211 2372 jam
232 2295 393 2354 senuerat.
436 2287 489 2354 Ita
510 2289 610 2352 etiam
627 2287 744 2370 Angeli
764 2287 894 2353 scholae
914 2288 1014 2353 verba
1035 2295 1112 2354 sunt

40 2385 245 2470 intelligenda
273 2387 442 2470 deprimo
471 2385 584 2470 populi
614 2385 720 2478 fidelis
752 2392 842 2451 statu
869 2386 1038 2470 relataque
1068 2387 1112 2452 ad

41 2505 159 2564 omnes,
187 2507 252 2550 non
279 2485 382 2550 relate
408 2485 451 2550 ad
481 2484 633 2568 singulos.
644 2485 669 2568 3)
714 2485 935 2568 Specialem
962 2486 1111 2551 revela·

40 2584 181 2650 tionem
209 2585 238 2649 si
265 2585 440 2650 admittere
468 2585 618 2663 velimus,
649 2583 728 2667 quid
758 2583 910 2666 impedit,
940 2583 1112 2667 quominus

40 2681 194 2762 dicamus,
230 2683 452 2749 beatissimam
481 2683 648 2766 Virginem
679 2705 700 2747 a
731 2683 835 2766 primo
867 2682 1003 2747 rationis
1033 2703 1112 2748 usus

39 2781 194 2865 principio
224 2781 337 2846 eadem
366 2782 531 2865 dignatam
557 2782 696 2866 ideoque
725 2782 794 2863 ejus
815 2780 1018 2864 propositum
1046 2801 1112 2846 ser·

39 2880 129 2944 randi
146 2880 368 2964 virginitatem
380 2881 449 2964 jam
466 2881 506 2946 ab
526 2881 587 2946 hoo
606 2885 769 2945 momento
787 2878 888 2944 fuisse
906 2878 1112 2944 absolutum?

37 2976 147 3044 Nonne
165 2979 371 3063 virginitatis,
392 3000 490 3063 quam
506 2979 541 3044 in
560 3001 583 3044 s.
603 2979 747 3063 Deipara
764 2978 961 3043 admiremur
980 2999 1112 3044 necesse

39 3083 92 3155 est,
114 3076 273 3160 perfectio
293 3079 355 3143 hoc
378 3078 497 3162 exigit?
523 3077 637 3143 Nonne
659 3100 682 3143 s.
706 3077 848 3161 Deipara
869 3098 1004 3161 semper,
1028 3098 1111 3162 quae

39 3173 165 3240 Domini
192 3176 330 3256 fuerint,
360 3177 536 3261 cogitavit?
572 3175 658 3242 Num
684 3177 742 3242 illa
771 3198 906 3260 corpore
933 3183 967 3242 et
994 3177 1111 3261 spiritu

39 3272 102 3340 Deo
125 3275 235 3342 dicata
257 3297 314 3341 cor
329 3276 446 3342 habuit
464 3276 621 3342 divisum?
643 3277 798 3356 Quisnam
816 3277 959 3361 cogitare
977 3277 1112 3344 audebit

37 3373 136 3440 talia?
166 3375 282 3460 Neque
303 3376 367 3442 alio
388 3376 493 3460 vergit
512 3375 594 3440 illud
622 3399 646 3442 s.
674 3376 842 3442 Thomae
871 3397 964 3459 ,eam
984 3398 1112 3459 semper

37 3470 185 3540 habuisse
216 3474 438 3558 virginitatem
469 3475 504 3539 in
540 3473 731 3540 desiderio.“
785 3474 908 3540 Doctor
939 3474 1112 3558 Angelious

39 3571 74 3636 de
96 3573 288 3656 imperfecto
318 3573 477 3639 desiderio
506 3596 563 3639 seu
593 3574 632 3639 de
653 3573 818 3638 veNeitate
846 3573 1026 3638 certissime
1047 3595 1113 3639 non

39 3672 209 3754 cogitabat,
232 3672 292 3738 sed
311 3675 421 3757 potius
443 3674 483 3739 de
505 3675 671 3740 voluntate
692 3672 786 3737 firma
807 3678 841 3737 et
863 3672 1052 3738 deliberata.

41 3821 234 3834 ——n

76 3902 122 4039 3¹)
139 3902 199 4040 [pb.
214 3903 283 3961 xlv.
315 3905 336 3972 ²)
355 3904 406 3972 111,
422 3922 449 3975 p.
464 3921 490 3975 q.
504 3907 538 3960 28
554 3907 598 3959 al
615 3905 651 3959 ad
666 3908 689 3959 1.
723 3904 744 3972 8)
762 3903 810 3972 lV,
827 3903 902 3960 Sent.
920 3904 983 3959 dist.
997 3901 1112 3969 xxxin,

37 4001 61 4052 q.
111 4001 136 4040 a
169 4027 177 4042 .
