2814 4548
594 349 651 408 581

77 506 271 590 Martyris
303 508 353 572 ita
383 507 623 591 disserentis21)
661 507 755 590 ,Jam
783 527 859 572 voro
892 506 1164 591 quemadmodum

78 627 122 670 ex
151 606 284 689 Virgine
315 607 481 690 conceptis
509 601 617 672 verbis
645 607 747 672 Isaias
773 605 975 689 praedixerit
1003 604 1165 671 oriturum

76 703 242 783 Messiam,
266 705 387 771 audite.
432 705 484 781 Sic
506 711 616 770 autem
636 705 767 771 loeutus
789 711 854 770 est:
884 706 988 788 ,Ecce
1009 705 1108 788 Virgo
1126 706 1164 768 'in

77 810 176 869 utero
198 802 349 883 habebit,
380 811 414 869 et
434 805 543 887 pariet
564 804 698 883 Filium,
729 811 763 870 et
784 805 894 870 dicent
915 825 1013 888 super
1032 805 1164 870 nomine

77 903 167 985 ejus:
196 902 373 969 Nobiscum
395 903 514 969 Deus.“
559 903 649 982 Quae
679 905 766 970 euim
786 903 992 969 incredibilia
1014 910 1108 968 eraut
1130 910 1164 968 et

74 1001 152 1066 fieri
172 1022 238 1067 nou
259 1024 355 1086 posse
376 1001 563 1068 hominibus
584 1003 787 1082 videbantur,
812 1024 851 1067 ea
872 1002 960 1067 Deus
981 1023 1041 1084 per
1063 1001 1164 1084 Spiri-

75 1108 151 1166 tum
171 1103 399 1186 propheticum
425 1101 540 1167 futura
562 1102 825 1186 praenuntiavit,
860 1108 898 1166 ut
920 1091 1020 1185 quum
1042 1099 1164 1164 evenis·

75 1203 169 1280 sent,
199 1201 280 1266 fides
303 1203 349 1267 eis
370 1223 436 1266 non
462 1201 689 1284 derogaretur,
719 1201 775 1266 sed
798 1221 914 1279 exeo,
946 1200 1033 1284 quod
1055 1206 1164 1264 esseut

75 1300 265 1382 praedicta,
295 1301 516 1366 crederentur.
558 1301 607 1366 Ne
630 1302 687 1384 qui
708 1307 819 1366 autem
840 1300 1003 1383 prolatam
1024 1299 1163 1383 prophe-

74 1399 160 1463 tiam
190 1399 298 1464 minus
329 1400 566 1484 intelligentes,
600 1400 713 1464 eadem
744 1398 838 1464 uobis
871 1399 1044 1483 objiciant,
1078 1419 1162 1482 quae

74 1498 185 1579 poetis
204 1497 318 1562 Jovem
347 1499 532 1564 dicentibus
559 1499 601 1564 ad
630 1500 781 1564 mulieres
808 1499 857 1562 rei
884 1520 1041 1564 venereae
1063 1520 1162 1563 causa

74 1597 271 1675 ventitasse,
303 1597 496 1681 objecimus,
526 1598 633 1676 verba·
654 1598 829 1681 explanare
858 1605 1031 1662 tentemus.
1075 1597 1162 1662 Illud

74 1697 195 1778 igitur:
235 1697 320 1761 Ecce
348 1697 448 1780 Virgo
478 1697 512 1762 in
540 1703 635 1761 utero
662 1697 814 1775 habebit,
848 1696 1010 1780 significat
1038 1697 1161 1780 absque

73 1794 254 1859 concubitu
276 1803 516 1879 concepturam.
549 1794 633 1860 Nam
654 1796 682 1860 si
703 1817 776 1860 cum
797 1795 908 1879 aliquo
931 1797 1159 1873 consuevisset,

73 1914 144 1957 non
159 1894 229 1976 jam
251 1902 337 1958 esset
352 1893 461 1977 Virgo.
500 1894 564 1960 Sed
585 1893 689 1960 virtus
707 1893 769 1958 Dei
788 1894 1018 1977 superveniens
1035 1893 1162 1976 Virgini

74 1993 288 2058 obumbravit
320 2015 405 2072 eam,
438 1993 597 2078 fecitque,
630 2000 669 2059 ut
694 2002 780 2072 tum,
815 2015 915 2076 quum
946 1993 1035 2075 virgo
1066 1999 1181 2069 esset,

74 2094 306 2175 praegnaret.“
356 2093 572 2176 Dignissimus
604 2083 655 2158 est
688 2115 712 2157 s.
742 2094 947 2170 Irenaeum
976 2111 1072 2175 quem
1100 2090 1161 2156 hoc

76 2191 118 2255 de
155 2197 347 2273 argumento
382 2191 561 2256 audiamus.
612 2191 718 2272 ,Quid
747 2192 832 2255 enim
860 2212 1026 2272 magnum,
1059 2191 1162 2254 inter·

74 2296 173 2372 rogat
207 2290 331 2372 optimo
365 2290 491 2372 jure,²)
531 2296 590 2354 aut
627 2288 715 2372 quod
748 2290 875 2372 signum
913 2289 1008 2354 fieret
1042 2289 1077 2352 in
1112 2310 1160 2368 ec,

76 2388 167 2472 quod
196 2387 441 2454 adolescentula
469 2388 655 2471 concipiens
684 2409 723 2452 ex
750 2389 819 2452 viro
847 2389 1042 2471 peperisset,
1073 2387 1161 2471 quod

75 2488 186 2553 evenit
206 2486 365 2565 omnibus,
395 2507 478 2569 quae
500 2487 648 2569 pariunt,
676 2486 887 2551 mulieribus?
921 2486 985 2552 Sed
1007 2486 1160 2569 quoniam

73 2588 249 2671 inquinata
270 2587 358 2650 salus
379 2584 564 2650 hominibus
576 2586 745 2669 inciperet
765 2585 852 2664 fieri,
883 2585 952 2650 Deo
974 2583 1159 2667 adjuvante,

73 2685 264 2767 inopinatus
293 2692 327 2750 et
355 2692 470 2768 partus
491 2685 633 2767 Virginis
659 2685 775 2763 fiebat,
806 2684 874 2750 Deo
903 2684 1002 2749 dante
1032 2684 1160 2766 signum

71 2785 145 2862 hoo,
169 2783 227 2848 sed
248 2806 315 2848 uon
334 2785 465 2849 homine
487 2792 643 2867 operante
665 2784 777 2850 illud.“
1004 2783 1007 2788 ’

137 2882 220 2947 Cum
249 2883 394 2966 antiquis
422 2882 575 2947 Patribus
608 2883 642 2946 in
671 2885 776 2949 Isaiae
804 2883 911 2948 verbis
939 2882 980 2946 ad
1009 2881 1160 2946 beatissi-

73 3003 162 3045 mam
194 2981 362 3064 Virginem
397 2981 600 3064 applicandis
640 2982 890 3047 recentiores
929 2981 1013 3045 iere
1049 3001 1160 3060 omnes

72 3079 258 3162 theologi
280 3087 313 3144 et
332 3085 523 3162 exegetae
546 3088 788 3146 consenserunt.
827 3081 938 3161 ,Inter
956 3079 1160 3145 Christianos

72 3178 166 3242 nulla
188 3185 238 3243 est
260 3179 425 3261 quaestio,
455 3175 631 3259 profitetur
651 3177 837 3262 EstiuS,³)
867 3181 946 3262 quin
973 3179 1024 3244 bis
1052 3181 1159 3244 verbis

72 3273 283 3345 contineatur
311 3277 499 3341 vaticinium
536 3275 575 3339 de
604 3283 703 3358 partu
731 3277 873 3361 Virginis
905 3299 963 3344 seu
984 3279 1158 3344 nativitate

72 3374 255 3441 Salvatoris
285 3395 325 3438 ex
346 3375 510 3457 Virgine.“
553 3375 622 3439 Imo
650 3375 762 3458 plures
790 3399 856 3442 non
876 3378 1082 3444 haesitarunt
1104 3377 1160 3442 de·
1258 3399 1260 3405 ·

71 3475 216 3550 clarere,
251 3472 292 3538 de
321 3472 405 3537 lide
438 3493 537 3551 esse,
570 3479 699 3538 textum
728 3476 866 3540 citatum
896 3477 935 3541 de
964 3477 1095 3542 Christo
1125 3485 1159 3543 et

70 3574 102 3637 b.
130 3572 267 3655 Virgine
303 3592 373 3636 esse
410 3570 666 3653 intelligendum.
715 3573 767 3638 lta
802 3573 1012 3640 Cornelius
1044 3597 1064 3640 a
1091 3576 1158 3641 La·

70 3671 165 3753 pide
196 3669 377 3753 disserit:⁴)
406 3669 508 3752 ,Dico
525 3663 628 3753 ergo:
663 3672 703 3737 de
730 3672 795 3738 fide
817 3683 876 3754 est,
899 3677 945 3740 sic
966 3677 1159 3748 vertendum

130 3901 160 3968 .¹)
177 3901 211 3953 ln
237 3899 348 3968 dialogo
371 3917 433 3952 cnm
458 3901 606 3970 Tryphone
628 3919 655 3956 n.
677 3904 717 3958 66.
760 3906 782 3969 ²)
801 3904 870 3960 Adv.
893 3905 1021 3960 haereses
1043 3905 1091 3960 lib.
1110 3905 1160 3971 lll,

69 4001 113 4052 cp.
132 3987 175 4037 22.
209 3982 231 4048 8)
248 3981 294 4034 Ad
311 3983 346 4035 ls.
366 3981 427 4048 Vll,
447 3985 485 4037 14.
518 3985 540 4051 ⁴)
557 3985 710 4040 Comment.
727 3985 757 4038 in
774 4001 817 4055 cp.
839 3989 897 4052 Vll,
917 3989 950 4042 ls.
967 4005 1030 4057 pag.
1049 3992 1105 4044 116.
