2728 4554
522 339 581 399 441

56 500 95 564 1⁰:
123 499 259 566 Utrum
286 498 564 565 Maternitatis
593 497 770 581 dignitas
798 497 1067 582 inadaequate

83 619 142 664 seu
167 597 407 682 incompleta
436 604 592 680 sumpta
619 617 750 663 omnes
778 597 879 664 alias
908 597 1032 681 digni·

396 701 504 762 tates
533 701 705 778 superet.

83 827 157 892 Tota
188 825 360 892 difficultas
390 827 425 890 in
457 847 495 892 eo
527 827 591 893 sita
623 832 689 906 est,
726 831 837 892 utrum
867 826 1089 894 Matemitatis

35 925 156 1008 dignitas
183 926 359 992 antecellat
387 925 594 1009 dignitatem,
625 945 723 1009 quam
750 925 857 1008 gratia
885 925 1089 990 sanctificans

34 1025 142 1091 confert
161 1025 293 1104 homini,
317 1045 433 1088 annon.

82 1146 106 1188 a.
138 1125 337 1208 Dignitatem
364 1121 584 1187 Maternitatis
612 1119 718 1185 infra
745 1114 939 1204 dignitatem
964 1122 1090 1204 gratiae

33 1222 248 1289 sanctificantis
270 1243 328 1287 scu
345 1221 590 1286 Maternitatem
607 1219 791 1285 naturalem
807 1220 859 1284 131
876 1220 982 1284 carnis
1005 1219 1091 1285 infra

31 1323 257 1386 maternitatem
284 1321 419 1403 spiritus
447 1341 532 1397 esse,
561 1319 649 1383 inter
674 1318 756 1382 alios
784 1339 825 1382 ss.
846 1317 961 1383 Patres
990 1319 1090 1382 diser·

30 1419 66 1483 tis
83 1421 184 1485 verbis
211 1420 330 1485 asserit
358 1419 389 1484 d.
415 1419 669 1502 Augustinus.
715 1416 908 1500 ,Cognatim
937 1418 1053 1500 inquit,
1064 1417 1089 1499 ¹)

29 1518 193 1598 spiritualis
223 1540 296 1582 cum
324 1517 453 1583 Christo
481 1516 720 1600 propinquitati
748 1516 817 1599 ejus
845 1516 969 1580 carnali
997 1537 1091 1598 prae·
1120 1521 1123 1528 ’

26 1617 172 1696 ponenda.
226 1618 389 1700 Scriptum
426 1622 477 1682 est
507 1617 542 1680 in
572 1615 763 1698 Evangelio,
801 1616 889 1699 quod
919 1622 1025 1681 mater
1056 1621 1090 1680 et

26 1712 133 1781 fratres
155 1717 294 1794 Christi,
323 1717 385 1780 hoc
414 1722 463 1780 est
491 1713 720 1796 consanguinei
748 1713 853 1778 carnis
875 1714 959 1796 ejus,
985 1735 1090 1797 ,quum

25 1807 68 1877 illi
99 1816 241 1880 nuntiati
274 1814 415 1880 fuissent
453 1820 487 1880 et
525 1813 604 1878 foris
644 1818 869 1895 expectarent,
909 1813 987 1895 quia
1024 1832 1090 1875 non

24 1919 147 1992 possent
168 1935 242 1978 eum
263 1913 354 1978 adire
374 1933 453 1996 prae
468 1911 575 1990 turha,
601 1910 656 1975 ille
677 1910 859 1993 respondit:
882 1911 1007 1992 „Quae
1030 1917 1090 1976 331

25 2019 143 2077 mater
168 2033 252 2077 mea
279 2017 347 2076 aut
369 2011 436 2094 qui
462 2016 554 2074 sunt
580 2008 731 2075 fratres
756 2010 851 2074 mei?
881 2010 931 2075 Et
959 2017 1090 2075 exten·

26 2107 112 2175 dens
138 2131 291 2175 manum
316 2130 436 2191 super
463 2108 683 2192 discipulos
709 2129 800 2172 euos
827 2109 900 2173 ait:
929 2109 977 2174 Hi
998 2115 1090 2174 eunt

25 2205 168 2274 iratres
205 2209 295 2288 mei;
335 2215 373 2272 et
405 2208 629 2291 quicunque
663 2206 810 2272 fecerit
844 2207 1090 2273 voluntatem
1180 2257 1187 2264 x

22 2303 147 2372 Patris
174 2307 263 2385 mei,
296 2307 381 2389 ipse
408 2305 504 2371 mihi
531 2305 662 2371 frater
693 2312 732 2371 31
757 2312 883 2371 mater
913 2313 952 2371 et
977 2327 1091 2371 soror

21 2407 140 2489 est.“²)
183 2404 268 2483 Quid
295 2404 386 2469 aliud
413 2425 473 2469 nos
502 2404 633 2483 docens,
662 2405 726 2469 nisi
753 2405 876 2469 carnali
905 2404 1091 2487 cognationi

20 2523 114 2584 genus
134 2510 284 2568 nostrum
304 2503 473 2586 spirituale
494 2502 772 2586 praeponendum
798 2523 859 2568 nec
879 2502 955 2567 inde
975 2503 1090 2569 beatos

19 2621 86 2666 esse
115 2603 279 2681 homines,
312 2603 340 2666 si
368 2602 465 2685 justis
497 2609 532 2667 et
559 2603 680 2667 sanctis
712 2602 818 2668 carnis
845 2602 1089 2685 propinquitate

18 2700 209 2783 junguntur,
238 2701 295 2766 sed
316 2702 344 2765 si
365 2721 477 2766 eorum
498 2701 666 2766 doctrinae
687 2723 726 2766 33
745 2701 889 2765 moribus
910 2700 1090 2767 obediendo

18 2803 114 2881 atque
134 2799 293 2864 imitando
319 2800 572 2865 cohaerescant?
602 2799 737 2865 Beatior
765 2820 840 2882 ergo
861 2799 967 2864 Maria
986 2800 1090 2882 perci·

18 2897 133 2977 piendo
159 2897 258 2962 fidem
279 2897 413 2977 Christi,
443 2919 542 2982 quam
568 2898 779 2982 concipiendo
808 2920 937 2964 carnem
958 2898 1089 2964 Christi.

18 2994 99 3059 Nam
120 3003 153 3062 31
174 2997 296 3062 dicenti
317 2997 461 3062 cuidam:
495 2998 664 3080 ,Beatus
685 3003 837 3076 1311131,
859 2997 926 3081 qui
946 3002 986 3062 13
1006 3019 1090 3080 por-

18 3095 138 3160 131111(
160 3096 229 3179 ipse
250 3097 441 3179 respondet:
464 3097 563 3179 ,lmo
585 3097 711 3176 beati,
734 3096 801 3180 qui
822 3096 990 3160 audiunt
1010 3117 1091 3160 ver·

18 3191 104 3257 hum
126 3194 197 3258 Dei
225 3195 526 3280 etcustodiunt
553 3194 722 3278 illud.“³)
765 3194 912 3278 Denique
932 3193 1090 3258 fratribus

18 3292 101 3373 ejus,
129 3293 148 3356 i.
172 3313 199 3357 3.
226 3293 403 3357 secundum
431 3315 560 3358 carnem
588 3293 750 3376 cognatis,
780 3293 836 3376 qui
862 3313 928 3357 non
954 3291 1001 3356 in·
1016 3312 1091 3357 eum

18 3388 237 3469 crediderunt,
266 3390 345 3474 quid
366 3391 491 3474 profuit
516 3392 575 3456 illa
603 3391 775 3475 cognatio?
807 3391 860 3457 Sic
889 3395 923 3456 ct
942 3397 1092 3456 materna

18 3489 242 3574 propinquitas
259 3490 340 3554 nihil
355 3491 478 3556 Mariae
496 3491 683 3574 profuisset,
700 3491 764 3556 nisi
780 3490 907 3556 felicius
926 3490 1091 3556 Christum

18 3586 128 3666 corde,
157 3609 255 3672 quam
275 3609 371 3654 carne
396 3590 586 3673 gestasset.“
627 3591 680 3655 Ita
707 3612 731 3655 3.
754 3589 969 3672 Augustinus,
998 3589 1091 3672 cujus

18 3685 197 3750 tententiae
218 3686 318 3751 etiam

84 3899 101 3962 ¹)
121 3901 162 3954 Do
184 3903 282 3956 sancta
298 3900 466 3970 virginitate
487 3917 532 3969 cp.
554 3899 605 3967 lll,
626 3919 655 3957 11.
674 3903 698 3958 3.
740 3901 761 3968 ¹)
782 3898 1011 3966 1111111346
1032 3916 1090 3970 sqq.

18 3986 26 4049 >
47 3981 184 4050 nu0.-x1,
202 3985 235 4038 11
252 3997 292 4050 sq.
624 4023 626 4028 ,
