2728 4554
768 366 837 432 388,

181 537 184 544 ’
256 526 436 606 remedium
463 545 625 607 apponere
654 524 844 607 dignaretur
872 533 906 592 et
927 526 1011 591 hanc
1039 527 1103 591 sibi
1132 535 1163 594 et
1183 529 1245 594 viro
1264 551 1308 594 suo

255 624 503 690 tribulationem
524 623 699 688 auferret.“

752 824 784 907 5.
807 822 839 888 s.

327 973 380 1037 De
409 971 566 1036 ratione
595 969 740 1051 agendi
771 969 967 1054 Dei‘erga
996 993 1019 1035 s.
1049 972 1257 1054 Josephum
1356 977 1360 1056 J

309 1081 311 1084 ’
417 1069 544 1138 tantis
574 1067 922 1132 tribulationibus
951 1069 1176 1136 obnoxium.

320 1220 407 1284 Deus
430 1218 537 1283 omnia
558 1217 700 1281 suaviter
729 1217 902 1301 disponens
923 1216 1099 1284 maximam
1119 1220 1205 1284 illam
1231 1242 1251 1284 s.
1269 1219 1309 1284 Jo-

257 1319 350 1402 sephi
382 1316 628 1382 tribulationem
666 1337 706 1380 ex
738 1317 844 1382 causis
875 1317 1023 1399 permisit
1051 1319 1235 1401 justissimis
1265 1339 1309 1380 ner
1359 1343 1360 1348 ¹

257 1419 348 1502 prius
381 1438 454 1482 eum
488 1415 607 1480 instrui
637 1415 755 1492 voluit,
794 1437 893 1499 quam
925 1417 1108 1499 periculum
1139 1416 1309 1482 imminuerit
1355 1443 1360 1464 ι

258 1516 462 1582 dimissionis.
515 1515 604 1578 Tunc
642 1514 762 1597 legavit
793 1514 971 1598 Angelum,
1011 1523 1048 1581 ut
1080 1517 1310 1582 amantissimum
1359 1565 1360 1578 ,

258 1641 282 1682 s.
324 1616 485 1698 Deiparae
530 1614 699 1696 conjugem
743 1636 802 1678 sua
845 1614 1002 1680 liberaret
1046 1615 1218 1680 anxietate.
1273 1613 1310 1676 ln·
1359 1642 1360 1679 3

259 1736 425 1800 qu1ramus

261 1899 308 1962 1⁰:
332 1897 408 1962 Cur
424 1896 533 1974 Deus
547 1917 570 1958 s.
588 1895 608 1959 J
615 1895 752 1978 osepbi
770 1853 1078 1961 tribulationem
1095 1895 1310 1980 permiserit.

319 2027 493 2110 Triplicem
521 2027 682 2091 rationem
713 2025 810 2091 affert
841 2049 866 2091 e.
895 2027 1169 2094 Bernardinus
1197 2029 1310 2094 Senen·
1359 2063 1360 2073 ἢ

258 2129 321 2194 sis.
337 2129 360 2208 ¹)
403 2125 555 2190 Permisit
578 2125 663 2188 enim
685 2124 772 2189 Deus
792 2125 876 2190 hanc
898 2126 1146 2192 tribulationem
1355 2193 1356 2226 ,

319 2249 347 2291 a.
383 2232 524 2310 propter
557 2225 713 2306 majorem
750 2225 1052 2304 certitudinem,
1091 2227 1216 2290 scilicet
1247 2221 1311 2289 tanti

258 2328 375 2410 operis
424 2323 559 2402 Quando
592 2323 713 2388 etenim
745 2324 909 2402 audimus,
944 2325 1031 2407 quod
1059 2325 1109 2388 vir
1137 2324 1254 2389 Mariae
1280 2321 1311 2384 sir

259 2426 435 2502 discretae,
473 2423 601 2504 sapiens
640 2428 738 2504 atque
762 2423 875 2505 ¹justus
908 2423 1015 2487 omnia
1046 2423 1129 2487 haec
1166 2423 1312 2505 diligenter

259 2523 475 2589 consideravit
497 2542 534 2584 ac
556 2521 653 2584 vidit:
684 2527 718 2584 et
739 2521 917 2585 secundum
945 2523 1033 2605 quod
1056 2522 1223 2587 rationalis
1248 2517 1312 2583 ratio
1355 2574 1356 2606 ,

258 2623 378 2699 dictat,
411 2620 457 2684 sic
486 2619 648 2684 dubitavit
682 2627 715 2685 et
746 2626 856 2684 tamen
887 2621 1095 2702 postmodum
1127 2621 1176 2686 ita
1202 2619 1313 2684 firmiter
1359 2663 1360 2670 κ

259 2720 412 2798 credidit,
436 2719 524 2802 quod
546 2725 579 2782 et
600 2719 705 2800 ipsam
726 2719 759 2782 in
782 2720 951 2801 conjugem
972 2721 1095 2798 tenuit,
1119 2727 1153 2784 et
1175 2719 1312 2785 Christum

258 2826 297 2884 ut
317 2818 451 2896 Filium,
481 2817 555 2899 plus
584 2839 750 2882 movemur
778 2818 820 2883 ad
840 2817 954 2897 fidem,
984 2840 1081 2901 quam
1110 2819 1138 2883 si
1167 2819 1311 2883 diceretur,

259 2918 346 3002 quod
365 2917 405 2981 ab
424 2917 518 2981 initio
538 2916 728 2998 simpliciter
745 2916 807 2981 hoc
825 2918 1014 3000 susceperit,
1031 2917 1127 3000 juxta
1145 2916 1312 2983 sententian
1359 2929 1360 2966 1

258 3039 283 3082 s.
306 3015 507 3098 Gregorii,
530 3015 587 3098 qui
605 3016 666 3080 ait:
690 3015 804 3096 ,Quod
822 3015 928 3080 minus
945 3015 1050 3080 Maria
1066 3017 1146 3080 mihi
1165 3011 1311 3100 praestitit,
1359 3029 1360 3034 ¹

259 3137 342 3200 quae
365 3114 430 3179 cito
453 3114 599 3192 credidit,
623 3135 720 3196 quam
742 3113 889 3190 Thomna,
913 3115 969 3196 qui
990 3113 1255 3180 din-dubitavit.“

320 3215 350 3277 b.
383 3214 521 3296 Propter
547 3213 703 3296 majorem
731 3212 1087 3278 confirmationem.
1131 3209 1313 3279 Proutenim
1359 3245 1360 3252 κ

257 3315 292 3378 in
319 3313 414 3377 nobis
442 3313 521 3395 ipsis
549 3312 676 3395 plenius
706 3312 904 3394 experimur,
936 3311 1179 3378 dubitationem
1204 3309 1312 3377 fortium

257 3411 490 3496 praecedentes
519 3418 627 3476 motus
655 3410 773 3475 fortius
802 3432 860 3475 nos
892 3417 1014 3475 acuunt
1042 3410 1085 3475 ad
1113 3411 1254 3476 veritatis
1279 3406 1312 3468 in·

150 3545 152 3549 ·
259 3510 483 3594 quisitionem,
514 3517 547 3575 et
576 3517 699 3593 quanto
729 3509 937 3592 postmodum
957 3531 1017 3592 per
1045 3508 1313 3575 manifestationem

260 3615 294 3675 et
321 3609 593 3674 illuminationem
620 3609 770 3673 veritatis
801 3608 920 3674 fortius
954 3615 987 3673 et
1015 3609 1202 3673 sensibilius
1230 3598 1313 3685 expel-

258 3710 386 3787 luntur,
414 3714 507 3773 tanto
529 3707 782 3790 perspicaciores
813 3713 846 3772 et
868 3707 1026 3772 firmiores
1055 3707 1090 3770 in
1111 3708 1183 3790 ipsa
1201 3703 1312 3771 veritate

151 3819 153 3824 '
260 3807 430 3873 efficimur:
464 3813 498 3872 et
526 3812 649 3890 quanto
680 3805 754 3889 plus
786 3807 820 3871 in
852 3812 965 3872 nostra
996 3805 1181 3870 tentatione
1210 3805 1312 3867 nostras

327 4005 347 4071 ¹)
364 4005 450 4058 Serm.
468 4005 503 4058 de
521 4022 542 4060 s.
560 4005 618 4060 Jos.
636 4006 687 4057 art.
704 4006 720 4056 2
738 4019 783 4072 cp.
800 4007 823 4057 1.
