2772 4550
574 351 633 410 579

129 512 154 571 2.
196 508 374 592 Uterque
414 509 688 592 Evangelista,
729 510 917 576 Matthaeus
958 522 992 580 et
1030 515 1145 595 Lucae,

74 607 231 672 oraculum
259 607 341 672 illud
371 608 414 672 ad
445 608 476 671 b.
506 608 648 691 Virginis
676 609 801 674 Mariae
829 618 961 692 partum
989 601 1146 680 referunt.

73 703 240 790 Postquam
267 728 290 771 s.
314 706 503 772 Matthaeus
524 706 650 787 retulit,
680 727 764 790 quae
787 708 930 791 Angelus
958 731 982 775 s.
1004 711 1147 795 Josepho

73 804 109 866 ob
128 805 357 888 graviditatem
385 806 530 889 conjugis
557 828 635 871 suae
657 807 813 890 peranxio
835 809 1014 873 nuntiavit:
1046 810 1147 892 „Hoc
1237 864 1243 874 .

73 911 194 968 autem
220 911 366 983 totum,
396 905 573 988 subjungit,
602 905 753 970 iactum
783 914 856 985 est,
887 914 931 972 ut
958 907 1147 992 adimple·

72 1009 189 1083 retur,
212 1003 316 1087 quod
338 1003 487 1069 dictum
510 1012 570 1069 est
592 1026 611 1068 a
631 1003 794 1069 Domino
816 1026 886 1087 per
907 1005 1146 1089 Prophetam

73 1101 278 1168 dicentem:
315 1102 414 1168 Ecce
442 1104 562 1186 Virgo
592 1104 631 1168 in
659 1112 773 1169 utero
801 1104 982 1184 habebit,
1016 1114 1055 1172 et
1083 1129 1145 1190 pa-

72 1201 144 1266 riet
169 1202 318 1266 lilium:
349 1210 387 1267 et
408 1203 607 1268 vocabunt
628 1209 766 1267 nomen
794 1204 879 1287 ejus
902 1204 1145 1284 Emmanuel,

72 1301 166 1382 qnod
195 1308 257 1366 est
285 1301 601 1384 interpretatum
630 1300 863 1382 „Nobiscum
892 1301 1061 1385 Deus“¹)
1109 1304 1147 1368 In

70 1400 170 1466 verbis
191 1422 268 1467 vero
296 1424 321 1465 s.
344 1401 451 1465 Lucae
480 1401 544 1466 duo
566 1401 772 1484 potissimum
800 1400 947 1465 notanda
968 1409 1059 1466 sunt:
1092 1401 1148 1465 be-

70 1499 244 1566 atissimam
273 1500 411 1565 Mariam
439 1521 556 1584 nempe
585 1501 807 1584 virginitatem
836 1521 928 1564 suam
957 1521 1148 1566 conservare

70 1597 203 1664 voluisse
232 1599 394 1667 illibatam
423 1621 461 1663 ac
490 1599 638 1664 illaesam
667 1608 702 1666 et
722 1599 882 1682 Angelum
910 1599 972 1664 hoc
998 1599 1048 1663 illi
1074 1621 1149 1682 pro-

70 1697 189 1763 misisse
212 1698 383 1776 dicentem,
406 1698 452 1762 nil
474 1719 544 1764 esse
566 1699 756 1778 timendum,
780 1697 901 1783 quippe
923 1719 1007 1782 quae
1031 1721 1055 1763 s.
1079 1700 1149 1783 Spi-

69 1796 147 1861 ritus
168 1797 360 1880 operatione
382 1805 581 1881 conceptura
602 1806 637 1862 et
657 1800 808 1882 paritura
829 1805 925 1862 esset.

127 1897 278 1962 Concinit
317 1897 350 1960 in
388 1897 439 1962 his
474 1897 652 1980 privilegiis
692 1905 805 1962 vetus
840 1896 1147 1963 Testamentum.

67 1994 165 2060 isaias
193 1997 280 2060 enim
309 2004 422 2079 aperte
444 1996 650 2080 privilegium
676 1997 759 2061 illud
780 1996 1000 2080 praenuntiat.
1045 1997 1149 2079 ,Eece

68 2091 162 2177 Virgo
196 2095 359 2177 concipiet
391 2102 425 2160 et
455 2095 583 2178 pariet“
606 2118 768 2179 -quum
800 2095 853 2159 hic
884 2103 1027 2178 ponatur
1048 2096 1150 2160 nomi-

68 2194 193 2258 nativus
224 2192 373 2274 ,Virgo“,
403 2213 535 2258 necesse
565 2201 630 2272 est,
661 2201 699 2258 ut
730 2194 772 2258 ad
801 2201 978 2278 utrumque
1014 2194 1149 2261 verbum

67 2291 238 2358 referatur.
287 2291 369 2356 Eam
399 2313 474 2374 ergo
509 2292 594 2357 sicut
626 2293 659 2356 in
695 2299 870 2375 conceptu,
904 2292 953 2357 ita
986 2292 1019 2355 in
1052 2300 1149 2376 partu

68 2413 194 2477 quoque
223 2392 379 2475 virginem
408 2411 654 2475 permansuram
684 2390 861 2456 clarissime
893 2390 1147 2457 demonstratur.

66 2491 215 2557 Alterum
236 2490 442 2574 privilegium
463 2491 613 2572 designat
632 2496 724 2555 vates
744 2490 834 2554 hisce
855 2490 978 2554 verbis:
1011 2490 1076 2572 ,Et
1096 2513 1150 2556 vo·

67 2589 195 2656 rabitur
216 2611 334 2654 nomen
356 2590 425 2673 ejus
447 2588 670 2654 Emmanuel.“

126 2695 154 2754 3.
193 2689 332 2754 Omnes
361 2688 501 2752 Patres
534 2686 782 2753 celeberrimum
815 2687 877 2753 hoc
909 2689 1077 2754 oraculum
1110 2689 1150 2753 ‹le

67 2789 272 2855 sanctissima
305 2786 494 2870 intelligunt
526 2786 675 2868 Virgine,
714 2808 797 2870 quae
834 2787 923 2869 virgo
955 2807 1150 2871 permanens

66 2886 234 2952 Christum
256 2887 459 2953 salvatorem
479 2885 617 2969 peperit.
661 2885 891 2968 copiosissime
920 2885 1070 2970 disputat
1089 2886 1151 2951 hac

67 2984 105 3048 de
126 3008 162 3050 re
185 2987 273 3050 inter
294 2984 375 3050 alios
396 2983 684 3048 Tertullianus.
729 2983 847 3065 ,Nova
878 2985 1031 3068 inquit,³)
1060 2985 1151 3049 nasci

66 3083 210 3150 debebat
245 3103 347 3148 novae
384 3081 575 3147 Nativitatis
613 3082 797 3161 dedicator,
839 3083 879 3148 de
919 3105 985 3166 qua
1022 3084 1152 3166 signum

67 3181 204 3249 daturus
221 3183 379 3248 Dominus
401 3182 442 3246 ab
461 3181 548 3246 Isaia
568 3181 830 3264 praedicabatur.
875 3181 969 3259 Quod
990 3189 1041 3247 est
1062 3182 1151 3247 istud

65 3282 215 3365 signum?
237 3282 342 3364 ,Ecce
353 3282 452 3364 Virgo
474 3281 637 3364 concipiet
655 3283 689 3346 in
707 3288 801 3347 utero
824 3289 859 3347 et
876 3281 984 3364 pariet
1001 3281 1150 3346 Filium.“

66 3379 225 3464 Concepit
245 3380 347 3464 igitur
366 3380 466 3463 Virgo
489 3386 524 3445 et
543 3380 673 3464 peperit
693 3380 953 3460 Emmanuelem,
983 3380 1153 3446 nobiscum

65 3478 182 3544 Deum.
235 3480 325 3544 Haec
346 3487 408 3557 ¹est
439 3479 603 3545 Nativitas
635 3501 732 3558 nova,
766 3479 843 3544 dum
875 3480 972 3544 homo
1003 3480 1154 3545 nascitur

64 3578 97 3642 in
124 3580 213 3659 Deo;
242 3581 276 3644 in
305 3601 370 3664 quo
397 3580 527 3644 homine
555 3578 644 3643 Deus
673 3585 772 3643 natus
803 3586 867 3659 est,
896 3599 994 3644 carne
1023 3577 1152 3663 antiqui

64 3677 200 3743 seminis
229 3686 383 3761 suscepta
415 3679 485 3744 sine
513 3679 636 3744 semine
669 3677 780 3762 aliquo
809 3679 962 3762 antiquo,
995 3685 1033 3744 ut
1061 3677 1152 3743 illam

64 3799 148 3843 novo
172 3780 303 3858 semine,
334 3779 453 3858 idest,
483 3778 680 3862 spiritaliter
700 3777 905 3855 reformaret,
935 3777 1076 3842 exclusis
1097 3798 1154 3842 an·

133 3997 154 4062 ¹)
169 3993 268 4050 Matth.
281 3993 302 4061 l,
316 3995 400 4062 222q.
433 3992 456 4060 ²)
469 3991 491 4060 Ι,
504 3995 611 4048 26-35.
644 3991 665 4060 ³)
675 3991 736 4048 Lib.
748 3992 785 4047 de
798 4007 883 4047 earne
893 3991 999 4128 Chmppi
1008 4005 1051 4060 op.
1065 3990 1153 4048 xvh.
