2728 4554
545 371 606 431 413

99 535 133 598 ln
161 533 293 616 regione
325 531 384 596 illa
411 530 507 614 plura
537 529 700 614 hodieque
728 529 937 596 inveniuntur
968 533 1113 616 vestigia,

48 653 119 714 quae
143 631 238 715 juxta
266 629 478 695 traditionem
506 651 531 694 s.
553 629 688 694 Joannis
714 628 884 712 Baptistae
911 631 1112 713 parentibus,

47 751 67 794 s.
90 731 211 795 loanne
240 729 311 812 ipso
341 733 374 794 61
403 729 574 812 speciatim
604 727 795 793 beatissima
822 727 956 811 Virgine
985 737 1113 795 sacrata

46 827 174 894 luerunt.
217 828 303 893 Fons
324 850 353 892 v.
375 849 404 910 g.
427 849 528 911 prope
550 825 742 892 Ain-Kririm
766 827 908 892 existens
929 828 1113 911 appellatur

46 925 106 992 fons
122 927 330 992 beatissimae
346 925 498 1009 Virginis,
517 926 575 991 ubi
594 925 625 990 b.
643 925 742 1009 Virgo
763 933 919 1008 tempore,
939 947 1003 1010 quo
1025 928 1114 1011 apud

45 1025 255 1092 Elisabetbam
272 1025 472 1104 morabatur,
490 1046 610 1108 aquam
626 1023 774 1090 hausisse
793 1025 957 1091 tradatur.
988 1027 1112 1092 Arabes

45 1146 133 1208 prope
152 1125 239 1190 hunc
267 1123 407 1204 fontem,
437 1145 534 1207 quem
549 1117 725 1206 'permagni
751 1123 893 1203 faciunt,
925 1127 1112 1209 saepissime

44 1245 143 1305 preces
171 1224 322 1290 recitant.
364 1222 500 1306 Aliquot
528 1222 655 1286 minuta
684 1243 704 1286 a
732 1221 823 1287 fonte
853 1223 955 1289 distat
984 1233 1113 1290 sanctu·

44 1324 136 1388 arium
151 1322 368 1402 Visitationis,
385 1321 444 1387 ubi
464 1321 496 1385 b.·
512 1320 679 1404 Virginem
699 1320 848 1386 visitasse
870 1322 984 1389 dicunt
1005 1347 1029 1390 s.
1046 1326 1113 1390 Eli·

44 1422 210 1488 sabetham.
263 1422 455 1487 Indicantur
486 1419 601 1484 eadem
628 1417 764 1502 'regione
795 1421 901 1504 rupis,
937 1444 1056 1488 nomen
1087 1446 1111 1490 s.

43 1519 164 1586 loannis
185 1527 335 1604 portans,
358 1519 415 1584 ubi
436 1541 460 1583 s.
482 1517 679 1582 Praecursor
699 1518 876 1585 instantem
897 1521 1035 1587 Messias
1056 1523 1113 1588 ad-

42 1627 163 1686 ventum
183 1619 403 1698 annuntiarit3
431 1617 522 1683 loeus
544 1617 686 1700 sepulcri
713 1639 737 1682 s.
759 1618 984 1701 Elisabethae,
1014 1623 1112 1688 sicuti

42 1725 176 1798 antrum,
215 1739 280 1802 quo
312 1717 551 1801 Prophetarum
587 1717 747 1782 maximus
783 1717 826 1782 ad
858 1719 1113 1802 praedicandum

42 1837 102 1882 sese
122 1818 339 1902 praeparavit.
956 1883 959 1896 ,

93 1917 165 1982 Jam
192 1938 269 1982 vero
299 1937 399 2000 quum
426 1915 461 1979 in
489 1915 614 1979 oriente
642 1913 758 1979 melius
787 1936 826 1979 ac
852 1916 956 1982 tutius
983 1939 1111 1983 conser-

41 2022 147 2080 ventur
168 2015 377 2094 traditiones,
407 2010 561 2097 qnam'in
582 2013 766 2093 occidente,
789 2036 954 2099 quumque
975 2017 1110 2083 traditio

42 2121 105 2182 octo
127 2114 196 2179 iere
218 2113 422 2200 saeculorum
443 2134 508 2178 non
530 2113 717 2195 interrupta
735 2113 925 2178 Ain-Karim
946 2115 1112 2181 civitatem

41 2205 122 2277 illam
140 2213 255 2292 dudae,
284 2213 376 2296 cujus
397 2211 596 2277 mentionem
621 2232 645 2276 6.
667 2211 772 2276 Lucas
800 2212 834 2276 in
855 2213 1030 2297 Evangelio
1052 2237 1110 2280 suo

42 2310 125 2392 fecit,
152 2312 312 2396 significet
332 2333 391 2377 nec
413 2312 519 2377 altera
539 2317 634 2394 pente
655 2311 834 2395 quidquam
853 2332 913 2378 nos
934 2321 1043 2396 cogat,
1073 2321 1111 2380 ut

42 2411 78 2478 ad
103 2412 217 2476 urbem
245 2411 481 2476 sacerdotalem
508 2410 683 2476 Zachariae
718 2417 752 2475 et
779 2409 988 2478 Elisabethae
1023 2414 1111 2478 inco·

40 2509 135 2576 latum
155 2517 373 2590 coarctemus,
402 2511 477 2576 hinc
498 2508 712 2592 praeferimus
733 2510 942 2590 sententiam,
972 2534 1056 2595 quae
1078 2513 1111 2576 in

40 2609 219 2674 lin-Karim
241 2631 265 2674 s.
280 2610 416 2676 loannis
434 2615 587 2691 parentes
605 2615 752 2691 tempore
767 2609 974 2675 Visitationis
995 2610 1026 2675 b.
1039 2612 1110 2676 Vir·

40 2708 114 2789 ginis
134 2715 278 2774 moratos
299 2710 427 2774 asserit.

39 2936 198 3007 l'lgonmbne
216 2956 367 3008 rasse-par
384 2940 416 2992 A.
434 2938 471 2991 du
489 2937 592 2993 Noroff.
626 2938 693 2992 Cum
716 2939 850 2993 relatione
872 2955 889 2992 s
905 2938 1019 2994 Daniele
1036 2940 1111 2994 facta

40 3021 86 3074 alin
113 3022 251 3076 consentit
280 3022 379 3076 relatio
409 3025 542 3090 contenta
567 3020 640 3075 libro
670 3037 743 3074 anno
770 3023 834 3076 1187
863 3022 1031 3090 composito,
1064 3022 1109 3076 cui

39 3102 138 3161 titulus:
161 3105 255 3172 „citez
272 3104 307 3158 de
324 3103 524 3159 iherusalem,“
558 3103 616 3169 „De
639 3121 659 3158 s.
678 3104 761 3158 Croix
780 3108 810 3158 11
829 3105 904 3160 lieux
922 3108 964 3158 est
984 3106 1111 3161 edebam

39 3183 463 3252 debois‚laoi1Nostre·Deme
481 3186 559 3240 salua
576 3184 719 3240 Elisabeth
737 3193 767 3242 61
783 3186 811 3242 fu
830 3205 849 3243 6.
867 3188 937 3242 Jean
956 3189 1033 3242 nez.“
1068 3192 1110 3254 „A

39 3269 119 3334 partir
134 3269 169 3323 de
187 3274 261 3323 cette
280 3270 400 3338 dpoque,
424 3269 524 3324 scribit
546 3270 634 3323 frater
655 3267 815 3334 Levinus,
840 3270 887 3338 qui
901 3271 958 3339 jam
976 3271 1110 3340 plurimos

39 3363 115 3405 annos
131 3351 332 3420 Hierosolymis
353 3351 448 3405 vivens
469 3367 502 3406 sc
523 3368 543 3406 s.
562 3352 624 3405 locs
645 3355 793 3420 quotannis
810 3353 982 3421 perlustrans
1005 3354 1110 3424 optime

40 3435 171 3500 cognoscit
188 3434 368 3500 traditiones,
390 3439 452 3488 tous
469 3449 539 3488 ceux
558 3435 605 3497 qui
623 3440 673 3489 ont
690 3435 762 3489 ecrit
778 3453 825 3488 sur
841 3435 882 3489 les
898 3453 918 3490 s.
937 3435 1037 3502 Lieux,
1061 3440 1110 3490 ont

39 3515 108 3581 placi
131 3519 157 3571 16
179 3517 237 3571 lien
260 3517 295 3571 de
318 3518 345 3570 la
368 3518 511 3574 naissance
535 3517 570 3571 de
592 3534 614 3572 6.
635 3517 798 3586 aean-Basa
823 3522 839 3572 t
863 3519 1035 3574 Ain-Kdrim.
1075 3521 1109 3576 Je

38 3601 152 3664 poumais
176 3601 250 3656 citer
272 3601 334 3669 plns
359 3598 393 3653 de
418 3599 492 3653 deux
516 3604 594 3654 cents
619 3607 731 3655 auteurs
756 3606 818 3656 tons
840 3591 982 3656 unanimes
1007 3621 1054 3657 scr
1076 3619 1109 3658 ce

38 3681 131 3746 point.“
174 3683 438 3738 (tuido-indicatam
464 3681 512 3735 das
538 3684 709 3738 sanctuaires
735 3684 769 3737 de
795 3686 821 3739 la
846 3691 921 3740 terre
946 3683 1033 3740 sainte
1058 3702 1110 3754 par

39 3761 128 3820 Lievin
145 3767 179 3820 de
196 3767 312 3820 Hammo
331 3765 361 3821 0.
379 3766 405 3821 S.
422 3767 452 3819 F.
470 3769 536 3820 tom.
555 3765 591 3832 ll,
608 3783 672 3836 pag.
688 3770 721 3822 23
739 3767 774 3822 ll.
792 3767 859 3823 edit.

465 3931 517 3944 virilu
524 3931 703 3946 mmm-mnusmwu
713 3935 718 3945 ι
