2782 4554
757 354 816 414 542

244 517 410 599 liturgiam
433 524 466 581 et
487 515 691 598 disciplinam
718 514 975 580 ecclesiasticam
1002 525 1214 598 receperunt,
1246 520 1330 584 eele—
1387 583 1388 612 ᾖ

244 617 343 681 brant
374 615 495 680 festum
529 613 758 701 conceptionis
792 613 823 677 b.
854 612 1010 696 Virginis,
1044 616 1095 679 uti
1127 616 1185 681 cle.
1218 618 1329 684 Malou
1387 627 1388 682 Ξ

245 715 350 780 fusius
371 714 583 779 demonstrat.
595 713 619 794 ¹)
1387 711 1388 724 ¹

309 820 336 878 3.
365 815 403 877 In
425 812 571 877 Ecclesia
591 811 735 876 Latina
761 811 991 875 immaculatae
1013 811 1247 896 Conceptionis
1268 817 1330 882 fes·
1387 813 1388 872 l

246 920 317 978 tum
345 911 505 976 celebrari
533 911 641 993 coepit
672 910 832 974 saeculo
856 911 1046 993 *septimo
1079 934 1139 995 per
1170 937 1194 978 s.
1226 915 1330 981 Ilde-

246 1013 437 1095 phonsum
453 1011 701 1088 Toletanum,
720 1010 770 1075 uti
786 1016 901 1074 tenent
918 1011 1005 1075 inter
1022 1011 1104 1075 alios
1120 1011 1329 1098 Martenius²l

248 1118 281 1176 et
310 1110 562 1192 Mabillonius,³)
596 1131 734 1193 quorum
762 1109 815 1174 hic
843 1109 972 1174 scribit:
1010 1109 1135 1192 „Quam
1165 1120 1260 1179 uetus
1289 1117 1330 1180 sit

247 1210 431 1276 observatio
453 1208 531 1274 festi
552 1208 782 1291 Conceptionis
810 1208 841 1272 b.
865 1208 1008 1292 Virginis
1029 1211 1064 1274 in
1085 1211 1246 1295 Hispania
1267 1214 1330 1278 dis-

248 1310 350 1374 cimus
379 1330 418 1372 ex
446 1308 501 1372 lib.
531 1308 602 1372 XII.
632 1308 708 1391 Leg.
730 1308 900 1391 Wisigoth.
930 1309 981 1373 tit.
1012 1309 1064 1388 VI,
1094 1311 1153 1375 ubi
1182 1313 1329 1396 Ervigius

247 1430 305 1474 rex
333 1408 404 1492 lego
432 1408 501 1472 lata
529 1407 697 1491 praecipit,
731 1414 769 1472 ut
797 1407 972 1472 aJudaeis
1001 1408 1219 1474 observentur
1245 1410 1331 1476 festa

248 1507 522 1586 Christianorum,
555 1507 590 1570 in
621 1507 672 1572 his
704 1506 825 1573 festum
856 1514 989 1573 sanctae
1020 1506 1145 1572 Mariae
1178 1509 1330 1592 Virginis

248 1628 312 1690 quo
340 1606 481 1688 gloriosa
509 1605 686 1689 Conceptio
716 1607 862 1688 ejusdem
890 1606 1065 1671 Genitricis
1087 1607 1221 1672 Domini
1248 1610 1333 1673 cele-

251 1706 372 1770 bratur.
416 1705 459 1769 Et
480 1712 590 1769 tamen
611 1705 645 1768 in
667 1705 804 1769 concilio
826 1705 1044 1769 Londoniensi
1069 1726 1154 1770 auno
1181 1711 1259 1770 1328
1281 1729 1332 1772 ce·
1387 1715 1388 1722 ’

247 1806 374 1871 lebrato
406 1805 502 1887 hujus
534 1805 612 1869 festi
642 1806 808 1870 institutio
843 1805 941 1870 beato
974 1803 1127 1868 Ansclmo
1161 1807 1333 1871 tribuitur.

249 1904 343 1984 Quod
363 1904 474 1969 forsan
497 1903 536 1968 de
558 1905 676 1987 Anglia
697 1905 800 1969 solum
822 1904 1099 1987 intelligendum.“

311 2005 405 2069 Circa
425 2002 524 2067 finem
545 2003 699 2068 saeculi
720 2003 779 2068 XI.
803 2027 827 2068 s.
850 2003 1063 2068 Anselmus
1086 2002 1336 2070 Cantuariensis

249 2103 449 2186 coepiscopis
478 2103 544 2167 suis
573 2108 607 2167 et
636 2103 785 2166 omnibus
813 2102 844 2165 b.
867 2102 1011 2184 Virginis
1039 2102 1196 2184 mysteria
1223 2103 1336 2166 colen·
1387 2173 1388 2176 Ἴ

248 2203 337 2268 tibus
359 2202 531 2285 epistolam
556 2202 687 2283 scripsit
708 2200 769 2282 ,de
792 2201 1012 2283 Conceptione
1034 2201 1153 2264 beatae
1176 2201 1335 2280 Mariae,“

249 2303 369 2384 inqua
390 2300 629 2378 revelationem,
659 2300 770 2364 Elsino
792 2299 914 2364 Abbati
939 2299 1069 2377 factam,
1099 2308 1221 2365 narrat.
1268 2303 1337 2366 Ab·
1387 2293 1388 2340 ³

248 2401 319 2465 bati
339 2400 415 2464 huic
442 2400 624 2482 injunctum
652 2399 732 2477 fuit,
764 2405 802 2464 ut
823 2397 909 2462 diem
938 2399 1159 2481 conceptionis
1189 2407 1222 2465 et
1242 2423 1337 2467 crea·
1387 2403 1388 2414 ’

249 2500 347 2564 tionis
375 2499 406 2562 b.
429 2498 570 2581 Virginis
593 2497 782 2562 solemniter
804 2497 856 2562 die
886 2504 913 2562 8.
937 2497 1126 2562 Decembris
1149 2498 1337 2565 celebraret

251 2604 284 2663 ct
305 2596 535 2662 celebrandum
557 2596 630 2660 aliis
651 2595 866 2678 praedicaret.
909 2595 1037 2661 Natalis
1059 2596 1245 2662 Alexander
1269 2621 1337 2665 una

250 2719 325 2762 cum
342 2696 416 2761 aliis
436 2695 608 2779 epistolam
626 2695 772 2759 Anselmi
797 2695 1054 2759 commentitiam
1079 2717 1150 2760 esse
1176 2697 1335 2763 declarat.

250 2796 445 2880 ,Utcunque
471 2802 580 2860 tamen
602 2795 654 2871 sit,
681 2794 911 2859 animadvertit
932 2792 1177 2859 Benedictus
1194 2795 1335 2878 XIV.⁴)
1387 2839 1388 2848 κ

251 2895 291 2960 de
320 2894 464 2959 Anselmi
499 2893 639 2977 epistola
670 2914 708 2957 ac
739 2892 780 2957 de
811 2900 974 2976 tempore,
1008 2914 1072 2976 quo
1102 2894 1336 2977 Conceptionis

250 2993 373 3058 festum
403 2994 437 3057 in
464 2992 582 3075 Anglia
608 2991 774 3057 firmatum
801 2991 880 3070 fuit,
914 3013 934 3056 a
963 2994 1125 3057 communi
1152 3015 1218 3058 non
1246 2995 1336 3059 arbi·

250 3099 378 3158 tramur
413 3114 483 3158 esse
520 3093 614 3157 nobis
651 3091 803 3174 opinione
842 3089 1074 3169 recedendum,
1116 3113 1201 3174 quae
1234 3092 1335 3177 hujus

251 3192 466 3258 solemnitatis
513 3191 755 3256 institutionem
801 3190 937 3274 Angliae
983 3191 1086 3255 refert
1133 3195 1334 3274 acceptam‘¹

250 3293 404 3376 Aliquam
442 3291 483 3356 de
524 3291 664 3374 epistola
709 3297 743 3356 et
779 3289 979 3354 revelatione
1023 3289 1177 3354 notitiam
1216 3289 1337 3356 habuit
1387 3281 1388 3350 l

252 3391 281 3456 d.
311 3390 513 3469 Bernardus,
547 3410 648 3474 quare
675 3389 710 3452 in
738 3403 804 3452 sua¹
828 3388 883 3466 ad,
899 3389 1072 3454 canonicos
1100 3387 1336 3471 Lugdunenses
1387 3429 1388 3456 t

252 3489 391 3574 epistola
420 3490 619 3555 mentionem
651 3489 747 3566 fecit,
781 3488 868 3572 quod
897 3488 1054 3571 scriptum
1086 3507 1264 3570 supernae,
1299 3499 1336 3553 ut

253 3589 374 3667 dicunt,
398 3589 607 3654 revelationis
628 3587 824 3671 proferatur.

254 3749 449 3760 ψ

320 3835 389 3902 1)“Ιι.
405 3853 428 3890 c.
445 3839 512 3890 tom.
529 3835 550 3889 Ι.
566 3836 601 3888 98
623 3851 682 3903 sqq.
724 3835 747 3893 2)
765 3833 806 3887 De
831 3832 917 3900 antiq.
935 3832 1014 3886 Eccl.
1037 3832 1114 3886 ritib.
1131 3837 1199 3888 tom.
1217 3831 1268 3899 111,
1285 3833 1332 3886 lib.

252 3917 301 3984 IV,
318 3933 362 3986 cp.
378 3921 419 3972 31.
450 3920 473 3982 ³)
492 3917 524 3970 ln
540 3916 620 3971 Actis
637 3918 677 3972 Sa.
694 3933 766 3972 saec.
786 3916 821 3982 ll,
837 3915 983 3970 Benedict
1001 3932 1063 3985 pag.
1081 3917 1146 3970 1039
1164 3914 1228 3969 edit.
1247 3914 1333 3967 Perit.

253 3999 326 4053 1669.
359 3997 381 4064 ⁴)
398 3999 439 4051 De
456 3998 535 4052 festis
551 3999 655 4053 Baetae
672 4001 779 4054 Mariae
797 3997 920 4068 Virginis
937 4015 981 4068 cp.
999 4003 1031 4054 15
1049 4018 1077 4055 n.
1093 4003 1135 4056 20.
