<?xml version="1.0" encoding="UTF-8"?>
<!DOCTYPE html PUBLIC "-//W3C//DTD XHTML 1.0 Transitional//EN"
    "http://www.w3.org/TR/xhtml1/DTD/xhtml1-transitional.dtd">
<html xmlns="http://www.w3.org/1999/xhtml" xml:lang="en" lang="en">
 <head>
  <title>
</title>
<meta http-equiv="Content-Type" content="text/html;charset=utf-8" />
  <meta name='ocr-system' content='tesseract 3.04.00' />
  <meta name='ocr-capabilities' content='ocr_page ocr_carea ocr_par ocr_line ocrx_word'/>
</head>
<body>
  <div class='ocr_page' id='page_1' title='image "./mariologiaseupo00stamgoog_0398.png"; bbox 0 0 2718 4556; ppageno 0'>
   <div class='ocr_carea' id='block_1_1' title="bbox 743 352 801 412">
    <p class='ocr_par' dir='ltr' id='par_1_1' title="bbox 743 352 801 412">
     <span class='ocr_line' id='line_1_1' title="bbox 743 352 801 412; baseline 0 0"><span class='ocrx_word' id='word_1_1' title='bbox 743 352 801 412; x_wconf 80' lang='lat'>372</span> 
     </span>
    </p>
   </div>
   <div class='ocr_carea' id='block_1_2' title="bbox 231 510 1353 903">
    <p class='ocr_par' dir='ltr' id='par_1_2' title="bbox 231 510 1353 903">
     <span class='ocr_line' id='line_1_2' title="bbox 234 510 1292 600; baseline -0.001 -22"><span class='ocrx_word' id='word_1_2' title='bbox 234 513 349 578; x_wconf 88' lang='lat' dir='ltr'>dimus.</span> <span class='ocrx_word' id='word_1_3' title='bbox 361 514 400 600; x_wconf 9' lang='lat'>¹)¹</span> <span class='ocrx_word' id='word_1_4' title='bbox 428 510 578 575; x_wconf 83' lang='lat' dir='ltr'>Ridicula</span> <span class='ocrx_word' id='word_1_5' title='bbox 604 532 736 592; x_wconf 91' lang='lat' dir='ltr'>prorsus</span> <span class='ocrx_word' id='word_1_6' title='bbox 764 533 802 576; x_wconf 92' lang='lat' dir='ltr'>ac</span> <span class='ocrx_word' id='word_1_7' title='bbox 829 533 853 575; x_wconf 86' lang='lat' dir='ltr'>a</span> <span class='ocrx_word' id='word_1_8' title='bbox 877 512 983 577; x_wconf 86' lang='lat' dir='ltr'>textui</span> <span class='ocrx_word' id='word_1_9' title='bbox 1009 519 1122 596; x_wconf 87' lang='lat' dir='ltr'>aperte</span> <span class='ocrx_word' id='word_1_10' title='bbox 1151 513 1292 578; x_wconf 87' lang='lat' dir='ltr'>contraria</span> 
     </span>
     <span class='ocr_line' id='line_1_3' title="bbox 234 609 1292 694; baseline 0 -18"><span class='ocrx_word' id='word_1_11' title='bbox 234 611 395 689; x_wconf 87' lang='lat' dir='ltr'>videntur,</span> <span class='ocrx_word' id='word_1_12' title='bbox 429 630 513 693; x_wconf 89' lang='lat' dir='ltr'>quae</span> <span class='ocrx_word' id='word_1_13' title='bbox 546 609 607 673; x_wconf 89' lang='lat' dir='ltr'>hac</span> <span class='ocrx_word' id='word_1_14' title='bbox 639 609 680 674; x_wconf 90' lang='lat' dir='ltr'>de</span> <span class='ocrx_word' id='word_1_15' title='bbox 712 631 747 674; x_wconf 89' lang='lat' dir='ltr'>re</span> <span class='ocrx_word' id='word_1_16' title='bbox 779 610 813 673; x_wconf 92' lang='lat' dir='ltr'>in</span> <span class='ocrx_word' id='word_1_17' title='bbox 845 610 1029 693; x_wconf 83' lang='lat' dir='ltr'>apocrypho</span> <span class='ocrx_word' id='word_1_18' title='bbox 1057 612 1172 676; x_wconf 86' lang='lat' dir='ltr'>Jacobi</span> <span class='ocrx_word' id='word_1_19' title='bbox 1196 619 1292 694; x_wconf 82' lang='lat' dir='ltr'>&#39;proto-</span> 
     </span>
     <span class='ocr_line' id='line_1_4' title="bbox 233 708 1292 793; baseline -0.001 -18"><span class='ocrx_word' id='word_1_20' title='bbox 233 709 433 793; x_wconf 73' lang='lat' dir='ltr'>evangeli02)</span> <span class='ocrx_word' id='word_1_21' title='bbox 463 708 615 791; x_wconf 90' lang='lat' dir='ltr'>legimus:</span> <span class='ocrx_word' id='word_1_22' title='bbox 649 708 774 789; x_wconf 80' lang='lat' dir='ltr'>„Maria</span> <span class='ocrx_word' id='word_1_23' title='bbox 802 716 937 792; x_wconf 91' lang='lat' dir='ltr'>accepta</span> <span class='ocrx_word' id='word_1_24' title='bbox 958 731 1105 793; x_wconf 83' lang='lat' dir='ltr'>purpura</span> <span class='ocrx_word' id='word_1_25' title='bbox 1132 711 1179 792; x_wconf 83' lang='lat' dir='ltr'>(et</span> <span class='ocrx_word' id='word_1_26' title='bbox 1200 714 1292 792; x_wconf 76' lang='lat' dir='ltr'>cocco)</span> 
     </span>
     <span class='ocr_line' id='line_1_5' title="bbox 231 805 1353 903; baseline -0.002 -29"><span class='ocrx_word' id='word_1_27' title='bbox 231 809 344 874; x_wconf 82' lang='lat' dir='ltr'>filavit.</span> <span class='ocrx_word' id='word_1_28' title='bbox 387 807 431 872; x_wconf 89' lang='lat' dir='ltr'>Et</span> <span class='ocrx_word' id='word_1_29' title='bbox 452 811 588 889; x_wconf 92' lang='lat' dir='ltr'>accepta</span> <span class='ocrx_word' id='word_1_30' title='bbox 608 805 723 888; x_wconf 82' lang='lat' dir='ltr'>hydria</span> <span class='ocrx_word' id='word_1_31' title='bbox 747 806 827 872; x_wconf 88' lang='lat' dir='ltr'>exiit</span> <span class='ocrx_word' id='word_1_32' title='bbox 847 807 979 872; x_wconf 91' lang='lat' dir='ltr'>haurire</span> <span class='ocrx_word' id='word_1_33' title='bbox 1003 829 1131 891; x_wconf 89' lang='lat' dir='ltr'>aquam</span> <span class='ocrx_word' id='word_1_34' title='bbox 1173 808 1214 873; x_wconf 85' lang='lat' dir='ltr'>Et</span> <span class='ocrx_word' id='word_1_35' title='bbox 1233 829 1292 872; x_wconf 90' lang='lat' dir='ltr'>cccc</span> <span class='ocrx_word' id='word_1_36' title='bbox 1350 860 1353 903; x_wconf 37' lang='grc'>1</span> 
     </span>
    </p>
   </div>
   <div class='ocr_carea' id='block_1_3' title="bbox 228 903 1352 3762">
    <p class='ocr_par' dir='ltr' id='par_1_3' title="bbox 228 903 1352 3762">
     <span class='ocr_line' id='line_1_6' title="bbox 232 903 1291 994; baseline -0.002 -22"><span class='ocrx_word' id='word_1_37' title='bbox 232 929 295 972; x_wconf 80' lang='lat' dir='ltr'>vox</span> <span class='ocrx_word' id='word_1_38' title='bbox 319 907 429 971; x_wconf 88' lang='lat' dir='ltr'>dicens</span> <span class='ocrx_word' id='word_1_39' title='bbox 450 905 514 969; x_wconf 89' lang='lat' dir='ltr'>illi:</span> <span class='ocrx_word' id='word_1_40' title='bbox 543 903 640 986; x_wconf 79' lang='lat' dir='ltr'>„Ave</span> <span class='ocrx_word' id='word_1_41' title='bbox 662 904 794 994; x_wconf 85' lang='lat' dir='ltr'>gratia</span> <span class='ocrx_word' id='word_1_42' title='bbox 815 905 941 988; x_wconf 86' lang='lat' dir='ltr'>plena,</span> <span class='ocrx_word' id='word_1_43' title='bbox 965 906 1153 972; x_wconf 84' lang='lat' dir='ltr'>Dominus</span> <span class='ocrx_word' id='word_1_44' title='bbox 1174 913 1291 982; x_wconf 88' lang='lat' dir='ltr'>tecum,</span> 
     </span>
     <span class='ocr_line' id='line_1_7' title="bbox 230 1004 1292 1090; baseline -0.001 -20"><span class='ocrx_word' id='word_1_45' title='bbox 230 1005 462 1071; x_wconf 82' lang='lat' dir='ltr'>benedicta</span> <span class='ocrx_word' id='word_1_46' title='bbox 490 1009 534 1068; x_wconf 99' lang='lat' dir='ltr'>tu</span> <span class='ocrx_word' id='word_1_47' title='bbox 559 1004 600 1068; x_wconf 90' lang='lat' dir='ltr'>in</span> <span class='ocrx_word' id='word_1_48' title='bbox 621 1004 904 1068; x_wconf 78' lang='lat' dir='ltr'>mulieribus.“</span> <span class='ocrx_word' id='word_1_49' title='bbox 947 1005 1231 1090; x_wconf 85' lang='lat' dir='ltr'>Circumspiciebat</span> <span class='ocrx_word' id='word_1_50' title='bbox 1248 1028 1292 1070; x_wconf 88' lang='lat' dir='ltr'>au·</span> 
     </span>
     <span class='ocr_line' id='line_1_8' title="bbox 232 1102 1291 1184; baseline -0.002 -13"><span class='ocrx_word' id='word_1_51' title='bbox 232 1113 300 1171; x_wconf 89' lang='lat' dir='ltr'>tem</span> <span class='ocrx_word' id='word_1_52' title='bbox 321 1104 427 1169; x_wconf 89' lang='lat' dir='ltr'>Maria</span> <span class='ocrx_word' id='word_1_53' title='bbox 448 1104 482 1167; x_wconf 93' lang='lat' dir='ltr'>in</span> <span class='ocrx_word' id='word_1_54' title='bbox 504 1102 640 1168; x_wconf 85' lang='lat' dir='ltr'>dextera</span> <span class='ocrx_word' id='word_1_55' title='bbox 663 1108 696 1168; x_wconf 88' lang='lat' dir='ltr'>et</span> <span class='ocrx_word' id='word_1_56' title='bbox 716 1103 750 1167; x_wconf 91' lang='lat' dir='ltr'>in</span> <span class='ocrx_word' id='word_1_57' title='bbox 771 1104 919 1183; x_wconf 84' lang='lat' dir='ltr'>sinistra,</span> <span class='ocrx_word' id='word_1_58' title='bbox 949 1112 987 1170; x_wconf 87' lang='lat' dir='ltr'>ut</span> <span class='ocrx_word' id='word_1_59' title='bbox 1009 1106 1121 1184; x_wconf 86' lang='lat' dir='ltr'>sciret,</span> <span class='ocrx_word' id='word_1_60' title='bbox 1150 1106 1291 1170; x_wconf 88' lang='lat' dir='ltr'>undenam</span> 
     </span>
     <span class='ocr_line' id='line_1_9' title="bbox 232 1194 1352 1270; baseline -0.003 0"><span class='ocrx_word' id='word_1_61' title='bbox 232 1205 298 1270; x_wconf 88' lang='lat' dir='ltr'>ista</span> <span class='ocrx_word' id='word_1_62' title='bbox 326 1225 387 1268; x_wconf 86' lang='lat' dir='ltr'>vox</span> <span class='ocrx_word' id='word_1_63' title='bbox 414 1202 504 1268; x_wconf 84' lang='lat' dir='ltr'>facta</span> <span class='ocrx_word' id='word_1_64' title='bbox 534 1208 626 1267; x_wconf 88' lang='lat' dir='ltr'>esset.</span> <span class='ocrx_word' id='word_1_65' title='bbox 671 1201 714 1266; x_wconf 84' lang='lat' dir='ltr'>Et</span> <span class='ocrx_word' id='word_1_66' title='bbox 742 1202 936 1268; x_wconf 88' lang='lat' dir='ltr'>tremefacta</span> <span class='ocrx_word' id='word_1_67' title='bbox 964 1194 1100 1270; x_wconf 86' lang='lat' dir='ltr'>intravit</span> <span class='ocrx_word' id='word_1_68' title='bbox 1120 1205 1154 1269; x_wconf 91' lang='lat' dir='ltr'>in</span> <span class='ocrx_word' id='word_1_69' title='bbox 1182 1205 1291 1270; x_wconf 90' lang='lat' dir='ltr'>domum</span> <span class='ocrx_word' id='word_1_70' title='bbox 1351 1215 1352 1260; x_wconf 71' lang='grc' dir='ltr'>ἒ</span> 
     </span>
     <span class='ocr_line' id='line_1_10' title="bbox 232 1300 1292 1386; baseline -0.001 -17"><span class='ocrx_word' id='word_1_71' title='bbox 232 1324 324 1369; x_wconf 91' lang='lat' dir='ltr'>suam</span> <span class='ocrx_word' id='word_1_72' title='bbox 343 1308 377 1368; x_wconf 83' lang='lat' dir='ltr'>et</span> <span class='ocrx_word' id='word_1_73' title='bbox 395 1301 546 1384; x_wconf 82' lang='lat' dir='ltr'>deposuit</span> <span class='ocrx_word' id='word_1_74' title='bbox 563 1300 711 1383; x_wconf 80' lang='lat' dir='ltr'>hydriam</span> <span class='ocrx_word' id='word_1_75' title='bbox 733 1306 767 1365; x_wconf 90' lang='lat' dir='ltr'>ct</span> <span class='ocrx_word' id='word_1_76' title='bbox 788 1309 924 1383; x_wconf 88' lang='lat' dir='ltr'>accepta</span> <span class='ocrx_word' id='word_1_77' title='bbox 944 1324 1092 1386; x_wconf 84' lang='lat' dir='ltr'>purpura</span> <span class='ocrx_word' id='word_1_78' title='bbox 1113 1304 1196 1369; x_wconf 85' lang='lat' dir='ltr'>sedit</span> <span class='ocrx_word' id='word_1_79' title='bbox 1212 1324 1292 1386; x_wconf 87' lang='lat' dir='ltr'>super</span> 
     </span>
     <span class='ocr_line' id='line_1_11' title="bbox 231 1400 1292 1484; baseline -0.003 -17"><span class='ocrx_word' id='word_1_80' title='bbox 231 1401 342 1467; x_wconf 90' lang='lat' dir='ltr'>sedem</span> <span class='ocrx_word' id='word_1_81' title='bbox 363 1421 464 1478; x_wconf 86' lang='lat' dir='ltr'>suam,</span> <span class='ocrx_word' id='word_1_82' title='bbox 487 1405 525 1464; x_wconf 93' lang='lat' dir='ltr'>ut</span> <span class='ocrx_word' id='word_1_83' title='bbox 546 1405 746 1483; x_wconf 73' lang='lat' dir='ltr'>operaretur.</span> <span class='ocrx_word' id='word_1_84' title='bbox 783 1400 827 1464; x_wconf 86' lang='lat' dir='ltr'>Et</span> <span class='ocrx_word' id='word_1_85' title='bbox 849 1422 923 1465; x_wconf 89' lang='lat' dir='ltr'>ecce</span> <span class='ocrx_word' id='word_1_86' title='bbox 944 1402 1087 1484; x_wconf 81' lang='lat' dir='ltr'>Angelus</span> <span class='ocrx_word' id='word_1_87' title='bbox 1106 1401 1231 1468; x_wconf 90' lang='lat' dir='ltr'>Domini</span> <span class='ocrx_word' id='word_1_88' title='bbox 1248 1400 1292 1466; x_wconf 89' lang='lat' dir='ltr'>ad·</span> 
     </span>
     <span class='ocr_line' id='line_1_12' title="bbox 231 1499 1352 1582; baseline -0.004 -15"><span class='ocrx_word' id='word_1_89' title='bbox 231 1501 319 1567; x_wconf 87' lang='lat' dir='ltr'>stit&#39;t</span> <span class='ocrx_word' id='word_1_90' title='bbox 340 1501 375 1564; x_wconf 92' lang='lat' dir='ltr'>in</span> <span class='ocrx_word' id='word_1_91' title='bbox 396 1505 572 1582; x_wconf 81' lang='lat' dir='ltr'>conspectu</span> <span class='ocrx_word' id='word_1_92' title='bbox 594 1499 663 1582; x_wconf 88' lang='lat' dir='ltr'>ejus</span> <span class='ocrx_word' id='word_1_93' title='bbox 685 1499 810 1564; x_wconf 90' lang='lat' dir='ltr'>dicens:</span> <span class='ocrx_word' id='word_1_94' title='bbox 841 1499 917 1582; x_wconf 82' lang='lat' dir='ltr'>„Nc</span> <span class='ocrx_word' id='word_1_95' title='bbox 946 1501 1108 1580; x_wconf 88' lang='lat' dir='ltr'>timeas,</span> <span class='ocrx_word' id='word_1_96' title='bbox 1130 1523 1149 1566; x_wconf 91' lang='lat' dir='ltr'>o</span> <span class='ocrx_word' id='word_1_97' title='bbox 1170 1501 1290 1575; x_wconf 87' lang='lat' dir='ltr'>Maria,</span> <span class='ocrx_word' id='word_1_98' title='bbox 1351 1499 1352 1556; x_wconf 80' lang='grc' dir='ltr'>ἶ</span> 
     </span>
     <span class='ocr_line' id='line_1_13' title="bbox 231 1596 1292 1680; baseline -0.004 -15"><span class='ocrx_word' id='word_1_99' title='bbox 231 1598 444 1665; x_wconf 77' lang='lat' dir='ltr'>invenisti</span> <span class='ocrx_word' id='word_1_100' title='bbox 470 1597 652 1680; x_wconf 76' lang='lat' dir='ltr'>gratiam</span> <span class='ocrx_word' id='word_1_101' title='bbox 680 1596 789 1679; x_wconf 93' lang='lat' dir='ltr'>apud</span> <span class='ocrx_word' id='word_1_102' title='bbox 817 1597 1063 1664; x_wconf 79' lang='lat' dir='ltr'>Dominum.“</span> <span class='ocrx_word' id='word_1_103' title='bbox 1106 1599 1150 1664; x_wconf 89' lang='lat' dir='ltr'>Et</span> <span class='ocrx_word' id='word_1_104' title='bbox 1177 1598 1292 1664; x_wconf 85' lang='lat' dir='ltr'>audiens</span> 
     </span>
     <span class='ocr_line' id='line_1_14' title="bbox 231 1696 1351 1781; baseline -0.006 -16"><span class='ocrx_word' id='word_1_105' title='bbox 231 1700 337 1765; x_wconf 90' lang='lat' dir='ltr'>Maria</span> <span class='ocrx_word' id='word_1_106' title='bbox 359 1697 530 1781; x_wconf 86' lang='lat' dir='ltr'>cogitando</span> <span class='ocrx_word' id='word_1_107' title='bbox 553 1696 758 1778; x_wconf 83' lang='lat' dir='ltr'>disceptabat</span> <span class='ocrx_word' id='word_1_108' title='bbox 776 1696 864 1778; x_wconf 91' lang='lat' dir='ltr'>apud</span> <span class='ocrx_word' id='word_1_109' title='bbox 882 1717 930 1761; x_wconf 86' lang='lat' dir='ltr'>se:</span> <span class='ocrx_word' id='word_1_110' title='bbox 954 1697 982 1761; x_wconf 87' lang='lat' dir='ltr'>si</span> <span class='ocrx_word' id='word_1_111' title='bbox 1002 1697 1183 1779; x_wconf 82' lang='lat' dir='ltr'>concipiam</span> <span class='ocrx_word' id='word_1_112' title='bbox 1203 1697 1292 1762; x_wconf 79' lang='lat' dir='ltr'>allec</span> <span class='ocrx_word' id='word_1_113' title='bbox 1350 1699 1351 1722; x_wconf 62' lang='lat'>.</span> 
     </span>
     <span class='ocr_line' id='line_1_15' title="bbox 230 1795 1120 1880; baseline -0.004 -17"><span class='ocrx_word' id='word_1_114' title='bbox 230 1799 357 1863; x_wconf 82' lang='lat' dir='ltr'>virente</span> <span class='ocrx_word' id='word_1_115' title='bbox 380 1803 414 1861; x_wconf 88' lang='lat' dir='ltr'>et</span> <span class='ocrx_word' id='word_1_116' title='bbox 434 1795 569 1879; x_wconf 88' lang='lat' dir='ltr'>pariam,</span> <span class='ocrx_word' id='word_1_117' title='bbox 592 1801 630 1859; x_wconf 91' lang='lat' dir='ltr'>ut</span> <span class='ocrx_word' id='word_1_118' title='bbox 651 1800 785 1878; x_wconf 85' lang='lat' dir='ltr'>generat</span> <span class='ocrx_word' id='word_1_119' title='bbox 807 1796 939 1878; x_wconf 85' lang='lat' dir='ltr'>quaevis</span> <span class='ocrx_word' id='word_1_120' title='bbox 954 1795 1120 1880; x_wconf 78' lang='lat' dir='ltr'>mulier?“</span> 
     </span>
     <span class='ocr_line' id='line_1_16' title="bbox 291 1893 1293 1960; baseline -0.004 0"><span class='ocrx_word' id='word_1_121' title='bbox 291 1895 453 1960; x_wconf 86' lang='lat' dir='ltr'>Placitum</span> <span class='ocrx_word' id='word_1_122' title='bbox 473 1894 534 1959; x_wconf 93' lang='lat' dir='ltr'>hoc</span> <span class='ocrx_word' id='word_1_123' title='bbox 555 1893 751 1959; x_wconf 84' lang='lat' dir='ltr'>fabulatoris</span> <span class='ocrx_word' id='word_1_124' title='bbox 780 1915 846 1958; x_wconf 93' lang='lat' dir='ltr'>non</span> <span class='ocrx_word' id='word_1_125' title='bbox 867 1895 972 1959; x_wconf 90' lang='lat' dir='ltr'>solum</span> <span class='ocrx_word' id='word_1_126' title='bbox 1000 1917 1040 1960; x_wconf 88' lang='lat' dir='ltr'>ss.</span> <span class='ocrx_word' id='word_1_127' title='bbox 1064 1894 1199 1960; x_wconf 88' lang='lat' dir='ltr'>Patrum</span> <span class='ocrx_word' id='word_1_128' title='bbox 1217 1893 1293 1960; x_wconf 84' lang='lat' dir='ltr'>testi·</span> 
     </span>
     <span class='ocr_line' id='line_1_17' title="bbox 230 1980 1351 2082; baseline -0.004 -22"><span class='ocrx_word' id='word_1_129' title='bbox 230 1995 347 2060; x_wconf 88' lang='lat' dir='ltr'>moniis</span> <span class='ocrx_word' id='word_1_130' title='bbox 370 2000 483 2077; x_wconf 90' lang='lat' dir='ltr'>aperte</span> <span class='ocrx_word' id='word_1_131' title='bbox 505 1993 711 2072; x_wconf 85' lang='lat' dir='ltr'>contradicit,</span> <span class='ocrx_word' id='word_1_132' title='bbox 731 1992 789 2057; x_wconf 88' lang='lat' dir='ltr'>sed</span> <span class='ocrx_word' id='word_1_133' title='bbox 810 1993 910 2057; x_wconf 88' lang='lat' dir='ltr'>etiam</span> <span class='ocrx_word' id='word_1_134' title='bbox 931 2015 955 2058; x_wconf 90' lang='lat' dir='ltr'>s.</span> <span class='ocrx_word' id='word_1_135' title='bbox 979 1980 1177 2077; x_wconf 75' lang='lat' dir='ltr'>Scripturas.</span> <span class='ocrx_word' id='word_1_136' title='bbox 1218 1992 1293 2075; x_wconf 81' lang='lat' dir='ltr'>„Non</span> <span class='ocrx_word' id='word_1_137' title='bbox 1350 2079 1351 2082; x_wconf 8' lang='grc' dir='ltr'><strong>Ἴ</strong></span> 
     </span>
     <span class='ocr_line' id='line_1_18' title="bbox 230 2091 1293 2176; baseline -0.004 -18"><span class='ocrx_word' id='word_1_138' title='bbox 230 2095 265 2158; x_wconf 92' lang='lat' dir='ltr'>in</span> <span class='ocrx_word' id='word_1_139' title='bbox 285 2093 403 2176; x_wconf 87' lang='lat' dir='ltr'>plateis</span> <span class='ocrx_word' id='word_1_140' title='bbox 426 2098 505 2170; x_wconf 88' lang='lat' dir='ltr'>crat,</span> <span class='ocrx_word' id='word_1_141' title='bbox 522 2092 570 2156; x_wconf 89' lang='lat' dir='ltr'>ait</span> <span class='ocrx_word' id='word_1_142' title='bbox 586 2091 796 2157; x_wconf 85' lang='lat' dir='ltr'>Eusebius</span> <span class='ocrx_word' id='word_1_143' title='bbox 815 2092 1072 2172; x_wconf 86' lang='lat' dir='ltr'>Emissenus‚</span> <span class='ocrx_word' id='word_1_144' title='bbox 1094 2115 1161 2158; x_wconf 91' lang='lat' dir='ltr'>non</span> <span class='ocrx_word' id='word_1_145' title='bbox 1181 2093 1213 2157; x_wconf 90' lang='lat' dir='ltr'>in</span> <span class='ocrx_word' id='word_1_146' title='bbox 1227 2091 1293 2175; x_wconf 92' lang='lat' dir='ltr'>pub·</span> 
     </span>
     <span class='ocr_line' id='line_1_19' title="bbox 229 2190 1293 2273; baseline -0.003 -16"><span class='ocrx_word' id='word_1_147' title='bbox 229 2193 292 2257; x_wconf 93' lang='lat' dir='ltr'>lico</span> <span class='ocrx_word' id='word_1_148' title='bbox 311 2190 516 2256; x_wconf 85' lang='lat' dir='ltr'>morabatur:</span> <span class='ocrx_word' id='word_1_149' title='bbox 538 2191 626 2254; x_wconf 85' lang='lat' dir='ltr'>intus</span> <span class='ocrx_word' id='word_1_150' title='bbox 649 2195 729 2268; x_wconf 88' lang='lat' dir='ltr'>erat,</span> <span class='ocrx_word' id='word_1_151' title='bbox 752 2190 786 2253; x_wconf 92' lang='lat' dir='ltr'>in</span> <span class='ocrx_word' id='word_1_152' title='bbox 806 2191 1031 2273; x_wconf 81' lang='lat' dir='ltr'>penetralibus</span> <span class='ocrx_word' id='word_1_153' title='bbox 1053 2192 1124 2257; x_wconf 86' lang='lat' dir='ltr'>sola</span> <span class='ocrx_word' id='word_1_154' title='bbox 1146 2190 1293 2257; x_wconf 79' lang='lat' dir='ltr'>sedebat.“</span> 
     </span>
     <span class='ocr_line' id='line_1_20' title="bbox 231 2287 1292 2374; baseline -0.005 -19"><span class='ocrx_word' id='word_1_155' title='bbox 231 2292 322 2374; x_wconf 76' lang='lat' dir='ltr'>„Quo</span> <span class='ocrx_word' id='word_1_156' title='bbox 343 2291 506 2373; x_wconf 86' lang='lat' dir='ltr'>ingressus</span> <span class='ocrx_word' id='word_1_157' title='bbox 528 2289 570 2353; x_wconf 92' lang='lat' dir='ltr'>ad</span> <span class='ocrx_word' id='word_1_158' title='bbox 593 2309 680 2367; x_wconf 88' lang='lat' dir='ltr'>eam,</span> <span class='ocrx_word' id='word_1_159' title='bbox 710 2289 892 2372; x_wconf 88' lang='lat' dir='ltr'>interrogat</span> <span class='ocrx_word' id='word_1_160' title='bbox 920 2311 944 2354; x_wconf 88' lang='lat' dir='ltr'>s.</span> <span class='ocrx_word' id='word_1_161' title='bbox 966 2289 1238 2372; x_wconf 73' lang='lat' dir='ltr'>Bernardusa</span> <span class='ocrx_word' id='word_1_162' title='bbox 1263 2287 1292 2351; x_wconf 91' lang='lat' dir='ltr'>de</span> 
     </span>
     <span class='ocr_line' id='line_1_21' title="bbox 231 2388 1293 2472; baseline -0.003 -18"><span class='ocrx_word' id='word_1_163' title='bbox 231 2389 361 2472; x_wconf 87' lang='lat' dir='ltr'>angelo;</span> <span class='ocrx_word' id='word_1_164' title='bbox 400 2394 483 2471; x_wconf 93' lang='lat' dir='ltr'>puto</span> <span class='ocrx_word' id='word_1_165' title='bbox 515 2389 549 2452; x_wconf 89' lang='lat' dir='ltr'>in</span> <span class='ocrx_word' id='word_1_166' title='bbox 586 2389 799 2454; x_wconf 87' lang='lat' dir='ltr'>secretarium</span> <span class='ocrx_word' id='word_1_167' title='bbox 830 2389 942 2471; x_wconf 92' lang='lat' dir='ltr'>pudici</span> <span class='ocrx_word' id='word_1_168' title='bbox 974 2390 1131 2469; x_wconf 92' lang='lat' dir='ltr'>cubiculi,</span> <span class='ocrx_word' id='word_1_169' title='bbox 1168 2391 1223 2455; x_wconf 93' lang='lat' dir='ltr'>ubi</span> <span class='ocrx_word' id='word_1_170' title='bbox 1249 2388 1293 2452; x_wconf 89' lang='lat' dir='ltr'>illa</span> 
     </span>
     <span class='ocr_line' id='line_1_22' title="bbox 229 2486 1351 2570; baseline -0.002 -18"><span class='ocrx_word' id='word_1_171' title='bbox 229 2488 369 2553; x_wconf 85' lang='lat' dir='ltr'>fortasse</span> <span class='ocrx_word' id='word_1_172' title='bbox 403 2487 513 2552; x_wconf 87' lang='lat' dir='ltr'>clauso</span> <span class='ocrx_word' id='word_1_173' title='bbox 549 2508 648 2570; x_wconf 89' lang='lat' dir='ltr'>super</span> <span class='ocrx_word' id='word_1_174' title='bbox 683 2509 717 2552; x_wconf 86' lang='lat' dir='ltr'>se</span> <span class='ocrx_word' id='word_1_175' title='bbox 753 2488 836 2553; x_wconf 89' lang='lat' dir='ltr'>ostio</span> <span class='ocrx_word' id='word_1_176' title='bbox 873 2488 990 2553; x_wconf 90' lang='lat' dir='ltr'>orabat</span> <span class='ocrx_word' id='word_1_177' title='bbox 1020 2487 1153 2554; x_wconf 89' lang='lat' dir='ltr'>Patrem</span> <span class='ocrx_word' id='word_1_178' title='bbox 1186 2489 1219 2553; x_wconf 90' lang='lat' dir='ltr'>in</span> <span class='ocrx_word' id='word_1_179' title='bbox 1250 2486 1293 2552; x_wconf 89' lang='lat' dir='ltr'>ab·</span> <span class='ocrx_word' id='word_1_180' title='bbox 1347 2516 1351 2563; x_wconf 62' lang='lat' dir='ltr'>p</span> 
     </span>
     <span class='ocr_line' id='line_1_23' title="bbox 230 2587 1351 2655; baseline 0.001 -1"><span class='ocrx_word' id='word_1_181' title='bbox 230 2587 410 2654; x_wconf 79' lang='lat' dir='ltr'>scondito.“</span> <span class='ocrx_word' id='word_1_182' title='bbox 1349 2646 1351 2655; x_wconf 93' lang='lat'>.</span> 
     </span>
     <span class='ocr_line' id='line_1_24' title="bbox 291 2673 1351 2770; baseline -0.003 -19"><span class='ocrx_word' id='word_1_183' title='bbox 291 2685 407 2751; x_wconf 86' lang='lat' dir='ltr'>Nonne</span> <span class='ocrx_word' id='word_1_184' title='bbox 446 2706 544 2769; x_wconf 92' lang='lat' dir='ltr'>porro</span> <span class='ocrx_word' id='word_1_185' title='bbox 589 2707 613 2750; x_wconf 90' lang='lat' dir='ltr'>s.</span> <span class='ocrx_word' id='word_1_186' title='bbox 652 2684 861 2768; x_wconf 83' lang='lat' dir='ltr'>Evangelista</span> <span class='ocrx_word' id='word_1_187' title='bbox 900 2673 1024 2764; x_wconf 40' lang='lat' dir='ltr'>docet(</span> <span class='ocrx_word' id='word_1_188' title='bbox 1055 2685 1215 2770; x_wconf 86' lang='lat' dir='ltr'>Angelum</span> <span class='ocrx_word' id='word_1_189' title='bbox 1249 2686 1293 2749; x_wconf 88' lang='lat' dir='ltr'>in·</span> <span class='ocrx_word' id='word_1_190' title='bbox 1349 2684 1351 2693; x_wconf 74' lang='grc'>’</span> 
     </span>
     <span class='ocr_line' id='line_1_25' title="bbox 230 2784 1293 2872; baseline -0.003 -22"><span class='ocrx_word' id='word_1_191' title='bbox 230 2807 419 2872; x_wconf 61' lang='grc' dir='ltr'>ςτθεεμω</span> <span class='ocrx_word' id='word_1_192' title='bbox 446 2784 548 2850; x_wconf 83' lang='lat' dir='ltr'>fuisse</span> <span class='ocrx_word' id='word_1_193' title='bbox 575 2785 617 2850; x_wconf 89' lang='lat' dir='ltr'>ad</span> <span class='ocrx_word' id='word_1_194' title='bbox 645 2785 676 2849; x_wconf 89' lang='lat' dir='ltr'>b.</span> <span class='ocrx_word' id='word_1_195' title='bbox 704 2784 892 2868; x_wconf 77' lang='lat' dir='ltr'>Virginem?</span> <span class='ocrx_word' id='word_1_196' title='bbox 930 2785 1017 2850; x_wconf 89' lang='lat' dir='ltr'>Num</span> <span class='ocrx_word' id='word_1_197' title='bbox 1043 2786 1207 2869; x_wconf 88' lang='lat' dir='ltr'>ingressus</span> <span class='ocrx_word' id='word_1_198' title='bbox 1233 2805 1293 2850; x_wconf 80' lang='lat' dir='ltr'>vem</span> 
     </span>
     <span class='ocr_line' id='line_1_26' title="bbox 229 2877 1292 2967; baseline -0.005 -17"><span class='ocrx_word' id='word_1_199' title='bbox 229 2885 363 2964; x_wconf 87' lang='lat' dir='ltr'>fuisset,</span> <span class='ocrx_word' id='word_1_200' title='bbox 403 2884 431 2948; x_wconf 88' lang='lat' dir='ltr'>si</span> <span class='ocrx_word' id='word_1_201' title='bbox 463 2905 535 2948; x_wconf 88' lang='lat' dir='ltr'>eam</span> <span class='ocrx_word' id='word_1_202' title='bbox 570 2883 613 2948; x_wconf 92' lang='lat' dir='ltr'>ad</span> <span class='ocrx_word' id='word_1_203' title='bbox 643 2882 770 2949; x_wconf 84' lang='lat' dir='ltr'>fontem</span> <span class='ocrx_word' id='word_1_204' title='bbox 799 2877 940 2967; x_wconf 84' lang='lat' dir='ltr'>positam</span> <span class='ocrx_word' id='word_1_205' title='bbox 975 2884 1139 2950; x_wconf 83' lang='lat' dir='ltr'>allocutus</span> <span class='ocrx_word' id='word_1_206' title='bbox 1174 2883 1292 2950; x_wconf 80' lang='lat' dir='ltr'>luisset?</span> 
     </span>
     <span class='ocr_line' id='line_1_27' title="bbox 228 2982 1291 3066; baseline -0.001 -18"><span class='ocrx_word' id='word_1_207' title='bbox 228 2984 381 3048; x_wconf 86' lang='lat' dir='ltr'>Insanam</span> <span class='ocrx_word' id='word_1_208' title='bbox 403 2982 487 3047; x_wconf 92' lang='lat' dir='ltr'>hanc</span> <span class='ocrx_word' id='word_1_209' title='bbox 509 2982 695 3064; x_wconf 89' lang='lat' dir='ltr'>opinionem</span> <span class='ocrx_word' id='word_1_210' title='bbox 715 2983 838 3066; x_wconf 89' lang='lat' dir='ltr'>optime</span> <span class='ocrx_word' id='word_1_211' title='bbox 860 2983 983 3049; x_wconf 84' lang='lat' dir='ltr'>refellit</span> <span class='ocrx_word' id='word_1_212' title='bbox 1011 2984 1291 3062; x_wconf 72' lang='lat' dir='ltr'>Maldonatns4)</span> 
     </span>
     <span class='ocr_line' id='line_1_28' title="bbox 230 3080 1290 3163; baseline -0.003 -17"><span class='ocrx_word' id='word_1_213' title='bbox 230 3081 357 3146; x_wconf 91' lang='lat' dir='ltr'>dicens:</span> <span class='ocrx_word' id='word_1_214' title='bbox 391 3080 540 3163; x_wconf 80' lang='lat' dir='ltr'>„Indicat</span> <span class='ocrx_word' id='word_1_215' title='bbox 558 3103 592 3145; x_wconf 84' lang='lat' dir='ltr'>s.</span> <span class='ocrx_word' id='word_1_216' title='bbox 614 3081 734 3160; x_wconf 89' lang='lat' dir='ltr'>Lucas,</span> <span class='ocrx_word' id='word_1_217' title='bbox 757 3081 896 3146; x_wconf 88' lang='lat' dir='ltr'>Mariam</span> <span class='ocrx_word' id='word_1_218' title='bbox 923 3103 998 3146; x_wconf 79' lang='lat' dir='ltr'>vere</span> <span class='ocrx_word' id='word_1_219' title='bbox 1019 3082 1121 3148; x_wconf 88' lang='lat' dir='ltr'>fuisse</span> <span class='ocrx_word' id='word_1_220' title='bbox 1141 3081 1290 3156; x_wconf 76' lang='lat' dir='ltr'>Haalmab</span> 
     </span>
     <span class='ocr_line' id='line_1_29' title="bbox 229 3179 1290 3265; baseline -0.005 -21"><span class='ocrx_word' id='word_1_221' title='bbox 229 3179 250 3244; x_wconf 97' lang='lat' dir='ltr'>i.</span> <span class='ocrx_word' id='word_1_222' title='bbox 274 3201 300 3244; x_wconf 91' lang='lat' dir='ltr'>e.</span> <span class='ocrx_word' id='word_1_223' title='bbox 323 3179 527 3244; x_wconf 89' lang='lat' dir='ltr'>reconditam</span> <span class='ocrx_word' id='word_1_224' title='bbox 547 3179 638 3244; x_wconf 88' lang='lat' dir='ltr'>illam</span> <span class='ocrx_word' id='word_1_225' title='bbox 660 3180 833 3263; x_wconf 80' lang='lat' dir='ltr'>virginem,</span> <span class='ocrx_word' id='word_1_226' title='bbox 861 3201 960 3263; x_wconf 89' lang='lat' dir='ltr'>quam</span> <span class='ocrx_word' id='word_1_227' title='bbox 980 3180 1083 3246; x_wconf 79' lang='lat' dir='ltr'>Isaiae</span> <span class='ocrx_word' id='word_1_228' title='bbox 1104 3181 1290 3265; x_wconf 83' lang='lat' dir='ltr'>praedixerat</span> 
     </span>
     <span class='ocr_line' id='line_1_30' title="bbox 229 3276 1291 3363; baseline -0.003 -20"><span class='ocrx_word' id='word_1_229' title='bbox 229 3280 426 3362; x_wconf 90' lang='lat' dir='ltr'>parituram,</span> <span class='ocrx_word' id='word_1_230' title='bbox 449 3301 550 3362; x_wconf 91' lang='lat' dir='ltr'>quum</span> <span class='ocrx_word' id='word_1_231' title='bbox 570 3279 604 3344; x_wconf 92' lang='lat' dir='ltr'>in</span> <span class='ocrx_word' id='word_1_232' title='bbox 624 3280 786 3363; x_wconf 89' lang='lat' dir='ltr'>penetrali</span> <span class='ocrx_word' id='word_1_233' title='bbox 806 3279 982 3346; x_wconf 86' lang='lat' dir='ltr'>habitaret.</span> <span class='ocrx_word' id='word_1_234' title='bbox 1026 3281 1099 3358; x_wconf 78' lang='lat' dir='ltr'>Qua</span> <span class='ocrx_word' id='word_1_235' title='bbox 1120 3281 1160 3345; x_wconf 92' lang='lat' dir='ltr'>de</span> <span class='ocrx_word' id='word_1_236' title='bbox 1181 3302 1228 3358; x_wconf 89' lang='lat' dir='ltr'>rc,</span> <span class='ocrx_word' id='word_1_237' title='bbox 1248 3276 1291 3360; x_wconf 93' lang='lat' dir='ltr'>qui</span> 
     </span>
     <span class='ocr_line' id='line_1_31' title="bbox 228 3378 1289 3463; baseline -0.002 -21"><span class='ocrx_word' id='word_1_238' title='bbox 228 3379 326 3444; x_wconf 89' lang='lat' dir='ltr'>hodie</span> <span class='ocrx_word' id='word_1_239' title='bbox 348 3378 502 3446; x_wconf 89' lang='lat' dir='ltr'>dubitant</span> <span class='ocrx_word' id='word_1_240' title='bbox 516 3379 684 3458; x_wconf 89' lang='lat' dir='ltr'>haeretici,</span> <span class='ocrx_word' id='word_1_241' title='bbox 703 3385 736 3444; x_wconf 92' lang='lat' dir='ltr'>et</span> <span class='ocrx_word' id='word_1_242' title='bbox 754 3379 842 3463; x_wconf 90' lang='lat' dir='ltr'>apud</span> <span class='ocrx_word' id='word_1_243' title='bbox 860 3386 1034 3462; x_wconf 90' lang='lat' dir='ltr'>cognatum</span> <span class='ocrx_word' id='word_1_244' title='bbox 1054 3379 1196 3463; x_wconf 89' lang='lat' dir='ltr'>aliquem</span> <span class='ocrx_word' id='word_1_245' title='bbox 1215 3395 1289 3443; x_wconf 85' lang='lat' dir='ltr'>suun</span> 
     </span>
     <span class='ocr_line' id='line_1_32' title="bbox 230 3475 1288 3562; baseline -0.007 -18"><span class='ocrx_word' id='word_1_246' title='bbox 230 3499 305 3544; x_wconf 91' lang='lat' dir='ltr'>cum</span> <span class='ocrx_word' id='word_1_247' title='bbox 332 3477 459 3544; x_wconf 89' lang='lat' dir='ltr'>ancillis</span> <span class='ocrx_word' id='word_1_248' title='bbox 487 3477 692 3543; x_wconf 89' lang='lat' dir='ltr'>laborantem</span> <span class='ocrx_word' id='word_1_249' title='bbox 719 3477 821 3544; x_wconf 80' lang='lat' dir='ltr'>fuisse</span> <span class='ocrx_word' id='word_1_250' title='bbox 849 3479 977 3544; x_wconf 91' lang='lat' dir='ltr'>malunt</span> <span class='ocrx_word' id='word_1_251' title='bbox 1005 3479 1154 3558; x_wconf 89' lang='lat' dir='ltr'>credere,</span> <span class='ocrx_word' id='word_1_252' title='bbox 1179 3475 1288 3562; x_wconf 87' lang='lat' dir='ltr'>judaico</span> 
     </span>
     <span class='ocr_line' id='line_1_33' title="bbox 230 3576 1288 3663; baseline -0.004 -21"><span class='ocrx_word' id='word_1_253' title='bbox 230 3577 311 3642; x_wconf 90' lang='lat' dir='ltr'>mihi</span> <span class='ocrx_word' id='word_1_254' title='bbox 332 3597 402 3642; x_wconf 87' lang='lat' dir='ltr'>esse</span> <span class='ocrx_word' id='word_1_255' title='bbox 423 3576 576 3642; x_wconf 81' lang='lat' dir='ltr'>videntur</span> <span class='ocrx_word' id='word_1_256' title='bbox 596 3578 735 3661; x_wconf 90' lang='lat' dir='ltr'>ingenio.</span> <span class='ocrx_word' id='word_1_257' title='bbox 773 3578 891 3662; x_wconf 89' lang='lat' dir='ltr'>Itaque</span> <span class='ocrx_word' id='word_1_258' title='bbox 912 3600 977 3644; x_wconf 91' lang='lat' dir='ltr'>non</span> <span class='ocrx_word' id='word_1_259' title='bbox 997 3579 1100 3663; x_wconf 89' lang='lat' dir='ltr'>magis</span> <span class='ocrx_word' id='word_1_260' title='bbox 1122 3579 1193 3657; x_wconf 86' lang='lat' dir='ltr'>illis,</span> <span class='ocrx_word' id='word_1_261' title='bbox 1211 3593 1288 3660; x_wconf 85' lang='lat' dir='ltr'>quam</span> 
     </span>
     <span class='ocr_line' id='line_1_34' title="bbox 230 3668 1289 3762; baseline -0.008 -21"><span class='ocrx_word' id='word_1_262' title='bbox 230 3675 415 3758; x_wconf 86' lang='lat' dir='ltr'>apocrypho</span> <span class='ocrx_word' id='word_1_263' title='bbox 455 3675 543 3742; x_wconf 87' lang='lat' dir='ltr'>illius</span> <span class='ocrx_word' id='word_1_264' title='bbox 581 3676 839 3760; x_wconf 81' lang='lat' dir='ltr'>protoerangelii</span> <span class='ocrx_word' id='word_1_265' title='bbox 882 3678 1025 3757; x_wconf 91' lang='lat' dir='ltr'>auctori,</span> <span class='ocrx_word' id='word_1_266' title='bbox 1072 3677 1160 3762; x_wconf 88' lang='lat' dir='ltr'>quod</span> <span class='ocrx_word' id='word_1_267' title='bbox 1193 3668 1289 3742; x_wconf 86' lang='lat' dir='ltr'>Jacobi</span> 
     </span>
    </p>
   </div>
   <div class='ocr_carea' id='block_1_4' title="bbox 230 3891 1286 4060">
    <p class='ocr_par' dir='ltr' id='par_1_4' title="bbox 230 3891 1286 4060">
     <span class='ocr_line' id='line_1_35' title="bbox 298 3891 1286 3979; baseline -0.01 -16"><span class='ocrx_word' id='word_1_268' title='bbox 298 3907 318 3973; x_wconf 91' lang='lat'>¹)</span> <span class='ocrx_word' id='word_1_269' title='bbox 342 3906 397 3962; x_wconf 85' lang='lat' dir='ltr'>Cfr.</span> <span class='ocrx_word' id='word_1_270' title='bbox 420 3924 483 3977; x_wconf 83' lang='lat' dir='ltr'>pag.</span> <span class='ocrx_word' id='word_1_271' title='bbox 500 3909 550 3962; x_wconf 84' lang='lat'>298</span> <span class='ocrx_word' id='word_1_272' title='bbox 573 3925 631 3978; x_wconf 78' lang='lat' dir='ltr'>sqq.</span> <span class='ocrx_word' id='word_1_273' title='bbox 672 3907 694 3974; x_wconf 80' lang='lat'>¹)</span> <span class='ocrx_word' id='word_1_274' title='bbox 717 3907 798 3963; x_wconf 83' lang='lat' dir='ltr'>Num.</span> <span class='ocrx_word' id='word_1_275' title='bbox 816 3911 849 3964; x_wconf 91' lang='grc'>10</span> <span class='ocrx_word' id='word_1_276' title='bbox 870 3927 911 3979; x_wconf 84' lang='lat' dir='ltr'>sq.</span> <span class='ocrx_word' id='word_1_277' title='bbox 935 3926 998 3979; x_wconf 83' lang='lat' dir='ltr'>pag.</span> <span class='ocrx_word' id='word_1_278' title='bbox 1020 3911 1062 3966; x_wconf 79' lang='lat'>91.</span> <span class='ocrx_word' id='word_1_279' title='bbox 1096 3908 1166 3965; x_wconf 85' lang='lat' dir='ltr'>Edit</span> <span class='ocrx_word' id='word_1_280' title='bbox 1179 3891 1286 3962; x_wconf 75' lang='lat' dir='ltr'>Fabricii.</span> 
     </span>
     <span class='ocr_line' id='line_1_36' title="bbox 230 3987 904 4060; baseline 0.006 -17"><span class='ocrx_word' id='word_1_281' title='bbox 230 3988 252 4056; x_wconf 77' lang='lat'>⁸)</span> <span class='ocrx_word' id='word_1_282' title='bbox 269 3987 358 4058; x_wconf 84' lang='lat' dir='ltr'>Super</span> <span class='ocrx_word' id='word_1_283' title='bbox 374 3989 474 4046; x_wconf 80' lang='lat' dir='ltr'>Missus</span> <span class='ocrx_word' id='word_1_284' title='bbox 491 3990 564 4047; x_wconf 89' lang='lat' dir='ltr'>hom.</span> <span class='ocrx_word' id='word_1_285' title='bbox 580 3993 605 4046; x_wconf 81' lang='grc'>3.</span> <span class='ocrx_word' id='word_1_286' title='bbox 637 3990 659 4058; x_wconf 83' lang='lat'>⁴)</span> <span class='ocrx_word' id='word_1_287' title='bbox 677 3989 722 4044; x_wconf 86' lang='lat' dir='ltr'>Ad</span> <span class='ocrx_word' id='word_1_288' title='bbox 739 3989 806 4046; x_wconf 83' lang='lat' dir='ltr'>Luc.</span> <span class='ocrx_word' id='word_1_289' title='bbox 824 3989 846 4060; x_wconf 77' lang='lat' dir='ltr'>l,</span> <span class='ocrx_word' id='word_1_290' title='bbox 863 3993 904 4048; x_wconf 83' lang='lat'>28.</span> 
     </span>
    </p>
   </div>
   <div class='ocr_carea' id='block_1_5' title="bbox 0 0 1364 4556">
    <p class='ocr_par' dir='ltr' id='par_1_5' title="bbox 0 0 1364 4556">
     <span class='ocr_line' id='line_1_37' title="bbox 0 0 1364 4556; baseline 0 1"><span class='ocrx_word' id='word_1_291' title='bbox 0 0 1364 4556; x_wconf 95' lang='lat' dir='ltr'> </span> 
     </span>
    </p>
   </div>
  </div>
 </body>
</html>
