2728 4554
570 347 631 408 407

124 510 158 588 Si
184 509 320 576 alterius
349 507 532 574 sententiae
554 507 687 590 patroni
715 527 864 591 magnam
892 507 1139 576 adventantium

6 659 7 662 η
66 608 278 694 frequentiam
297 612 465 685 metuunt,
497 611 576 672 tunc
604 613 792 690 supponunt
820 627 885 674 non
917 610 1138 692 supponenda,

67 708 93 772 b.
118 709 282 792 Virginem
308 727 424 789 nempe
452 711 528 788 post
559 727 584 770 s.
612 705 747 770 loannis
775 707 982 772 nativitatem
1011 709 1138 774 tamdiu

67 808 147 890 apud
167 806 389 872 Elisabetham
416 805 648 888 permansisse,
678 812 716 869 ut
745 827 855 870 omnes
884 807 924 872 de
952 807 1014 873 hoc
1039 816 1139 891 partu

66 907 170 972 audire
199 913 233 972 et
261 906 304 970 ad
324 903 527 970 felicissimos
548 911 702 986 parentes
730 903 915 970 felicitandi
940 928 1039 972 causa
1067 929 1137 974 sese

65 1005 193 1070 reddere
214 1011 357 1088 possent.
402 1002 467 1068 Sed
491 1002 553 1067 hoc
582 1001 702 1067 falsum
730 1009 795 1082 est;
825 1025 891 1069 una
912 1005 1054 1071 alterave
1084 997 1154 1071 die'

65 1109 133 1185 post
159 1127 188 1170 s,
205 1103 430 1168 Praecursoris
458 1102 665 1168 nativitatem
690 1103 721 1167 b.
744 1101 911 1186 Virginem
938 1105 1072 1170 rediisse
1099 1106 1137 1170 li-

66 1201 246 1269 bentissime
269 1202 438 1267 credimus.

120 1303 358 1369 Concludamus
386 1301 611 1385 quaestionem
636 1301 720 1366 hanc
748 1301 855 1365 verbis
884 1323 907 1366 s.
930 1301 1041 1367 Petri
1066 1303 1137 1368 Da·

65 1401 185 1466 miani.
197 1403 221 1484 ¹)
264 1401 462 1483 ,Fortassis,
492 1400 615 1483 inquit,
647 1420 750 1484 usque
779 1400 813 1464 in
842 1400 928 1466 diem
955 1401 1136 1468 nativitatis

6 1552 7 1556 ,
65 1501 126 1582 ejus
146 1501 288 1584 gloriosa
308 1500 407 1583 Virgo
437 1521 510 1564 cum
538 1506 676 1582 cognata
697 1521 756 1564 sua
784 1506 911 1564 morata
940 1507 1004 1578 est,
1034 1500 1136 1566 donec

64 1619 193 1680 puerum
209 1607 325 1664 natum
346 1600 419 1664 sinu
436 1599 624 1664 beatissimo
647 1598 849 1664 confoveret:
874 1605 908 1664 et
927 1620 992 1664 uno
1009 1601 1135 1682 pariete

6 1783 7 1786 Ἴ
65 1706 197 1778 remoto,
237 1698 504 1782 propinquiorem
538 1697 691 1763 redderet
723 1699 928 1782 praesentiae
960 1696 1134 1764 Creatoris.

64 1791 296 1862 Facile'autem
317 1797 379 1862 hoc
404 1817 444 1862 ex
463 1796 639 1881 Evangelio
662 1797 846 1880 conjectare
867 1797 954 1876 licet,
974 1797 1051 1882 quia
1069 1799 1136 1880 jam

65 1915 115 1959 sex
132 1917 259 1962 menses
287 1918 308 1962 a
328 1896 541 1978 conceptione
560 1895 695 1961 loannis
725 1895 941 1975 defluxerant,
973 1918 1074 1979 quum
1094 1897 1136 1961 ad

6 1982 7 1986 ¹
64 1991 219 2076 Virginem
236 1994 457 2079 Archangelus
475 1996 592 2060 missus
612 2002 670 2074 est,
687 1997 744 2079 qui
762 1995 1007 2060 renovationem
1025 1996 1137 2061 mundi

65 2093 174 2172 pudori
194 2095 336 2177 virgineo
358 2116 441 2159 nova
462 2094 662 2159 salutatione
679 2095 832 2177 portavit.
875 2094 925 2157 Ex
945 2094 1020 2158 hinc
1035 2094 1134 2178 Virgo

65 2188 190 2257 festinat
217 2192 260 2258 ad
281 2193 451 2258 Elisabeth
479 2200 512 2259 et
539 2193 646 2259 tribus
674 2193 838 2258 mensibus
859 2195 1047 2276 praesentia
1077 2216 1136 2259 sua

66 2297 212 2372 cognatae
249 2292 404 2376 dignatur
433 2293 627 2375 hospitium,
669 2292 771 2358 donec
806 2293 883 2358 noni
918 2293 1037 2360 mensis
1070 2293 1135 2360 fine

66 2391 215 2469 concluso,
238 2392 393 2458 nativitas
414 2391 563 2457 imminet
583 2391 824 2457 Patriarohae.“

549 2576 581 2659 q.
604 2572 640 2641 4.

101 2709 154 2775 De
181 2712 292 2792 urbe,
323 2734 438 2796 quam
469 2735 493 2778 s.
521 2709 743 2778 Zacharias
771 2719 960 2797 tempore
989 2716 1093 2780 nati-

251 2812 405 2877 vitatis
435 2833 459 2876 s.
485 2811 663 2877 loannis
692 2812 936 2878 incoluerit.

119 2949 206 3014 Nihil
227 2952 310 3016 certi
330 2951 392 3016 hac
421 2951 461 3016 de
483 2951 673 3036 quaestione
695 2973 735 3016 ex
763 2957 857 3017 textu
878 2952 998 3017 biblico
1021 2974 1134 3018 eruere

67 3066 233 3127 possumus.
277 3045 502 3135 ,Exurgens
529 3059 665 3116 autem·
686 3050 820 3129 Maria,
848 3058 962 3116 narrat
983 3074 1007 3116 s.
1029 3052 1134 3118 Lucas
1167 3058 1168 3062 ’

67 3143 304 3233 Evangehsa,2)
332 3151 371 3214 in
392 3150 531 3215 diebus
553 3150 638 3214 illis
659 3150 763 3215 abiit
784 3150 823 3214 in
844 3156 1029 3216 montana
1051 3173 1135 3216 cum

67 3242 330 3328 festinatione,
359 3250 399 3314 in
428 3249 635 3314 civitatem
662 3248 819 3313 Judae.“
867 3248 1025 3330 ,Tantum
1055 3249 1134 3314 dicit

68 3339 168 3426 Lucas,
182 3348 288 3413 Judae
302 3349 468 3412 civitatem
482 3347 591 3426 fuisse,
609 3348 762 3430 opinatur
776 3347 1067 3432 Maldonatus,³)
1086 3355 1132 3429 ut,

68 3442 122 3508 nisi
140 3445 250 3526 fallor,
274 3447 441 3527 ostendat,
464 3447 596 3531 longum
617 3446 717 3512 fuisse
739 3447 815 3525 iter,
840 3468 940 3529 quum
960 3447 1133 3527 Nazareth,

68 3541 116 3606 ubi
134 3546 231 3629 Virgo
252 3546 441 3624 habitabat,
470 3545 506 3610 in
527 3545 689 3625 Galilaea,
720 3546 834 3612 domus
862 3567 937 3611 vero
959 3547 1134 3612 Zachariae

68 3638 97 3702 in
114 3643 235 3708 Judaea
256 3645 373 3709 esset.“
415 3643 463 3710 Ne
486 3665 561 3728 ergo
583 3645 719 3722 mireris,
743 3644 971 3729 quoddiversi
992 3646 1134 3712 diversas

69 3734 120 3803 hac
140 3740 178 3806 de
199 3762 234 3806 re
256 3742 290 3806 in
311 3743 454 3808 medium
473 3744 672 3827 protulerint
692 3744 880 3810 sententias.

7 3983 8 3986 Ἴ
70 3983 88 4038 L
125 3907 143 3975 ¹)
158 3910 244 4045 Serlm.
260 3909 338 3976 Xlll,
355 3909 390 3964 de
407 3908 523 3965 Nativit.
540 3926 561 3964 s.
578 3909 704 3966 Joannis.
739 3909 761 3978 ²)
780 3909 801 3978 1,
817 3913 858 3965 39.
898 3913 919 3980 ³)
937 3911 1089 3966 comment,
1107 3910 1136 3964 in

89 4005 126 4045 110·
141 4009 183 4064 ep.
218 3995 282 4059 ,tta
