2730 4564
563 381 600 440 ffl

46 548 212 624 perpetua,
242 538 465 622 pestilentiam
485 539 612 621 patriae
641 539 798 605 scribitur
818 549 998 624 spontance
1018 552 1123 610 morte

46 641 186 720 solvisse3
216 646 250 704 et
270 637 458 721 Iphigeniae
486 638 618 721 virginis
647 640 777 722 sanguis
804 640 956 707 adversos
976 643 1123 725 placasse

46 747 157 804 ventos.
197 738 282 816 Quid
300 736 441 802 referam
456 737 594 820 Sibyllae
607 738 813 803 Erithraeam
829 746 928 823 atque
946 741 1124 808 Cumauam

47 847 166 906 010010
192 838 354 920 reliquas;
383 858 460 901 nam
480 837 584 903 Varro
606 838 718 903 decem
739 837 840 904 fuisse
862 847 1020 920 autumat,
1045 865 1123 925 qua·

45 959 107 1001 rum
132 938 261 1020 insigne
289 936 457 1018 virginitas
486 943 535 1001 est
564 943 598 1001 01
624 937 820 1020 virginitatis
841 940 1023 1020 praemium
1045 940 1123 1005 divi-

45 1037 155 1100 nati0.“
209 1037 312 1114 Quas,
347 1035 409 1100 etsi
441 1034 528 1100 iuter
559 1034 706 1100 infideles
738 1036 992 1121 idololatrasque
1024 1046 1122 1104 natae

45 1135 158 1200 11011111
196 1142 231 1200 01
268 1134 442 1215 educatae,
481 1125 673 1216 prophetiae
709 1135 837 1199 ornavit
870 1134 1005 1216 donum,
1046 1139 1122 1219 quia

45 1234 174 1316 rirgines
196 1232 345 1310 fuerunt,
375 1233 423 1297 110
444 1239 482 1297 ut
508 1233 683 1316 prophetia
704 1233 901 1316 virginitatis
922 1242 1008 1300 esset
1028 1257 1121 1318 prae-

44 1333 142 1396 mium.
188 1331 427 1414 ,Cassandram
455 1352 584 1414 quoque
612 1338 646 1396 et
667 1331 824 1414 Chryseiu
850 1339 941 1398 10100
962 1334 1121 1418 Apollinis

44 1453 75 1494 ao
88 1431 227 1496 Juuouis
247 1429 387 1512 virgines
408 1429 544 1512 legimus
562 1436 596 1494 et
613 1430 800 1496 sacerdotes
817 1430 942 1498 Dianae
963 1433 1120 1499 Tauricae

43 1537 71 1594 01
89 1531 210 1596 Vestae
232 1527 484 1594 innumerabiles
507 1529 735 1594 exstiterunt.“

95 1629 236 1694 Romani
271 1649 347 1693 suas
380 1627 546 1692 habebant
572 1628 727 1710 uirgines.
778 1628 863 1707 Quid
897 1630 1037 1696 mirum?
1074 1632 1121 1698 Ut

43 1733 176 1808 taceam,
206 1728 349 1792 animam
370 1725 566 1792 naturaliter
586 1726 799 1792 christianam
820 1749 885 1792 non
905 1750 1017 1811 posse,
1041 1731 1120 1813 quin

44 1827 247 1892 christianam
278 1826 475 1909 virginitatis
503 1826 659 1890 virtutem
684 1833 839 1908 agnoscat
870 1835 904 1892 et
930 1828 1118 1908 admiretur,

43 1947 138 1992 uonuc
161 1927 265 1992 etiam
287 1925 452 2003 diabolus,
483 1946 619 2007 operum
640 1925 703 1989 Dei
730 1926 892 2004 aemulus,
921 1927 1029 1992 omnia
1050 1927 1120 1992 vult

44 2024 169 2104 imitari,
205 2046 291 2108 quae
319 2024 407 2095 Deus
439 2022 543 2088 facit?
582 2023 722 2088 Adorari
754 2025 844 2106 cupit
875 2025 1053 2109 haberique
1082 2035 1120 2092 ut

44 2123 136 2204 Deus3
159 2125 233 2190 vult
247 2124 311 2188 sibi
326 2121 510 2201 sacrificari,
529 2143 604 2187 suos
621 2122 742 2187 habere
760 2123 925 2189 desiderat
943 2125 1118 2207 apostolos,

45 2225 97 2304 qui·
111 2225 180 2307 ejus
203 2244 333 2291 errores
353 2221 545 2304 praedicent
567 2229 600 2287 et
621 2222 806 2302 mendacia;
827 2231 987 2308 martyres
1010 2226 1117 2303 etiam,

45 2325 91 2405 qui
104 2347 162 2406 pro
185 2323 352 2389 erroribus
369 2321 526 2405 falsisque
546 2322 702 2386 doctrinis
721 2323 804 2387 mori
821 2324 1031 2406 praeeligent.
1066 2325 1117 2390 Sic

45 2422 133 2488 voluit
150 2424 254 2488 etiam
268 2423 390 2487 habere
408 2422 557 2505 virgines,
576 2443 660 2506 quae
676 2423 896 2504 virginitatem
913 2424 944 2488 01
960 2423 1116 2504 dicarent,

44 2529 75 2586 ut
92 2524 232 2606 virgines
252 2522 329 2586 illae
352 2522 476 2586 Dianae
499 2543 537 2586 ac
558 2521 688 2587 Vestae.

94 2622 183 2687 luter
215 2621 339 2703 templa
374 2642 475 2685 unum
509 2627 581 2685 erat
616 2627 840 2686 consecratum
875 2622 955 2687 deae
987 2622 1115 2688 Vestae.

44 2717 75 2780 lu
104 2743 166 2804 quo
201 2719 293 2784 nulla
323 2719 443 2784 Vestae
479 2718 598 2802 effigies
632 2720 893 2802 conspiciebatur
925 2728 984 2786 aut
1019 2722 1117 2786 simu·

45 2815 171 2898 lacrum,
203 2819 282 2902 quia
302 2823 446 2884 testante
468 2840 492 2882 0.
514 2817 736 2902 Augustino
752 2821 776 2902 ¹)
804 2818 939 2886 Vestam
960 2821 1006 2884 nil
1027 2821 1118 2887 aliud

46 2936 103 2981 esse
139 2917 387 2997 existimabant,
428 2939 526 3001 quam
565 2918 706 2983 animam
745 2925 779 2984 et
817 2918 961 2985 divinum
999 2921 1115 3003 iguem,

46 3017 92 3096 qui
120 3018 229 3082 animo
261 3017 458 3099 concipitur,
492 3016 595 3081 oculis
627 3037 692 3081 non
723 3016 861 3082 videtur.
916 3018 1022 3095 Quare
1055 3019 1117 3084 hoc

46 3117 152 3198 templo
172 3115 256 3180 nihil
271 3116 456 3181 habebatur
477 3116 630 3181 sanctius.
666 3117 848 3199 Perpetuus
864 3118 898 3180 in
919 3139 957 3182 eo
979 3118 1117 3184 ardebat

46 3211 123 3293 iguis,
145 3215 199 3280 0111
220 3214 359 3280 fovendo
380 3216 520 3298 virgines
542 3215 617 3280 illae
642 3216 781 3280 vestales
804 3223 898 3281 erant
918 3217 1114 3300 praefectae.

47 3309 152 3396 Siqua
179 3335 293 3380 earum
314 3313 539 3380 fornicatiouis
565 3313 667 3379 fuerit
688 3316 850 3394 convicta,
879 3315 951 3395 viva
972 3314 1116 3380 defodie-

46 3406 137 3476 batur.
188 3412 531 3496 1,01011111010010110
561 3413 668 3497 inquit
694 3436 717 3478 s.
746 3414 1007 3498 Hieronymus
1034 3415 1054 3478 l.
1078 3437 1114 3494 0.,

47 3528 133 3589 quum
153 3513 188 3576 in
217 3513 433 3595 suspicionem
461 3513 602 3578 venisset
628 3514 735 3597 stupri
765 3521 799 3579 et
820 3513 1028 3580 simulacrum
1048 3536 1116 3580 ma-

48 3609 97 3673 tris
115 3611 232 3677 Idaeae
259 3613 294 3676 iu
321 3612 400 3678 rado
427 3612 553 3676 Tiberis
578 3612 744 3691 haereret,
772 3612 816 3677 ad
842 3613 1116 3696 comprobandam

48 3708 225 3786 pudicitiam
256 3733 348 3776 suam
384 3710 491 3776 fertur
527 3713 655 3794 cingulo
689 3711 818 3777 duxisse
849 3734 978 3792 11010111,
1019 3723 1117 3796 quam

48 3807 137 3873 multa
163 3810 268 3875 millia
295 3811 461 3876 hominum
490 3811 620 3876 trahere
649 3812 893 3894 nequiverant.“
938 3813 1007 3890 Quo
1037 3812 1117 3895 quid

54 3949 234 3964 5——

103 4023 934 4160 WffiffiffiQwQfflfflffiQffiss
