2814 4548
419 523 686 634 ΑΡΡΕΝΒΙΧ
730 523 792 634 Ν.

66 725 97 793 S.
119 727 325 796 DEIPARAE
352 727 597 816 Assumo
625 727 858 796 CORPOREA
883 729 932 797 nt
959 729 1147 799 cortun.

122 879 319 974 Perplurimi
348 890 486 956 Concilii
506 892 659 958 Vaticani
686 899 799 975 patres
829 892 1027 976 gravissimis
1057 893 1149 959 ducti

63 989 245 1054 rationibus
277 989 485 1055 devotissime
518 990 811 1075 ardentissimeque
843 991 1080 1076 efflagitarunt,
1112 999 1150 1059 ut

64 1085 103 1151 de
132 1087 281 1152 doctrina
309 1109 487 1170 corporeae
515 1090 658 1174 Virginis
687 1091 929 1173 Assumptionis
957 1093 992 1156 in
1023 1092 1149 1157 coelum

64 1185 246 1251 Concilium
266 1187 374 1270 ipsum
394 1189 588 1254 tractaverit
611 1189 869 1273 dogmaticeque,
892 1191 921 1255 si
942 1191 1005 1273 ipsi
1026 1191 1150 1256 videre·

63 1290 134 1364 tur,
165 1285 344 1364 definierit,
374 1287 598 1353 beatissimam
620 1289 788 1370 Virginem
816 1309 952 1371 corpore
982 1296 1016 1354 et
1041 1290 1150 1355 anima

62 1383 153 1448 coelo
181 1384 296 1450 adesse
315 1384 489 1476 ⁸viventem
515 1387 626 1470 ibique
655 1386 698 1451 ad
718 1386 795 1450 Filii
822 1387 874 1451 sui
902 1386 1150 1452 similitudinem

61 1481 202 1563 gloriose
223 1490 423 1566 regnantem.
469 1484 541 1549 Non
562 1485 744 1568 potuimus,
767 1484 847 1567 quin
868 1485 932 1551 duo
954 1486 1065 1568 priora
1086 1485 1149 1550 sal·

61 1587 129 1646 tem
149 1582 352 1666 postulatal)
377 1590 411 1650 et
432 1583 564 1668 quidem
586 1606 606 1651 a
623 1585 774 1668 plurimis
792 1584 942 1668 patribus
963 1583 1149 1666 subscripta
1196 1595 1199 1604 ’

61 1679 114 1745 hic
138 1682 382 1765 subjungamus.

592 1814 621 1882 1.

195 1913 454 1979 Eminentissimi
476 1920 576 1996 atque
599 1915 864 1980 excellentissimi
884 1914 1014 1978 Patres!

123 2030 330 2095 Postulatum
362 2053 381 2095 a
412 2030 498 2095 fere
532 2031 593 2095 bis
631 2039 789 2097 centum
820 2031 974 2096 Patribus
1007 2028 1148 2094 Concilii

59 2129 213 2195 Vaticani
235 2129 464 2194 Cardinalibus
489 2130 622 2208 scilicet,
645 2130 853 2208 Patriarchis‚
876 2127 1146 2210 Arehiepisoopis

58 2227 247 2312 Episcopis,
278 2228 408 2293 Nullius
438 2228 639 2306 Abbatibus,
670 2236 703 2294 et
732 2228 891 2312 supremis
914 2225 1149 2293 sodalitiorum

58 2327 273 2409 Regularium
305 2327 584 2405 Moderatoribus‚
618 2327 780 2410 germanis
812 2346 925 2391 sensus
956 2325 1059 2389 totius
1086 2324 1148 2388 Ec-

59 2426 180 2491 clesiae
203 2426 450 2508 interpretibus,
474 2425 681 2509 obsignatum
702 2425 888 2491 incredibili
908 2425 1037 2489 laetitia
1058 2424 1149 2489 exul·

58 2531 172 2589 tantes
199 2523 300 2588 Vobis
330 2523 528 2588 exhibemus.
578 2526 617 2589 In
646 2547 683 2590 eo
713 2525 800 2589 enim
830 2524 872 2589 ad
900 2524 1056 2606 majorem
1086 2522 1148 2586 Dei

57 2622 136 2686 Filii
169 2629 269 2706 atque
302 2623 464 2706 Deiparae
503 2622 656 2705 gloriam,
694 2623 736 2688 ad
768 2623 967 2688 ineffabilem
1003 2621 1149 2687 omnium

127 2821 147 2884 ¹)
167 2819 278 2888 „Etiam
303 2819 332 2872 in
356 2835 386 2874 se
410 2822 551 2888 spectata,
577 2822 655 2874 notat
679 2819 807 2888 apprime
832 2819 923 2888 quoad
940 2819 1079 2888 postulata
1101 2836 1148 2888 ge·
1257 2848 1259 2852 ·

54 2902 195 2958 moraliter
211 2905 322 2970 sumpta
339 2902 374 2957 cl.
390 2901 437 2956 Dr.
455 2901 560 2955 blattin
578 2901 619 2967 (in
636 2900 809 2970 praefatione
827 2901 920 2969 operis
937 2902 980 2956 sui
998 2899 1148 2965 „Omnium

55 2985 180 3040 Concilii
197 2983 328 3040 Vaticani
351 3000 422 3052 quae
446 2983 483 3036 ad
505 2983 661 3037 doctrinam
684 2987 714 3036 et
735 2983 912 3050 disciplinam
934 2985 1077 3052 pertinent
1099 2981 1147 3035 do·

54 3069 254 3122 camentorum
279 3065 439 3133 collecti0“)
468 3065 537 3120 haee
567 3065 707 3133 postulata
736 3065 831 3133 magni
860 3063 945 3131 pretii
975 3063 1148 3118 aestimanda

53 3152 133 3204 sunt.
167 3148 238 3204 Sunt
261 3150 335 3202 enim
360 3148 429 3202 haee
453 3147 572 3203 concilii
595 3148 797 3202 documenta
822 3147 907 3200 etiam
932 3145 1045 3214 egregia
1068 3144 1148 3213 hujus

54 3232 194 3300 temporis
217 3231 348 3286 historiae
371 3232 577 3288 ecclesiastieae
602 3235 827 3286 monumenta.
859 3228 930 3284 Nam
953 3231 1082 3282 auctores
1102 3227 1149 3282 hu·

54 3315 130 3368 bent
145 3315 327 3368 ecclesiarum
350 3315 490 3369 antistites
513 3331 549 3369 ex
566 3317 627 3369 toto
651 3313 719 3368 orbe
736 3316 876 3368 terrarum
899 3310 930 3364 in
950 3308 1005 3363 hoc
1022 3307 1148 3386 Concilio

54 3395 246 3462 coadunatos,
270 3397 318 3466 qui
335 3397 418 3451 modo
439 3396 555 3467 singuli,
580 3397 664 3451 modo
687 3412 750 3451 cum
768 3393 893 3468 pluribus
916 3393 978 3446 aliis
996 3390 1148 3444 earundem

53 3478 196 3534 eeclesiae
208 3478 418 3544 provinciarum
435 3479 572 3547 episcopis
589 3477 732 3547 conjuncti
748 3477 791 3530 his
808 3475 865 3530 suis
880 3475 1028 3544 postulatis
1044 3474 1148 3528 diserte

53 3562 220 3626 enuntiant,
252 3560 416 3628 quibusnam
439 3561 652 3616 necessitatibus
675 3561 705 3615 in
722 3577 829 3629 quaque
852 3563 992 3613 terrarum
1007 3559 1088 3625 parte
1106 3573 1150 3610 ee·

53 3643 146 3699 clesia
167 3647 324 3710 prematur,
347 3659 364 3697 a
381 3644 546 3712 quibusnam
570 3645 746 3713 potissimum
763 3641 975 3698 medicamentis
992 3639 1149 3706 vulnerum,

53 3742 130 3796 quae
147 3725 203 3794 ipsi
226 3725 332 3780 inflicta
349 3726 419 3792 sint,
450 3727 557 3781 sanatio
575 3726 750 3796 expectanda
771 3726 822 3792 sit,
846 3724 1011 3794 quibusnam
1028 3722 1147 3791 denique

52 3807 160 3862 mediis
176 3808 261 3862 totius
285 3809 418 3863 eeclesiae
435 3807 540 3863 bouum
565 3811 775 3878 animarumque
798 3809 871 3862 salus
888 3824 924 3862 ex
945 3805 1070 3876 ipsorum
1087 3822 1148 3859 sen·

51 3890 150 3947 tentia
171 3890 291 3944 maxime
309 3891 468 3959 promoveri
491 3894 587 3960 possit.
621 3891 696 3959 Quae
719 3891 830 3959 quidem
855 3888 991 3959 ejusmodi
1013 3892 1091 3952 sunt,
1117 3893 1149 3944 ut

51 3971 188 4027 hodierni
201 3971 336 4027 ecelesiae
349 3977 437 4028 status
451 3973 532 4027 nobis
546 3974 637 4028 vivam
652 3974 731 4040 quasi
743 3973 894 4041 imaginem
908 3967 1148 4042 repraesentent.“
