2718 4556
755 343 815 404 364
845 309 848 315 ’

304 533 330 587 γ.
371 503 545 568 Zacharias
582 502 707 568 nullam
742 503 888 568 habebat
919 502 1080 566 rationem
1118 504 1240 586 signum
1268 505 1310 568 vel

243 605 426 688 exemplum
459 602 652 686 quaerendi;
688 601 777 667 illius
806 601 891 666 enim
925 602 974 664 rei
998 601 1066 685 jam
1100 603 1205 666 multa
1229 625 1311 686 prae·

182 703 184 707 ’
242 709 410 768 cesserunt
439 701 587 783 exempla
615 723 662 784 vg.
687 701 781 780 Sara,
811 701 972 778 Rebecca,
1002 700 1096 765 Anna
1118 707 1179 766 etc.
1222 703 1311 766 Maria

240 823 316 867 vcro
348 823 414 866 non
445 800 625 883 postulavit
656 801 798 882 signum,
837 798 982 882 quamvis
1015 798 1142 864 nullum
1173 801 1311 866 habuerit

242 901 380 966 saeculis
409 899 573 982 prioribus
603 899 801 981 exemplum,
832 905 871 962 ut
896 899 985 980 virgo
1007 907 1149 981 pareret.
1194 901 1228 966 Si
1246 921 1310 982 ergo

241 1002 364 1066 Mariae
396 1000 495 1065 verba
526 999 645 1063 similia
676 998 828 1062 videntur
860 998 968 1062 verbis
999 998 1194 1079 Zachariae,
1229 1021 1309 1063 sensu

164 1181 166 1185 Ι
240 1107 351 1164 tamen
389 1105 422 1164 et
454 1105 563 1162 mente
603 1104 681 1163 sunt
713 1097 941 1162 diversissima.
997 1097 1103 1174 Quare
1144 1121 1170 1163 s.
1202 1101 1310 1180 Augu·

241 1200 387 1264 stinus:
422 1198 477 1280 ,si
498 1198 597 1261 verba
626 1197 850 1275 attendamus,
879 1197 968 1260 haud
989 1196 1086 1260 ambo
1116 1198 1309 1262 credidemnt

241 1299 414 1363 Zacharias
446 1303 480 1362 ct
510 1296 624 1361 Maria.
680 1295 744 1360 Sed
776 1317 835 1360 nos
869 1295 968 1360 verba
1003 1296 1202 1375 audivimus,
1235 1297 1307 1360 Dens

240 1404 351 1481 potest
380 1397 479 1462 corda
506 1397 717 1478 interrogare.
768 1395 984 1477 intelligimus
1014 1394 1211 1474 charissimi,
1243 1416 1307 1478 quo-

241 1496 329 1560 niam
350 1495 539 1572 Zacharias,
569 1495 699 1578 quando
730 1496 793 1560 ait:
829 1495 891 1558 Per
920 1495 999 1577 quid
1028 1517 1220 1578 cognoscam
1239 1494 1307 1559 hoc?

240 1596 309 1677 Ego
332 1616 403 1658 sum
425 1615 523 1657 senex
543 1594 746 1676 desperando
773 1593 863 1671 dixit,
886 1615 951 1658 non
973 1593 1177 1676 inquirendo.
1220 1595 1307 1658 Maria

241 1715 317 1758 vero
346 1714 362 1756 e
390 1693 564 1770 contrario,
595 1692 724 1775 quando
754 1692 817 1756 ait:
850 1692 1069 1773 „Quomodo
1098 1693 1176 1758 fiet
1203 1691 1304 1768 istud,

241 1794 426 1878 quoniam
458 1793 584 1856 virum
615 1813 690 1856 non
729 1792 964 1874 cognosco?“
1003 1792 1197 1874 inquirendo
1227 1791 1304 1866 dixit,

240 1915 305 1957 non
327 1890 538 1974 desperando.
582 1891 688 1968 Quum
711 1892 934 1973 interrogavit,
956 1913 1021 1956 non
1047 1892 1087 1956 de
1109 1893 1304 1975 promissione

242 1992 436 2057 dubitavit.“

303 2097 330 2157 d.
365 2091 459 2169 Quod
478 2088 652 2153 Zacharias
680 2110 715 2154 re
744 2111 820 2158 vera
850 2090 1061 2168 dubitaverit,
1090 2097 1186 2173 patet
1211 2111 1246 2152 ex
1264 2108 1304 2152 re-

241 2191 412 2274 sponsione
431 2188 547 2272 Angeli
568 2194 602 2252 et
620 2209 659 2251 ex
677 2189 847 2271 punitione
869 2181 1034 2253 dubitanti
1052 2189 1190 2254 inflicta:
1212 2187 1303 2270 „Eris

239 2296 377 2354 tacens
407 2293 445 2352 et
471 2308 547 2351 non
573 2288 727 2371 poteris
754 2288 865 2370 loqui
893 2309 1016 2370 usque
1046 2289 1085 2352 iu
1112 2289 1221 2365 diem,
1243 2305 1302 2368 quo

133 2405 135 2410 '
239 2388 336 2453 haee
365 2387 484 2466 fiant,
517 2409 676 2471 proeo,
711 2388 814 2470 quod
842 2409 916 2452 non
944 2387 1162 2452 credidisti
1189 2383 1303 2450 verbis

240 2487 344 2565 mela,
369 2509 466 2571 quae
495 2486 769 2570 implebuntur
789 2488 828 2550 in
850 2495 1028 2570 tempore
1050 2489 1150 2552 suo.“
1161 2487 1185 2567 ²)
1226 2482 1302 2548 Unde

240 2587 269 2651 d.
293 2587 558 2669 Ambrosius³)
586 2587 686 2652 verba
706 2587 882 2652 Zachariae
904 2587 1023 2669 ,verba
1051 2608 1117 2650 non
1138 2579 1300 2650 credentisd

239 2686 399 2770 appellat,
430 2707 489 2767 ,ac
510 2692 645 2769 propter
673 2707 745 2750 cam
773 2686 1038 2751 incredulitatem
1062 2687 1236 2750 Zachariae
1255 2700 1301 2744 vox

238 2793 353 2869 erepta
374 2787 454 2850 est.“
496 2785 555 2867 ,In
575 2784 641 2848 illis
662 2785 769 2849 verbis
791 2785 980 2864 Zachariae,
1004 2785 1123 2850 asserit
1150 2807 1174 2848 s.
1197 2785 1300 2863 Augu·

239 2885 413 2966 stinus,⁴)
444 2905 510 2946 non
531 2882 631 2946 fuisse
659 2881 772 2962 fidem,
803 2883 861 2946 sed
883 2884 1124 2948 dubitationem
1153 2889 1187 2947 et
1208 2881 1300 2960 despe-

238 2984 414 3061 rationem,
440 2981 583 3066 Angelus
604 2982 702 3062 vidit3
734 2982 765 3047 h.
783 2982 882 3066 Virgo
904 3004 979 3048 vero
1002 2983 1134 3048 modum
1151 2977 1299 3065 quaesivit,

238 3105 303 3147 non
332 3083 372 3147 de
402 3083 463 3146 Dei
492 3082 729 3165 omnipotentia
758 3082 950 3148 dubitavit.“
989 3083 1109 3147 ¹Verba
1141 3103 1214 3164 ergo
1230 3075 1300 3142 'Dei-

238 3203 337 3264 parae
359 3202 423 3245 non
452 3187 529 3244 sunt
549 3181 648 3244 verba
677 3180 850 3246 diffidentis
878 3181 929 3246 vel
958 3182 1157 3258 dubitantis,
1187 3178 1239 3244 scd
1262 3177 1300 3238 in·

239 3280 399 3364 quirentis
420 3279 530 3361 potius
553 3285 587 3344 et
608 3280 810 3344 admirantis,
845 3281 981 3363 „Verbis
1003 3281 1069 3344 tuis
1092 3280 1196 3358 credo,
1214 3279 1298 3340 intro·

239 3379 330 3442 ducit
351 3377 501 3459 Arias5)¹
521 3376 551 3440 b.
572 3378 738 3460 Virginem
759 3379 955 3461 loquentem,
976 3380 1152 3444 adventum
1169 3375 1295 3446 Messias,

238 3499 334 3562 quem
363 3483 400 3540 tu
428 3497 523 3540 vocas
545 3477 705 3542 Altissimi
727 3478 789 3543 Dei
810 3479 928 3544 Filium
956 3485 1129 3560 tantopere
1156 3474 1296 3541 desidera-

237 3584 324 3655 tum,
357 3575 508 3639 similiter
536 3575 642 3640 credo.
692 3577 800 3641 Unum
828 3584 958 3642 tantum
991 3578 1150 3656 admiror,
1182 3595 1229 3640 me
1253 3571 1295 3633 de·

238 3675 359 3759 signari
380 3674 456 3740 talis
484 3675 544 3738 filii
564 3681 717 3755 matrem,
747 3698 847 3759 quum
876 3699 933 3760 ego
960 3677 1087 3741 nullum
1114 3671 1293 3760 cognoverim

304 3907 324 3973 ¹)
343 3906 423 3961 Hom.
440 3909 471 3960 43
489 3908 564 3962 inter
580 3911 613 3963 50
629 3925 672 3977 cp.
690 3912 713 3964 5.
752 3910 773 3975 ²)
792 3909 857 3964 Luc.
875 3909 897 3974 I,
915 3912 954 3964 90.
996 3913 1016 3976 8)
1034 3911 1184 3964 comment
1199 3908 1225 3960 ln
1241 3904 1293 3958 huc.

237 3985 258 4042 1.
291 3990 314 4055 ⁴)
332 3990 418 4044 Serm.
434 3993 482 4044 291
501 3996 567 4046 tom.
584 3995 607 4047 5.
641 3995 663 4057 ὅ)
682 3993 723 4046 De
741 3992 900 4047 Imitatione
918 3995 948 4048 B.
966 3994 1098 4062 Virginis.
