2718 4556
759 354 818 414 304

245 516 287 580 de
302 521 395 580 textu
410 511 560 595 sequenti
576 531 614 574 ex
627 511 752 576 Oscae
772 513 947 595 prophetia
957 514 981 594 ¹)
1000 513 1205 597 deprompto:
1228 515 1301 596 „Non

245 613 384 678 visitabo
407 633 504 694 super
524 609 608 674 filias
629 615 768 688 vestras,
803 634 903 694 quum
930 612 1054 676 fuerint
1081 611 1252 678 fornicatae
1277 623 1300 680 et

246 732 344 795 super
372 729 545 792 sponsas,
565 714 720 772 vestras
750 731 849 790 quum
881 709 1226 776 adulteraverint.
1247 762 1253 775 .
1271 762 1299 775 ..

244 809 390 874 Filiabus
423 806 598 873 ascribitur
629 806 819 888 fornicatio,
853 810 979 892 sponsis
1011 831 1086 874 vero
1119 811 1301 890 adulterium,

245 908 335 992 quod
355 905 591 990 praesupponit
612 906 863 972 matrimonium.

307 1007 338 1071 b.
381 1007 418 1070 ln
458 1004 565 1085 Novo
607 1011 849 1071 testamento
890 1007 1037 1073 Ecclesia
1079 1010 1205 1093 saepius
1241 1011 1302 1076 lesu

246 1101 369 1172 Christi
400 1126 518 1188 sponsa
547 1104 748 1187 appellatur3
783 1127 859 1170 nam
890 1107 1134 1173 matrimonium
1165 1132 1234 1174 cum
1260 1109 1302 1173 illo

243 1205 280 1268 in
308 1205 505 1288 baptismate
538 1203 675 1285 aliisque
708 1201 919 1268 sacramentis
938 1213 1153 1282 *contractum
1183 1209 1302 1274 nondun

246 1310 297 1370 est
329 1310 594 1369 consummatum.
645 1302 715 1368 Hac
743 1303 875 1368 notione
903 1326 1096 1387 praecursor
1124 1307 1247 1372 Domini
1272 1307 1303 1372 ad

245 1401 550 1480 demonstrandum,
587 1422 623 1465 se
661 1423 727 1466 non
764 1423 833 1466 esse
869 1403 1056 1496 Messiamq
1076 1406 1172 1488 „Qui
1206 1408 1302 1472 habet

245 1525 444 1587 sponsam,
478 1501 601 1584 inquit,
634 1523 800 1584 sponsus
833 1504 924 1568 est.“
974 1505 1150 1587 Dispensat
1178 1507 1302 1572 Christus

246 1602 421 1684 Apostolos
448 1601 490 1665 ab
513 1601 712 1685 obligatione
739 1602 908 1688 jejunandi
934 1610 1095 1686 tempore,
1131 1628 1194 1689 quo
1220 1605 1303 1672 adhuc

243 1701 405 1765 cumillis
434 1706 533 1779 esset;
566 1701 634 1766 rita
663 1701 749 1764 enim
771 1722 830 1765 sua
852 1708 982 1766 terrena
1008 1703 1212 1785 significabat
1230 1699 1303 1788 ¹quai

242 1799 444 1865 matrimonii
472 1799 742 1864 celebrationem:
779 1799 965 1883 „Numquid
993 1810 1131 1884 possunt
1159 1803 1216 1868 filii
1240 1825 1302 1884 nup·

244 1901 375 1979 tiarum,
399 1900 554 1983 quamdiu
577 1921 713 1982 sponsus
736 1899 895 1964 cumillis
918 1908 975 1978 est,
995 1901 1185 1983 jejunare?“

306 1999 413 2076 Quare
436 2020 512 2081 crgo
530 1998 625 2063 Jesus
644 1999 793 2064 Christus
810 1999 974 2064 Ecclesiae
996 2000 1169 2066 militantis
1190 2021 1302 2085 sponsus

243 2099 452 2162 nominatur?
485 2098 569 2175 Quia
590 2120 702 2162 verum
731 2121 805 2163 cum
825 2098 882 2162 illa
903 2099 1056 2182 illiusque
1078 2101 1228 2165 membris
1246 2121 1303 2164 cou-

244 2199 346 2263 traxit
366 2199 617 2263 matrimonium.
662 2199 792 2281 Optime
821 2206 855 2263 et
877 2199 1080 2264 exactissime
1109 2223 1133 2265 s.
1158 2202 1302 2284 Scriptura

242 2298 436 2362 relationem
465 2297 631 2365 Christum
658 2299 745 2363 inter
778 2304 811 2363 et
840 2299 1019 2364 Ecclesiam
1048 2299 1237 2365 existentem
1261 2298 1302 2360 de·

242 2403 353 2475 notat3
386 2397 548 2480 loquendo
578 2397 618 2461 de
647 2398 764 2462 unione
786 2397 951 2462 Ecclesiae
980 2397 1014 2460 in
1042 2398 1134 2462 coelo
1164 2420 1231 2463 eam
1253 2416 1302 2459 non

241 2495 383 2577 amplius
406 2496 597 2578 „sponsam“
619 2495 779 2578 appellat,
810 2496 867 2560 sed
896 2497 1107 2577 „uxorem.“
1147 2497 1256 2578 „Veni
1273 2501 1301 2556 et

226 2595 451 2676 ostendam
472 2595 550 2659 tibi
572 2616 731 2660 uxorem
752 2595 873 2678 agni.“
915 2594 1261 2682 Matrimoniumenim
1278 2593 1301 2656 in

242 2693 334 2758 coelo
367 2700 611 2766 consummatur
643 2694 934 2759 communicatione
963 2694 1107 2758 omnium
1140 2695 1302 2760 divitiarum

242 2792 453 2875 omniumque
476 2792 658 2857 divinarum
679 2793 924 2876 perfectionum.

212 2967 215 2973 ι
305 2890 414 2955 Alium
434 2891 510 2956 novi
531 2892 721 2956 testamenti
743 2891 864 2969 locum,
895 2913 934 2956 ex
956 2914 1020 2975 quo
1041 2894 1214 2960 terminum
1238 2891 1303 2973 „de

240 2990 453 3074 sponsata“
483 2990 659 3056 terminum
687 2991 730 3055 ad
757 2990 863 3056 minus
893 3012 962 3056 esse
983 2993 1228 3076 perambiguum
1252 2991 1302 3055 cla·

242 3089 369 3163 rissime¹
409 3095 517 3172 patet,
559 3089 770 3172 Evangelium
815 3111 838 3153 s.
880 3089 987 3154 Lucae
1000 3091 1025 3172 2)
1069 3093 1165 3158 nobis
1207 3090 1301 3156 offert:

242 3187 456 3270 „Ascendit
487 3194 618 3252 autem
651 3194 690 3252 et
716 3186 864 3269 Joseph
895 3209 914 3252 a
947 3189 1130 3257 Galilaea
1152 3243 1158 3257 .
1183 3242 1189 3257 .
1210 3241 1217 3256 .

242 3292 286 3351 ut
316 3284 588 3369 profiteretur
619 3307 702 3351 cum
731 3284 856 3350 Maria
887 3286 1092 3374 desponsata
1119 3291 1189 3360 sibi
1214 3305 1301 3357 uxore

239 3385 515 3468 praegnante.“
558 3384 691 3449 Modum
713 3384 867 3467 loquendi
889 3408 912 3450 s.
937 3387 1126 3470 Scripturas
1148 3411 1241 3472 supra
1260 3407 1302 3450 er-

241 3485 385 3566 positum
403 3483 549 3567 aliasque
567 3484 828 3548 circumstantias
847 3484 928 3549 benc
947 3486 1174 3569 significantes,
1193 3483 1302 3552 etiarnsi

241 3603 356 3665 urgere
379 3582 531 3660 nolimus,
563 3603 656 3647 nemo
678 3603 796 3664 negare
818 3581 957 3665 poterit,
987 3587 1117 3652 nomine
1139 3589 1301 3670 „despon-

241 3682 347 3746 sata“
380 3680 432 3744 hic
465 3702 530 3744 non
562 3701 656 3763 posse
690 3681 843 3764 intelligi,
876 3683 940 3747 nisi
967 3685 1149 3768 Virginem,
1181 3703 1301 3770 quacun

236 3801 265 3843 s.
287 3779 410 3860 Joseph
437 3799 550 3842 rerum
571 3801 609 3844 ac
632 3786 739 3843 ratum
762 3787 972 3846 contraxerat
992 3785 1238 3850 matrimonium.

308 3995 326 4057 ¹)
345 3992 391 4057 lV,
409 3995 448 4047 14.
483 3995 504 4060 Ε)
524 3992 560 4060 ΙΙ,
577 3998 600 4049 4.
620 4013 658 4064 sq.
