2772 4550
540 357 599 417 543
641 325 643 331 ’

96 516 141 580 De
162 522 318 599 tempore,
348 539 412 600 quo
441 517 475 582 in
504 516 686 582 Ecclesia
715 517 887 584 Romana
913 519 995 584 haec
1015 519 1108 585 festi-

41 615 115 678 vitas
139 615 299 680 celebrari
325 616 484 698 coeperit,
514 622 664 680 auctores
692 617 780 681 inter
807 638 842 682 se
871 617 1003 683 minime
1033 641 1107 684 con-

41 715 181 779 sentiunt.
234 715 392 797 Tempore
427 737 451 778 s.
480 714 640 778 Bernardi
672 715 851 780 certissime
885 717 932 781 ibi
963 717 1107 782 nondum

41 821 102 878 erat
135 814 323 879 introducta
357 813 496 896 ideoque
527 812 761 896 Lugdunenses
797 814 978 880 canonicos
1013 816 1108 880 vehe-

40 920 154 977 menter
174 913 381 996 increpabat,
411 912 499 995 quod
526 933 663 994 „novam
690 913 845 978 inducere
872 914 1036 980 voluerint
1056 935 1108 980 ce-

40 1010 230 1091 lebritatem,
274 1033 373 1094 quam
411 1012 495 1076 ritus
534 1011 700 1076 Ecclesiae
741 1011 934 1094 (Romanae)
972 1013 1107 1079 nescit.“

40 1109 182 1175 Nonnulli
211 1117 322 1176 aetate
352 1132 374 1174 s.
398 1110 646 1175 Bonaventurae
674 1110 736 1175 hoc
764 1110 886 1175 festum
907 1111 1029 1176 Romae
1058 1133 1109 1177 ce·
1220 1123 1222 1126 ’

39 1207 148 1273 lebrari
177 1215 330 1292 coeptum
357 1230 427 1274 esse
454 1215 636 1274 autumant.
678 1209 779 1275 Juxta
804 1209 1023 1289 Balnzinm,
1053 1211 1109 1294 qni

38 1307 67 1370 in
100 1310 186 1374 notis
224 1309 268 1374 ad
306 1309 390 1373 vitas
420 1307 585 1390 Paparum
617 1308 889 1374 Avenicnensium
920 1309 1109 1374 testimonia

40 1405 124 1473 affert
146 1408 368 1492 speculatoris
389 1407 519 1472 saeculo
540 1407 629 1471 XIII.
657 1415 691 1473 et
711 1407 846 1473 loannis
867 1408 1018 1473 Andreae
1039 1430 1110 1474 sae-

40 1507 102 1572 culo
122 1507 206 1572 XIV.
237 1507 437 1584 florentium,
466 1506 584 1570 horum
612 1506 747 1571 testium
774 1514 921 1589 tempore
948 1507 1110 1571 festivitas

40 1603 259 1690 Conceptionis
287 1607 453 1672 celebrata
480 1612 539 1671 est.
583 1607 621 1670 ln
649 1606 884 1672 constitutione
913 1629 972 1671 sua
998 1607 1038 1671 II.
1061 1608 1109 1672 ait

41 1702 164 1770 Sixtus
193 1705 270 1770 IV.:
308 1706 413 1787 „Sane
442 1727 543 1789 quum
573 1711 688 1769 sancta
715 1705 862 1768 Romana
889 1704 1037 1770 Ecclesia
1068 1705 1109 1769 de

38 1801 242 1870 intemeratae
265 1825 456 1887 semperque
477 1803 620 1886 Virginis
641 1803 765 1868 Mariae
786 1803 1007 1886 Conceptione
1027 1803 1110 1886 pub·

39 1900 91 1966 lice
116 1902 238 1968 festum
266 1903 455 1968 solemniter
483 1902 657 1966 celebret.“
701 1901 900 1984 „Clemens
928 1902 988 1966 IX.
1020 1908 1109 1967 octa-

38 2021 101 2064 vam
130 2001 259 2067 addidit
291 2009 325 2067 et
354 2001 533 2066 Clemens
561 2001 621 2066 XI.
650 2001 693 2065 ad
724 2001 953 2084 Oonceptionis
985 2001 1109 2066 Mariae

39 2103 270 2166 venerationem
292 2107 326 2165 et
347 2100 472 2165 cultum
495 2099 758 2183 amplificandum
779 2099 891 2177 voluit,
913 2100 997 2165 hanc
1017 2100 1110 2165 fest-i·

38 2199 164 2265 vitatem
186 2222 227 2264 ex
247 2201 287 2265 iis
317 2221 403 2279 esse,
433 2221 516 2284 quae
545 2201 579 2265 in
601 2206 674 2264 tota
702 2196 1048 2264 universali‘lioclesia
1069 2199 1109 2264 de

39 2307 205 2384 praecepto
227 2299 465 2365 celebrantur.“
476 2301 500 2381 ¹)

522 2501 556 2583 s.
580 2496 613 2565 a.

101 2647 261 2712 Festum
289 2644 530 2710 Nativitatis
558 2645 818 2710 beatissimae
847 2642 1036 2725 Virginis.

265 2793 271 2808 .
362 2744 432 2808 Die
462 2749 489 2808 8.
521 2743 778 2826 Septembris.

92 2894 146 2975 „si
176 2892 329 2958 Natalem
360 2893 510 2971 Ioannis,
542 2892 652 2974 inquit
678 2893 753 2974 jure
786 2890 903 2954 merito
935 2910 1015 2954 ven.
1045 2889 1113 2954 Ca-

38 2993 207 3075 nisius‚²)
237 2993 294 3076 qui
314 2999 444 3056 tantum
465 3012 583 3075 praeco
611 2997 644 3055 et
667 3011 863 3073 praecursor
883 2988 1015 3054 Domini
1036 2986 1110 3067 fuit,

38 3089 83 3154 die
110 3099 199 3158 stato
228 3092 361 3174 rituque
387 3090 519 3173 publico
548 3089 807 3165 cohonestamus,
838 3095 872 3152 et
892 3088 1009 3171 Angeli
1029 3087 1113 3152 vati-

38 3190 151 3256 cinium
190 3191 291 3254 illud:
333 3188 470 3271 „Multi
509 3189 549 3253 in
587 3188 806 3252 nativitate
846 3186 931 3268 ejus
970 3185 1113 3268 gaude-

38 3289 200 3373 bunt,“³)
232 3291 276 3356 ad
304 3311 363 3355 nos
391 3308 520 3372 quoque
548 3288 715 3371 pertinere
736 3307 816 3369 prae
844 3283 938 3349 nobis
966 3283 1111 3363 ierimus,

38 3408 90 3453 cur
115 3411 183 3456 non
207 3388 412 3456 tantumdem
433 3407 552 3471 operae
581 3393 615 3452 et
641 3385 743 3452 studii
769 3383 881 3449 Natali
908 3383 1033 3448 Mariae
1060 3403 1114 3447 ce·

36 3486 188 3555 lebrando
209 3510 382 3572 ponamus,
413 3493 447 3552 et
471 3507 587 3551 novam
616 3483 780 3568 quandam
807 3484 990 3548 animorum
1017 3482 1115 3547 laeti·

37 3586 112 3651 tiam
137 3588 355 3666 declaremus,
386 3586 514 3670 qnando
543 3607 609 3650 non
631 3583 753 3649 Christi
781 3582 890 3660 moda,
920 3581 979 3646 sed
999 3588 1113 3646 nostra

38 3707 162 3770 quoque
189 3687 298 3753 Mater
324 3687 465 3771 primum
502 3691 640 3769 apparet
678 3703 802 3767 suoque
835 3681 978 3746 adventu
1007 3681 1113 3745 Evan-

36 3785 167 3867 gelium,
202 3787 265 3852 hoc
300 3793 351 3853 est
381 3786 527 3853 faustum
547 3784 693 3868 felixque
721 3781 890 3861 nuntium,
924 3779 1036 3860 affert,
1074 3787 1114 3844 ut

100 4007 120 4070 ¹)
139 4003 211 4060 lbid.
224 4022 250 4060 n.
264 4007 304 4060 22.
330 4003 352 4071 Β)
368 4003 409 4056 De
421 4001 511 4056 illaria
520 4001 597 4070 virg.
606 3999 686 4068 Deip.
700 3998 749 4054 lib.
764 3998 786 4066 1,
800 4013 844 4066 cp.
853 3999 893 4052 11.
924 3997 945 4064 8)
962 3995 1031 4053 Luc.
1043 3994 1065 4063 I,
1073 3996 1114 4049 14.

1347 3857 1362 3900 ⁴,

1361 3917 1362 3941 l
