2728 4554
463 355 466 362 '
559 354 618 412 417

58 522 176 588 mnari?
197 519 311 584 Nonne
332 521 400 591 tuo,
422 512 487 577 imo
507 510 656 576 veritatis
674 510 807 594 judicio,
829 509 897 589 illa,
919 532 1003 594 quae
1020 511 1125 577 Deum

57 621 161 686 habuit
180 617 299 694 filium,
329 632 428 695 super
448 630 559 675 omnes
581 610 680 674 etiam
701 609 816 673 choros
839 609 1040 675 exaltabitur
1060 611 1125 675 111·

57 719 212 804 gelorum?
250 716 367 780 Annon
396 711 501 775 Deum
533 716 567 774 et
593 709 768 774 Dominum
795 707 993 791 Angelorum
1020 709 1125 774 Maria

58 841 141 884 suum
178 815 338 882 audacter
374 808 520 894 appellat
558 807 663 873 filium
701 807 828 872 dicens:
873 807 986 889 ,Fili,
1030 808 1125 892 quid

57 914 184 981 fecisti
222 912 338 978 nobis
378 908 476 973 9191(ί
530 906 609 986 Quis
647 907 708 971 hoo
747 904 868 970 audeat
906 907 1125 990 Angelorum?

57 1013 170 1081 Sufficit
199 1013 260 1091 eis,
291 1015 325 1075 et
345 1008 407 1073 hoc
428 1027 487 1090 pro
510 1026 625 1088 magno
653 1004 794 1083 habent,
823 1004 911 1088 quod
931 1026 1032 1088 quum
1060 1006 1126 1070 sint

57 1114 181 1196 spiritus
213 1132 254 1176 ex
286 1105 484 1183 conditione,
524 1125 565 1168 cx
596 1103 704 1187 gratia
733 1101 815 1167 facti
845 1109 922 1168 sunt
954 1110 988 1168 et
1018 1103 1126 1170 vocati

57 1212 162 1296 Angeli
189 1215 275 1275 teste
308 1204 429 1271 David:
462 1203 546 1286 ,Qui
572 1202 654 1268 facit
681 1200 821 1286 Angelos
849 1223 924 1267 suos
959 1203 1125 1286 spiritus.“

55 1312 149 1376 Maria
175 1331 251 1376 vero
280 1311 418 1371 matrem
446 1325 481 1369 99
508 1323 684 1386 agnoscens
704 1302 911 1385 majestatem
937 1301 1043 1382 illam,
1073 1303 1143 1367 cui·

55 1411 97 1475 illi
115 1431 189 1476 cum
208 1404 392 1472 reverentia
413 1403 573 1481 serviunt,
603 1423 676 1466 cum
697 1399 817 1466 fiducia
844 1421 940 1466 suum
958 1408 1125 1485 nuncupat

55 1508 163 1588 filium,
194 1527 255 1571 199
284 1503 480 1586 dedignatur
507 1500 690 1583 nuncupari
711 1500 814 1578 Deus,
844 1498 933 1582 quod
960 1519 1030 1564 9999
1057 1499 1125 1583 ‹iig-

54 1615 141 1673 natus
171 1605 252 1672 est.“
302 1601 508 1685 ,Nunquam
540 1599 649 1683 inquit
676 1598 764 1663 idem
795 1619 819 1662 s.
848 1598 980 1677 Doctor,
991 1599 1015 1682 1)
1043 1620 1125 1664 nun·

55 1727 142 1788 quam
170 1705 267 1788 juxta
303 1722 414 1766 rerum
451 1698 598 1764 ordinem
628 1697 832 1779 virginitas,
851 1696 909 1760 ubi
942 1695 1125 1762 fecunditas

53 1805 255 1886 praedicatur
276 1821 336 1864 neo
357 1797 556 1875 fecunditas,
583 1796 640 1860 ubi
660 1795 829 1878 virginitas
850 1795 976 1878 integre
997 1815 1126 1860 conser-

54 1912 147 1969 vatur.
203 1899 372 1980 Quomodo
409 1898 511 1981 igitur
545 1895 656 1979 potuit
691 1895 752 1959 hoo
789 1894 979 1976 persuaderi
1015 1894 1127 1978 generi

54 2002 201 2079 humano,
226 2000 376 2065 universo
399 1995 471 2061 orbi
491 2002 668 2072 terrarum,
691 1993 726 2058 in
746 1992 851 2058 Maria
871 1993 1005 2076 Virgine
1026 1992 1126 2058 semel

54 2100 169 2166 factum
191 2120 279 2177 esse,
310 2095 397 2180 quod
417 2092 542 2159 factum
566 2114 631 2156 non
651 2091 775 2170 fuerat,
805 2112 865 2155 nec
886 2089 944 2157 fiet
965 2092 999 2156 in
1021 2098 1125 2156 aeter-

53 2221 134 2279 num,
156 2206 196 2265 nt
217 2196 385 2280 virginitas
407 2199 441 2258 et
460 2191 645 2257 fecunditas
666 2191 699 2256 in
721 2190 778 2255 illa
799 2190 1000 2255 obviaverint
1021 2190 1124 2255 siaiu<

56 2299 175 2380 ,Unum
197 2304 256 2375 est,
285 2294 399 2360 scribit
420 2291 654 2357 admirabunde
676 2287 895 2371 Mellifluus,2)
922 2290 956 2353 in
978 2311 1042 2373 quo
1065 2311 1124 2354 199

53 2399 182 2478 primam
210 2395 349 2461 similem
376 2393 445 2458 visa
473 2396 524 2456 est
551 2411 611 2454 nec
639 2389 760 2454 habere
788 2390 977 2468 secundam,
1007 2390 1125 2473 gaudia

53 2497 157 2561 matris
197 2494 322 2558 habens
361 2512 436 2556 cum
471 2488 678 2571 virginitatis
717 2488 848 2554 honore.
910 2489 1125 2573 „Optimam

53 2603 199 2676 partem
230 2592 356 2675 elegit
384 2589 462 2654 sibi
491 2587 684 2669 Maria“⁸):
722 2588 879 2670 optimam
906 2587 1017 2671 plane,
1048 2589 1126 2672 quia

53 2690 130 2757 bona
160 2690 346 2756 fecunditas
378 2686 571 2770 conjugalis,
607 2686 721 2750 melior
753 2693 864 2751 autem
897 2688 1031 2752 castitas
1062 2688 1148 2760 vir·¹

52 2791 168 2871 ginalis,
191 2809 325 2872 prorsus
346 2793 458 2852 autem
478 2786 603 2869 optima
624 2791 675 2850 est
698 2785 882 2851 fecunditas
903 2787 1046 2870 virginea
1067 2809 1125 2852 seu

53 2887 185 2954 fecunda
212 2887 389 2970 virginitas.
432 2886 556 2951 Mariae
576 2884 780 2968 privilegium
809 2892 872 2964 est,
901 2907 966 2950 non
994 2886 1127 2952 dabitur

54 2987 150 3068 alteri,
180 2986 269 3071 quod
289 3007 355 3050 non
376 2983 547 3050 auferetur
567 2984 608 3049 ab
631 3005 670 3048 99
691 2983 854 3066 singulare
875 2991 939 3049 est:
973 2985 1030 3050 sed
1052 3007 1126 3050 con-

52 3087 136 3152 tinuo
158 3088 260 3153 etiam
281 3084 447 3150 indicibile
462 3084 646 3162 invenitur,
677 3090 715 3148 ut
736 3104 831 3148 nemo
860 3083 990 3166 assequi
1009 3085 1123 3166 possit,

52 3185 93 3249 sic
114 3208 174 3251 nec
195 3185 307 3267 eloqui
329 3183 490 3267 quidem.“

107 3285 151 3350 At
180 3283 259 3368 quid
287 3283 402 3367 plura?
441 3281 598 3366 Aenigma
630 3280 854 3346 inextricabile
886 3279 989 3346 videri
1015 3286 1126 3363 potest

53 3387 190 3449 testante
223 3404 293 3448 ven.
324 3381 536 3464 Oanisio,⁴)
569 3379 670 3446 talem
698 3380 835 3463 reperiri
861 3386 1054 3459 creaturam,
1085 3378 1125 3444 de

52 3481 182 3546 alterius
210 3503 282 3546 osse
310 3481 470 3564 genitam,
500 3500 585 3562 quae
613 3478 752 3544 vicissim
781 3479 820 3544 de
849 3499 908 3544 sua
936 3499 1032 3544 carno
1060 3479 1126 3542 Au·

53 3579 174 3645 thorem
204 3580 400 3663 Patremque
432 3599 527 3643 suum
558 3584 707 3661 generet,
740 3599 806 3643 non
838 3577 879 3642 ab
912 3576 992 3655 alio,
1029 3599 1127 3661 quam

53 3697 144 3759 quem
182 3679 327 3762 peperit,
366 3675 580 3755 foecundata,
621 3683 655 3742 et
691 3697 775 3759 quac
815 3676 921 3742 cidem
958 3675 1055 3741 simul
1094 3684 1127 3742 et

113 3911 134 3978 ¹)
150 3909 183 3964 11
205 3909 308 3979 vigilis
330 3907 422 3964 Natis.
444 3908 558 3964 Domini
580 3923 662 3962 serm.
684 3911 708 3963 3.
749 3910 772 3975 ²)
791 3908 823 3962 ln
846 3909 984 3975 Assumpt.
1002 3907 1129 3976 Virginis

53 3993 170 4048 991111.
203 3994 225 4060 ⁸)
243 3990 311 4046 Luc.
328 3991 362 4058 X,
380 3992 421 4046 42.
454 3990 872 4062 4)1)9111111191111.·2911.1.
930 4071 963 4126 27
