2730 4564
766 356 824 415 126

250 539 315 585 non
354 517 460 584 solum
498 514 615 580 summi
652 514 827 580 Pontifices
866 522 900 580 et
939 515 1084 582 Consilia
1121 516 1324 582 celeberrima

252 642 276 685 s.
301 618 463 701 Deiparae
491 614 713 697 virginitatem
740 615 775 679 in
796 620 895 698 partu
916 616 1023 680 verbis
1052 616 1235 683 docuerunt
1254 617 1336 682 luci-³

252 717 402 795 dissimis‚
424 714 482 781 sed
504 713 605 778 etiam
625 735 736 779 omnes
757 713 872 779 Patres
893 721 962 780 tam
979 715 1144 780 Ecclesiae
1165 717 1325 782 orientalis

253 837 351 901 quam
382 813 594 879 occidentalis
629 833 700 878 sese
732 813 912 896 junxerunt
943 814 985 878 ad
1015 815 1099 880 hanc
1131 815 1162 879 b.
1195 816 1327 899 Virginis

251 913 512 1000 praerogativam
539 917 654 976 contra
680 933 790 978 omnes
819 913 1078 978 adversariorum
1105 915 1250 998 impetus
1275 918 1337 1000 vio-l

252 1014 464 1082 toriosissime
486 1011 731 1077 defendendam.
776 1011 962 1095 Allegamus

307 1131 343 1180 a.
377 1135 417 1178 ex
438 1132 573 1177 numero
602 1133 802 1176 summorum
828 1110 1022 1177 Pontificum
1048 1135 1073 1177 s.
1096 1113 1266 1179 Leonem
1290 1115 1328 1178 ita

253 1214 437 1278 decennem:
453 1212 477 1294 1)
517 1209 656 1293 ,Merito
694 1211 796 1294 igitur
833 1211 997 1294 virgineae
1036 1212 1223 1294 integritati
1259 1210 1329 1276 nihil

253 1310 472 1394 corruptionis
510 1309 622 1375 intulit
655 1315 771 1392 partus
807 1311 940 1389 salutis3
979 1313 1057 1394 quia
1094 1311 1247 1376 custodia
1276 1311 1329 1375 fuit

253 1411 398 1496 pudoris,
421 1409 522 1475 editio
543 1410 722 1475 veritatis.“
766 1411 892 1476 Similia
912 1411 1078 1477 tradidere
1106 1411 1329 1476 Hormisdas

254 1516 295 1576 et
319 1509 522 1592 Pelagius,
551 1530 691 1591 quorum
711 1508 767 1574 ille
788 1509 851 1574 ita:
864 1511 890 1592 ³)
923 1510 990 1592 ,Ut
1011 1510 1069 1594 qui
1089 1516 1167 1576 ante
1189 1516 1329 1593 tempora

255 1615 328 1675 erat
358 1607 444 1674 filius
477 1607 554 1686 Dei,
592 1606 687 1672 fieret
717 1606 804 1672 filius
835 1608 975 1673 hominis
1009 1615 1046 1681 et
1076 1616 1271 1674 nasceretur
1299 1603 1339 1696 en)

232 1713 402 1790 *tempore
419 1706 559 1772 hominis
575 1727 680 1785 more,
697 1706 813 1771 Matris
834 1707 963 1772 vulvam
983 1714 1082 1773 natus
1102 1729 1168 1772 non
1189 1703 1339 1792 aperiens

256 1814 290 1873 et
304 1808 527 1891 virginitatem
543 1805 659 1872 Matris
676 1806 810 1871 deitatis
826 1807 947 1872 virtute
963 1827 1029 1872 non
1045 1807 1186 1873 solvens.
1210 1808 1330 1918 dignun

255 1906 352 1988 plane
374 1907 444 1971 Deo
471 1912 625 1972 nascente
652 1906 856 1988 mysterium,
885 1912 924 1971 ut
952 1913 1098 1972 servaret
1118 1913 1254 1989 partum
1274 1908 1340 2008 sins)

256 2005 479 2088 corruptione,
502 2005 559 2087 qui
581 2011 774 2087 conceptum
795 2003 876 2069 fecit
897 2025 967 2070 esse
988 2005 1059 2070 sine
1080 2006 1237 2070 seminef‘
1278 2005 1340 2068 Pe·

255 2104 385 2188 lagius
413 2104 437 2167 I
448 2104 474 2185 ³)
514 2103 681 2168 Christum
716 2109 831 2168 natum
867 2125 936 2169 esse
973 2105 1058 2170 dixit
1094 2111 1227 2170 servata
1261 2105 1331 2168 inte·

256 2204 376 2288 gritate
404 2209 572 2268 maternae
603 2203 816 2286 virginitatis,
851 2203 929 2286 quia
961 2204 1007 2268 sic
1038 2224 1113 2268 eum
1138 2203 1242 2287 Virgo
1270 2223 1341 2320 per·

258 2324 391 2367 manens
413 2303 535 2385 genuit,
559 2301 832 2385 quemadmodum
852 2301 952 2384 Virgo
974 2301 1132 2384 concepit.

318 2402 349 2466 b
386 2403 424 2466 In
456 2401 632 2484 symbolo
661 2400 944 2484 Apostolorum
975 2399 1150 2483 profitetur
1177 2400 1329 2465 Ecclesia:

258 2500 383 2584 ,Natus
405 2522 445 2565 ex
465 2501 571 2567 Maria
590 2501 760 2584 Virgine;“
787 2521 853 2564 non
873 2505 984 2583 posset
1005 2505 1063 2564 aut
1064 2520 1116 2564 em
1137 2500 1204 2564 dici
1227 2507 1331 2583 „natus

258 2623 298 2666 ex
318 2599 482 2683 Virgine,“
505 2601 533 2665 si
552 2601 634 2666 haec
655 2622 721 2666 non
741 2607 780 2665 ut
801 2600 899 2682 Virgo
921 2599 1111 2682 peperisset,
1138 2599 1166 2663 si
1187 2599 1225 2662 in
1246 2605 1331 2682 partu

257 2700 356 2783 Virgo
398 2720 463 2764 non
502 2699 743 2783 permansisset.
803 2698 897 2763 Unde
938 2697 972 2763 in
1013 2717 1160 2762 sermone
1201 2697 1331 2781 quodan

258 2798 430 2864 Concilii
451 2798 643 2882 Ephesini
664 2798 799 2880 legitur:
823 2797 971 2878 ,Natura
990 2802 1066 2880 post
1084 2801 1220 2878 partum
1240 2794 1332 2860 nescit

257 2897 396 2963 ulterius
416 2897 597 2980 Virginem,
626 2897 734 2980 gratia
760 2917 836 2961 vero
866 2902 899 2960 et
925 2896 1108 2979 parientem
1135 2895 1282 2960 ostendit
1307 2899 1332 2956 et

258 3003 397 3062 matrem
417 2996 497 3062 fecit
525 3004 559 3063 et
579 2995 762 3080 virginitati
782 3017 848 3060 non
876 2995 1018 3060 nocuit.“
1059 2992 1202 3058 Patres
1234 2990 1332 3061 Chal·

259 3096 501 3161 cedonenses
539 3097 678 3178 ,Filium
710 3094 773 3160 Dei
805 3094 837 3158 b.
870 3093 970 3159 Matri
1007 3115 1086 3158 suae
1121 3093 1332 3176 virginitatem

258 3201 333 3278 post
372 3202 566 3278 conceptum
603 3194 759 3277 largitum
800 3213 870 3258 esse
908 3191 1121 3275 profitentur,
1163 3198 1268 3276 atque
1303 3195 1333 3254 ut

260 3294 329 3359 Deo
362 3293 495 3377 dignum
531 3299 618 3373 erat,
654 3299 786 3359 uterum
822 3293 891 3375 ejus
928 3291 1145 3375 obsignasse.“
1201 3289 1334 3356 Definita

260 3398 310 3458 est
340 3391 421 3457 haec
452 3393 572 3457 veritas
608 3391 769 3476 expressis
804 3391 912 3456 verbis
948 3391 1049 3455 etiam
1083 3388 1118 3454 in
1149 3387 1334 3456 Concilio

259 3491 524 3557 Lateranensi
550 3491 576 3555 1.
603 3513 624 3556 a
650 3491 791 3556 Martino
813 3490 887 3571 VJ)
915 3489 1004 3555 hisce
1031 3489 1153 3554 verbis:
1184 3490 1244 3571 ,si
1272 3487 1334 3572 quis

260 3589 438 3654 secundum
466 3595 597 3654 sanctos
624 3589 739 3654 Patres
771 3610 837 3654 non
869 3587 1044 3654 confitetur
1071 3589 1203 3672 proprio
1235 3596 1270 3655 et
1295 3607 1335 3651 se·

260 3689 402 3754 cundum
422 3686 608 3767 veritatem,
632 3687 694 3752 Dei
714 3687 914 3753 Genitrioem
935 3695 1083 3753 sanctam
1109 3705 1335 3771 semperque

328 3919 347 3986 ¹)
373 3919 414 3973 Ds
439 3918 532 3975 Natis.
558 3933 641 3974 serm.
665 3917 691 3985 1,
717 3933 761 3988 cp.
786 3916 823 3974 11.
864 3919 886 3987 ²)
910 3920 1001 3990 Epist
1026 3922 1059 3975 79
1085 3920 1122 3976 sd
1145 3919 1250 3975 lustin.
1276 3917 1335 3982 Imp·

260 4002 282 4072 ³)
298 4001 388 4070 Epist
406 4003 439 4057 16
454 4000 490 4059 sd
507 3999 718 4056 childebertum
735 4000 848 4070 Regem.
880 4001 902 4067 ⁴)
919 4001 1042 4060 consult
1058 4005 1075 4057 5
1091 4017 1152 4057 can.
1168 4003 1192 4056 3.
