2728 4560
566 359 627 420 243
698 447 700 452 ,

58 543 123 586 esse
145 522 268 599 datum,
290 520 353 583 nisi
374 541 474 602 quum
494 519 544 582 vir
565 519 610 584 sic
633 519 815 585 dimitteret
835 541 977 599 uxorem,
1008 529 1046 586 ut
1072 523 1136 586 illi

58 621 220 686 faceret
252 625 514 702 potestatem
549 619 682 682 alteri
716 618 919 683 nubendi:
958 642 981 684 0.
1014 620 1136 703 Joseph

59 729 167 786 autem
204 739 270 782 non
307 709 437 781 volebat
473 717 638 781 dimittere
675 738 826 796 uxorem,
864 724 903 782 ut
933 718 1002 800 ipse
1040 719 1138 784 aliam

60 821 192 885 duceret
219 817 332 900 illique
359 816 579 898 permitteret,
610 816 710 880 alium
739 816 874 896 ducerc;
906 817 1036 882 volebat
1064 839 1136 882 eam
1170 805 1174 812 ¹

58 920 164 1001 potius
202 916 328 981 occulte
368 915 533 981 dimittere
571 916 680 998 quoad
716 916 955 981 habitationem
992 924 1136 982 tantum-

58 1019 168 1096 modo,
208 1037 250 1080 nc
283 1015 369 1080 forte
404 1037 476 1080 eam
507 1016 677 1080 retinendo
707 1015 851 1098 aliquam
879 1016 1061 1081 incurreret
1088 1019 1137 1082 in·

59 1117 196 1181 iamiam.
391 1129 393 1133 “
1153 1179 1155 1182 .

115 1216 145 1279 d.
177 1216 207 1280 S.
229 1213 351 1296 Joseph
373 1214 406 1278 in
427 1213 603 1296 Evangelio
625 1219 761 1278 vocatur
788 1219 926 1295 „pater
953 1213 1135 1292 Christi,“

59 1317 131 1398 quia
158 1337 183 1378 0.
206 1314 372 1395 Virginem
391 1312 529 1376 Mariam
556 1311 695 1376 duxerat
721 1333 864 1376 uxorem.
908 1312 1015 1390 Quare
1037 1315 1136 1378 etiam

58 1414 148 1478 Jesus
170 1411 319 1477 Christus
341 1432 361 1475 a
380 1411 514 1476 Judacis
541 1432 607 1474 non
628 1410 813 1475 habebatur
840 1411 927 1476 filius
948 1412 1137 1495 illegitimus

59 1533 92 1576 ae
114 1511 245 1594 spurius
267 1531 291 1572 0.
312 1509 455 1592 Josephi.
492 1510 543 1573 Ad
566 1509 752 1574 evitandam
772 1509 824 1573 vel
844 1510 1039 1574 levissimam
1060 1512 1137 1576 talis

59 1611 247 1695 suspicionis
278 1608 426 1675 umbram
457 1609 519 1673 hoc
551 1609 793 1672 matrimonium
822 1608 917 1691 juxta
952 1631 992 1673 00.
1021 1609 1137 1674 Patres

58 1711 227 1794 praecipue
249 1710 439 1775 institutum
466 1714 523 1772 cst.
567 1707 711 1772 intentio
741 1707 826 1770 enim
854 1729 877 1770 s.
902 1707 1043 1790 Spiritus
1066 1715 1137 1774 erat

58 1811 88 1874 in
118 1832 155 1875 00
184 1810 391 1895 praesertim,
421 1814 460 1871 ut
489 1828 600 1871 omnes
629 1829 652 1870 s.
675 1807 853 1890 Josephum
880 1827 991 1871 verum
1013 1807 1136 1872 Mariae
1216 1835 1218 1840 ·

59 1911 159 1974 virum
192 1930 368 1991 verumque
400 1906 523 1972 Christi
553 1906 714 1971 haberent
744 1913 880 1988 patrem.
934 1907 1011 1972 Ideo
1044 1914 1137 1972 actus

60 2011 245 2093 conjugalis,
262 2031 326 2093 quo
347 2008 510 2091 sponsalia
532 2007 703 2072 defuturo
725 2007 760 2070 in
777 2006 917 2090 perfecti
938 2007 1136 2072 matrimonii

59 2109 247 2174 transierint
267 2108 437 2185 rationem,
459 2107 675 2188 praecesserit
695 2127 826 2170 necesse
848 2112 928 2170 crat.

120 2207 148 2272 S.
169 2207 311 2288 losepho
339 2205 495 2287 competit
517 2205 606 2288 jure
635 2205 813 2286 conjugii
840 2224 958 2268 nomen
986 2203 1136 2285 „patris

62 2303 237 2370 1111111011(ί
270 2305 322 2368 Ita
341 2325 414 2368 eum
430 2304 592 2368 honorant
610 2325 648 2368 ac
665 2311 861 2368 venerantur
878 2309 990 2384 patres
1009 2303 1136 2386 antiqui

60 2403 203 2487 sacrique
221 2403 386 2468 Ecclesiae
404 2403 563 2469 doctores.
600 2403 705 2467 Maria
731 2403 803 2484 ipsa
832 2403 862 2467 ei
878 2402 964 2466 hunc
977 2402 1138 2467 attribuit

62 2502 188 2566 titulum
209 2500 393 2585 etquidem
414 2500 598 2583 intemplo,
618 2501 676 2565 ubi
693 2500 788 2564 multi
809 2501 1016 2565 sacerdotum
1037 2507 1137 2583 atque

61 2601 243 2679 scribarum,
264 2600 457 2684 quibuscum
481 2621 563 2683 puer
587 2598 766 2663 duodennis
791 2598 1024 2680 disputaverat,
1044 2605 1139 2663 erant

61 2706 255 2779 praesentes.
310 2700 353 2765 Et
384 2699 418 2762 in
450 2698 592 2780 signum,
625 2698 687 2761 hoc
718 2717 836 2761 nomen
869 2697 899 2761 01
931 2697 1058 2774 deberi,
1095 2697 1136 2761 ab

61 2797 178 2879 Angelo
206 2803 405 2880 potestatem
437 2796 563 2879 accepit
595 2815 712 2859 nomen
744 2795 932 2877 imponendi
963 2796 1134 2860 infantulo.

62 2895 131 2959 dam
147 2918 220 2960 vero
238 2896 315 2960 filiis
336 2917 454 2960 nomen
474 2895 650 2977 imponere,
670 2901 720 2959 est
739 2901 832 2958 actus
851 2896 1082 2960 auctoritatem
1104 2903 1138 2961 et

62 3001 256 3076 potestatem
276 3002 447 3078 paternam
474 2993 667 3076 significans.
712 2993 818 3070 Quare
846 3015 870 3058 0.
892 2994 1137 3058 Bernardus:

64 3093 224 3172 „Christus
254 3115 289 3160 se
316 3093 476 3172 habebat,
506 3093 627 3176 inquit,
656 3098 845 3157 reverenter
873 3100 906 3158 01
936 3093 1137 3173 obedienter,

63 3193 145 3258 sicut
169 3195 211 3259 ad
231 3195 362 3259 Patrem
391 3215 493 3258 suum.
536 3193 580 3257 Et
606 3193 676 3274 ipsc
704 3213 769 3256 non
798 3192 903 3256 solum
928 3192 1058 3275 publice
1086 3214 1137 3257 re-

63 3299 192 3373 putatus
229 3301 279 3359 001
311 3299 345 3358 01
375 3299 509 3358 vocatus
540 3293 638 3357 Pater
675 3293 765 3375 ejus3¹
799 3293 857 3358 sed
894 3293 994 3357 etiam
1032 3292 1139 3356 teneri

64 3399 201 3474 oportet,
235 3393 323 3476 quod
351 3398 482 3457 sanctus
514 3392 564 3456 vir
591 3390 721 3474 publice
754 3412 788 3456 sc
816 3390 961 3456 habebat
993 3389 1035 3454 ad
1064 3411 1138 3454 eum

64 3490 171 3570 verbo,
200 3499 292 3570 actu,
325 3498 419 3574 gestu
447 3498 548 3574 atque
577 3511 655 3554 cura
684 3496 718 3554 01
746 3490 898 3573 imperio,
929 3490 1014 3554 sicut
1043 3509 1137 3552 verus

63 3589 158 3654 Pater
176 3592 217 3656 ad
237 3593 357 3656 Filium
378 3613 481 3655 suum.
524 3591 614 3654 Alias
642 3591 805 3654 notuisset
826 3595 939 3672 aperte
968 3587 1081 3652 vicinis
1104 3594 1138 3651 et

64 3690 191 3769 mundo,
230 3691 317 3774 quod
348 3712 413 3755 non
450 3695 535 3754 esset
566 3689 668 3754 Filius
704 3689 811 3753 000οἔί
865 3685 1059 3770 „Proprium
1084 3684 1137 3768 jus

63 3797 230 3870 parentum
252 3797 311 3869 001,
339 3790 415 3854 filiis
436 3811 554 3854 nomen
576 3789 751 3872 imponere,
781 3787 888 3870 inquit
915 3784 1061 3850 Paulus
1092 3783 1137 3847 de

64 3886 227 3968 Palatio,
261 3896 295 3954 01
322 3889 364 3954 ad
392 3889 518 3953 nullum
550 3888 650 3952 alium
677 3887 758 3952 haec
785 3884 970 3969 jurisdictio
1000 3886 1136 3966 spectat.

65 3985 167 4062 Quum
187 4009 259 4071 ergo
277 3987 419 4070 Josepho
440 3988 502 4052 hoc
517 3987 570 4070 jus
592 3986 751 4052 tribuitur
771 3982 987 4134 0110000160
1008 3979 1138 4070 videtur
