2730 4564
742 356 800 415 148

227 519 333 586 esset“
366 539 424 583 seu
457 517 575 601 „judex
612 516 808 582 sententiam
840 514 934 591 tulit,
971 518 1148 595 antequam
1180 536 1302 580 causam

227 617 467 701 cognosceret.“
510 615 584 680 Non
606 615 692 679 enim
712 614 801 678 hisce
831 612 977 677 terminis
999 612 1148 677 innuitur
1177 615 1228 678 vel
1247 616 1302 698 sig·

226 716 396 795 nificatur,
419 715 585 781 Christum
606 720 722 797 postea
743 712 896 777 didicisse
918 711 1046 789 literas,
1076 711 1128 776 vel
1148 714 1301 779 medicum

227 822 342 900 postea
370 815 411 880 de
440 813 552 879 morbo
587 812 688 878 fuisse
720 813 916 878 instructum
947 810 998 875 vel
1024 810 1168 893 judicem
1196 823 1302 896 postea

111 907 113 912 ’
227 937 359 981 causam
380 913 581 997 cognovisse,
605 911 663 976 sed
685 911 806 976 dicitur
827 909 1067 989 tantummode,
1091 932 1130 975 ea
1151 933 1218 978 non
1239 935 1301 978 esse

226 1015 325 1093 facta,
350 1036 450 1097 quum
471 1011 543 1076 fieri
567 1009 718 1074 debuisse
740 1008 937 1073 viderentur.
1093 1084 1095 1088 ι

291 1114 329 1178 Ι).
359 1113 620 1194 Hieronymus
652 1109 851 1193 plenissime
868 1107 1039 1172 consentit.
1090 1109 1242 1192 Loquens
1268 1112 1302 1175 de

227 1213 371 1278 Helvidii
392 1209 642 1296 argumentandi
664 1209 808 1274 ratione:
841 1207 1054 1289 ,Doleamne‚
1083 1208 1203 1292 inquit,
1216 1212 1240 1293 ¹)
1267 1233 1303 1276 an

226 1313 353 1378 rideam
384 1312 510 1377 nescio:
550 1308 735 1392 imperitiae
767 1329 917 1390 arguam,
955 1327 998 1371 an
1029 1297 1227 1376 temeritatis
1258 1333 1303 1376 ac·
1358 1331 1359 1342 ¹

229 1412 360 1476 cusem?
393 1411 492 1489 Quasi
513 1409 541 1474 si
568 1408 640 1492 quis
662 1406 798 1471 dixerit:
828 1405 1013 1488 Antequam
1039 1405 1073 1469 in
1094 1415 1194 1489 portu
1215 1432 1303 1492 pran-

230 1511 355 1589 derem,
369 1541 371 1546 v
384 1511 427 1574 ad
449 1508 592 1573 Africam
620 1505 781 1589 navigavi,
811 1525 875 1569 non
896 1504 1000 1586 possit
1027 1511 1116 1570 stare
1137 1511 1302 1586 sententia,

227 1610 290 1675 nisi
328 1610 359 1674 ei
395 1610 429 1673 in
460 1615 560 1692 portu
592 1603 818 1688 prandendum
856 1602 1052 1686 quandoque
1088 1605 1148 1685 sit3
1188 1616 1247 1675 aut
1281 1610 1304 1674 si

228 1709 364 1774 velimus
386 1708 511 1773 dicere:
532 1704 653 1769 Paulus
672 1702 858 1785 Apostolus
881 1708 1057 1784 antequam
1077 1704 1120 1768 ad
1137 1705 1304 1791 Hispanias

230 1813 393 1890 pergeret,
413 1807 535 1870 Romae
557 1804 591 1868 in
609 1802 738 1868 vincula
759 1794 924 1883 conjectus
943 1807 1007 1880 est;
1029 1809 1088 1868 aut
1108 1813 1198 1872 certe
1215 1808 1303 1872 illud:

229 1905 414 1984 Helvidius,
448 1912 624 1986 antequam
655 1900 892 1984 poenitentiam
923 1906 1049 1983 ageret,
1082 1911 1187 1970 morte
1218 1927 1304 1990 prae·

230 2010 346 2069 ventus
375 2009 441 2068 est:
472 2001 586 2066 statim
612 2007 671 2065 aut
691 1999 793 2064 Paulo
814 2005 891 2082 post
917 1999 1046 2064 vincula
1073 2001 1116 2065 ad
1136 2003 1305 2088 Hispanias

229 2103 274 2168 sit
302 2101 458 2166 eundum:
492 2107 550 2164 aut
570 2098 720 2163 Helvidio
742 2098 946 2181 poenitentia
974 2098 1100 2181 agenda
1124 2110 1201 2185 post
1226 2127 1305 2169 mor·
1360 2167 1361 2170 ,

230 2208 313 2280 tem;
336 2221 436 2283 quum
457 2199 627 2281 Scriptura
652 2197 754 2262 dicat:
783 2197 841 2278 ,In
862 2196 988 2261 inferno
1010 2204 1121 2262 autem
1142 2203 1214 2284 quis
1235 2225 1305 2268 con-

230 2298 380 2364 fitebitur
401 2297 505 2361 abir<
518 2299 543 2378 2)
577 2318 616 2362 ac
636 2318 702 2360 non
723 2295 833 2378 potius
855 2296 899 2360 sit
919 2295 1183 2378 intelligendum,
1212 2301 1304 2385 quod,

229 2404 344 2475 ante,
382 2395 598 2479 praepositio,
635 2395 714 2459 licet
748 2415 845 2477 saepe
882 2396 1147 2477 consequentiam
1178 2400 1304 2478 indicet,

230 2504 340 2563 tamen
361 2516 594 2579 nonnunquam
620 2515 660 2559 ea
681 2501 824 2573 tantum,
853 2515 936 2577 quae
957 2494 1048 2577 prius
1071 2497 1304 2579 cogitabantur,

231 2595 393 2661 ostendat.
454 2593 548 2659 Unde
587 2615 647 2658 nec
685 2613 816 2657 necesse
857 2593 916 2670 sit,
959 2596 997 2657 ut
1038 2593 1182 2675 cogitate
1219 2595 1304 2675 fiant,

229 2717 328 2780 quum
350 2693 440 2759 aliud
461 2693 534 2758 ideo
557 2692 785 2770 intervenerit,
807 2712 848 2756 ne
870 2712 923 2768 ea,
954 2712 1037 2773 quae
1060 2693 1205 2776 cogitata
1224 2703 1304 2773 sunt,

227 2794 345 2859 fierent
347 2841 511 2857 ......
519 2843 542 2886 Ι.
586 2792 660 2857 Non
688 2800 798 2857 tamen
820 2791 981 2875 sequitur,
1011 2797 1049 2856 ut
1069 2793 1233 2876 prioribus
1254 2796 1306 2861 do·

228 2894 353 2958 ouimus
387 2892 558 2975 exemplis,
593 2912 667 2956 eum
698 2890 737 2973 (s.
769 2890 962 2973 Josephum)
995 2911 1068 2955 cum
1099 2892 1205 2960 Maria
1235 2917 1306 2960 con·

227 2992 353 3058 venisse
374 2997 449 3074 post
470 2998 615 3074 partum,
645 2990 737 3073 cujus
765 2989 977 3054 conveniendi
1006 2988 1204 3059 desiderium
1224 2995 1306 3060 uteri

229 3091 443 3174 conceptione
465 3090 632 3155 sublatum
654 3089 733 3154 est.“

290 3190 359 3255 Neo
381 3189 478 3254 aliter
499 3189 645 3272 loquitur
666 3209 690 3252 s.
713 3185 975 3270 Epiphanius:
1002 3188 1152 3269 ,Verum
1176 3213 1217 3256 ue
1237 3191 1305 3274 quis

228 3309 345 3367 exeo,
379 3286 659 3367 animadvertit,³)
682 3285 770 3368 quod
792 3286 1036 3368 scriptumest:
1069 3289 1306 3374 ,Antequam

228 3387 521 3465 convenirent,“
538 3386 724 3451 convenisse
737 3384 945 3468 postmodum
961 3385 1150 3466 arbitretur,
1165 3389 1212 3454 nil
1227 3390 1306 3472 ejus-

228 3485 318 3551 modi
340 3487 562 3551 demoustrare
585 3483 636 3548 vel
665 3483 831 3548 declarare
859 3485 1020 3567 quispiam
1040 3492 1165 3568 potest3
1196 3488 1249 3553 sed
1270 3493 1306 3551 ut

227 3584 310 3649 labis
333 3585 436 3649 omnis
459 3589 627 3667 expertem
648 3588 682 3648 et
700 3582 845 3647 maculae
865 3582 1041 3648 Salvatoris
1059 3587 1162 3650 nostri
1180 3594 1307 3670 partum

229 3683 419 3748 ostenderet
448 3683 632 3766 Scriptura,
666 3681 748 3746 illud
778 3682 928 3747 asseruit.
979 3683 1198 3760 Quamobrem
1227 3687 1306 3751 istae

295 3917 314 3983 ¹)
332 3915 393 3972 Lib.
410 3916 445 3971 de
462 3922 598 3986 perpetue
614 3916 778 3985 virginitate
792 3916 897 3972 Mariae
915 3922 1013 3973 contra
1026 3917 1195 3974 Helvidium.
1227 3919 1247 3986 2)
1265 3917 1307 3971 rs.

229 3996 278 4064 VI,
295 3998 320 4052 6.
354 3999 376 4066 ⁸)
395 3998 466 4054 Λᾶν.
485 3997 785 4056 Antidicomarianitas.
