2730 4564
567 373 623 432 161

64 544 172 601 tenus
202 533 340 600 teneri
372 533 415 598 ad
445 533 477 597 b.
506 533 648 616 Virginis
680 539 872 616 perpetuam
902 533 1132 617 Virginitatem

66 635 259 719 explicite
299 631 557 697 credendam.
617 632 670 697 lta
708 632 889 698 docuerunt
927 632 1013 700 inter
1050 635 1131 700 alios

67 735 195 801 Sanchez
209 736 233 817 ¹)
265 739 299 798 et
319 731 496 813 Azorius.²)
539 731 780 813 „Quorumdam
802 738 852 797 cst
873 732 995 815 opinio,
1025 733 1132 816 inquit

8 865 9 868 ¹
64 835 241 911 Anorins,
271 851 533 914 unumquemque
554 828 700 893 fidelium
720 828 839 894 debere
861 830 1008 909 eredere,
1038 831 1130 915 quid-

64 933 132 1014 quid
158 950 353 1014 expresse
381 929 414 992 in
442 927 586 1012 symbolo
608 927 838 1010 Apostolorum
865 929 1064 1008 continetur;
1097 937 1131 994 et

65 1031 98 1094 ob
123 1031 156 1096 id
176 1029 307 1095 minime
329 1026 488 1106 sufficere,
518 1027 546 1091 si
567 1025 686 1110 singuli
713 1027 849 1091 credant
877 1027 1028 1110 explicite
1051 1049 1130 1111 qua-

63 1130 231 1194 tuordecim
252 1127 424 1193 dumtaxat
451 1126 606 1191 articulos
633 1123 724 1204 fidei,
752 1147 852 1208 quum
881 1127 1016 1210 quisque
1036 1147 1130 1209 prae-

63 1235 146 1310 cepto
174 1249 211 1293 ac
237 1227 309 1309 lege
339 1223 544 1307 compellitur
572 1223 615 1288 ad
643 1224 839 1289 credendum
867 1226 1044 1308 expressim
1074 1225 1129 1291 de·

63 1348 196 1392 sconsum
228 1323 351 1392 Christi
382 1323 513 1388 Domini
544 1323 586 1388 ad
617 1321 752 1402 inferos,
788 1345 886 1388 unam
917 1331 1064 1390 sanctam
1096 1333 1129 1390 et

63 1425 243 1492 catholicam
272 1421 455 1501 eeclesiam,
489 1422 682 1488 Sanctorum
713 1422 982 1502 communionem,
1015 1445 1128 1507 pecca-

62 1529 158 1588 torum
193 1522 430 1600 remissionem‚
470 1521 575 1587 cernis
611 1510 896 1601 resurrectionem,
935 1528 1127 1605 perpetuam

62 1621 210 1706 Deiparae
230 1621 464 1705 virginitatem:
497 1618 538 1684 de
564 1618 682 1702 quibus
711 1618 953 1702 singulisnihil
974 1621 1126 1703 explicite

62 1723 295 1804 quatuordecim
332 1719 463 1784 articuli
499 1717 576 1782 fidei
610 1718 845 1801 praescribunt.
899 1717 981 1783 Mihi
1016 1726 1126 1785 tamen

61 1821 177 1886 ridetur
197 1820 384 1898 dicendum,
414 1816 495 1883 satis
518 1838 587 1882 esse
609 1817 652 1881 ad
673 1817 812 1882 salutem
833 1817 949 1900 cuique
970 1817 1124 1898 fidelium,

61 1921 179 1988 credere
206 1919 357 2002 explicite
385 1916 633 2000 quatuordecim
660 1915 816 1980 articulos
844 1915 933 1995 fidei,
964 1917 1014 1981 vel
1042 1939 1125 2000 sym-

60 2016 157 2083 bolum
173 2017 401 2102 Apostolorum
418 2016 586 2081 etidcirco
601 2016 705 2098 quivis
725 2014 859 2080 credens
877 2014 1125 2097 quatuordecim

59 2113 124 2181 fidei
143 2117 297 2182 articulos
324 2136 390 2180 non
419 2122 483 2194 est,
515 2136 573 2179 our
601 2114 763 2197 obligatus
792 2135 862 2178 esse
890 2120 1062 2179 censeatur
1083 2115 1125 2180 ad

59 2213 171 2298 aliquid
191 2215 281 2280 aliud
301 2216 492 2280 nominatim
514 2221 547 2280 et
569 2236 719 2298 expresse
740 2213 950 2293 credendum,
980 2215 1009 2278 si
1028 2215 1123 2280 homo

59 2312 96 2377 sit
113 2314 250 2397 vulgaris
273 2320 307 2378 et
328 2315 448 2380 rudis.“

110 2412 172 2476 Alii
191 2420 302 2478 tamen
329 2413 417 2496 iique
438 2413 597 2478 maximae
624 2412 834 2478 authoritatis
855 2411 1012 2495 theologi,
1043 2436 1070 2477 v.
1092 2435 1121 2497 g.

59 2507 92 2573 de
115 2511 201 2594 Lugo
214 2512 239 2594 3)
273 2518 307 2576 et
336 2512 492 2594 Suarezt)
521 2517 713 2594 perpetuam
741 2531 763 2574 s.
795 2508 955 2592 Deiparae
983 2511 1122 2594 Virgini-

58 2613 148 2672 tatem
178 2608 219 2674 ah
252 2609 400 2674 omnibus
430 2607 581 2673 fidelibus
612 2629 671 2691 per
709 2629 743 2673 se
775 2608 937 2691 loquendo
970 2610 1121 2692 explicite

59 2707 240 2772 credendam
261 2729 330 2772 esse
352 2713 492 2772 censent.
532 2707 711 2771 Audiamus
734 2706 955 2773 doctissimum
977 2708 1120 2775 Suarez

57 2802 109 2869 hac
128 2805 166 2870 de
187 2807 377 2889 quaestione
405 2807 453 2871 ita
480 2805 714 2889 disputantem:
744 2804 920 2886 „Dubitari
945 2807 1043 2886 solet,
1074 2808 1121 2872 in·

58 2903 126 2983 quit,
142 2925 183 2969 an
199 2911 374 2970 teneantur
388 2904 501 2970 fideles
520 2905 617 2969 etiam
636 2904 788 2987 explicite
807 2905 948 2984 credere,
966 2907 1120 2972 mansisse

57 2998 182 3067 Matrem
203 3002 265 3068 Dei
284 3003 450 3087 Virginem
477 3009 552 3086 post
577 3009 709 3085 partum
735 3024 773 3066 ac
799 3009 966 3086 perpetuo.
1009 3004 1120 3088 Aliqui

57 3099 131 3164 enim
150 3123 213 3166 non
234 3108 376 3180 censent,
398 3101 460 3166 hoc
480 3101 644 3184 pertinere
665 3101 708 3165 ad
729 3101 878 3184 generale
899 3110 1118 3186 praeceptum,

57 3199 123 3279 quia
147 3221 252 3283 neque
281 3204 331 3264 est
351 3221 410 3282 per
437 3220 472 3264 se
500 3199 718 3264 necessarium
746 3199 789 3264 ad
809 3206 934 3265 rectam
960 3200 1045 3265 vitae
1071 3202 1120 3266 in·

56 3296 259 3377 st‘tutionem,
288 3318 393 3381 neque
423 3297 522 3362 etiam
548 3298 676 3364 videtur
703 3305 772 3364 tam
800 3320 949 3382 expresse
970 3300 1011 3364 ab
1033 3301 1119 3384 Apo-

56 3388 136 3462 stolis
164 3397 402 3481 praedicatum,
435 3403 603 3481 tamquam
634 3419 693 3480 per
724 3418 758 3462 se
791 3397 938 3462 omnibus
968 3397 1119 3465 fidelibus

56 3499 272 3577 necessarium,
302 3497 387 3562 unde
417 3496 517 3561 etiam
544 3496 578 3560 in
600 3495 770 3579 Scriptura
790 3517 854 3560 non
882 3496 1044 3562 invenitur
1065 3520 1119 3564 ex·

56 3611 201 3677 pressum,
231 3603 266 3662 et
286 3617 351 3660 non
372 3601 422 3660 cst
442 3594 503 3660 hoc
525 3594 747 3682 improbabile.
791 3594 1006 3662 Nihilominus
1035 3620 1119 3681 pro-

113 3843 131 3907 ¹)
147 3841 178 3896 Iu
202 3842 335 3910 decalogo
358 3841 406 3897 lib.
426 3841 467 3907 11,
490 3842 567 3911 opt
588 3858 615 3894 n.
633 3842 672 3894 17.
713 3841 735 3906 ²)
754 3839 876 3897 Institut.
892 3841 991 3896 Moral.
1013 3847 1079 3898 tom.
1097 3843 1118 3898 I.

56 3915 96 3974 lib.
111 3923 180 3991 VIII,
198 3925 234 3980 ad
250 3927 275 3980 4.
317 3925 339 3992 ³)
357 3925 399 3979 De
420 3924 475 3978 fide
497 3924 568 3993 disp.
586 3926 617 3977 13
635 3927 703 3978 sect.
719 3926 736 3976 4
752 3940 780 3978 u.
798 3927 837 3978 17.
879 3925 900 3992 ⁴)
918 3925 958 3978 De
975 3924 1029 3978 fide
1048 3925 1118 3995 disp.

57 4003 82 4054 13
96 4010 156 4062 sect.
172 4011 189 4061 4
204 4026 231 4064 n.
249 4009 275 4062 9.
887 4037 890 4044 ·
923 4089 953 4144 u
