2728 4554
535 335 597 398 469

91 502 118 562 2.
149 518 194 564 ex
220 496 406 562 univorsa
433 493 670 575 traditione,
698 516 782 579 quae
802 495 834 560 b.
855 497 998 582 Virginis
1019 520 1104 565 mor·

39 602 96 661 tem
121 596 156 661 in
182 602 255 661 toto
283 594 362 660 orbe
389 599 554 658 terrarum
581 593 735 660 celebrat.
778 593 1012 680 Martyrologia
1032 617 1102 663 ren.

39 695 150 776 Bedae,
181 694 340 774 Usuardi,
372 693 553 758 Romanum
585 699 646 759 etc.
676 692 762 760 diem
792 699 839 760 15.
871 695 1011 779 Augusti
1039 717 1111 780 qua.
1147 747 1149 752 .

39 794 135 860 obitus
156 795 243 861 diem
263 793 431 860 adnotant.
474 791 687 875 ,Veneranda
706 793 810 873 nobis,
833 794 978 875 Domine,
1007 795 1105 878 hujus

39 899 80 958 est
99 894 164 959 diei
183 893 355 971 festivitas,
377 891 492 957 scribit
511 913 536 956 s.
559 891 824 975 Gregorius,¹)
853 893 888 957 in
909 915 974 977 qua
995 915 1019 958 s.
1043 893 1105 958 Dei

38 990 176 1057 (ianitrix
206 997 345 1056 mortem
376 990 478 1056 subiit
507 991 750 1074 temporalem.“
799 991 946 1058 Eandem
976 999 1105 1058 senten·

37 1090 108 1155 tiam
134 1089 281 1156 unanimi
307 1095 473 1156 testantur
503 1110 661 1156 consensu
692 1112 733 1156 ss.
762 1089 885 1157 Patres.
934 1092 988 1157 lta
1017 1113 1046 1156 v.
1074 1113 1103 1175 g.

38 1209 57 1252 s.
77 1189 283 1270 Augustinus,
293 1191 319 1271 8)
349 1211 373 1254 s.
396 1189 661 1273 Damascenual)
683 1190 877 1275 quibuscum
897 1192 1106 1257 consentiunt

39 1287 173 1353 Andreas
197 1287 370 1368 Cretensis,
378 1288 405 1370 ⁴)
426 1288 638 1372 Nicephorus,
648 1290 674 1372 ⁶)
697 1288 931 1372 Sophronius⁶)
953 1288 1083 1372 aliique.

91 1393 118 1452 3.
157 1386 267 1450 Etiam
301 1388 406 1453 ratio
438 1386 534 1471 plura
564 1409 624 1471 pro
655 1387 717 1452 bac
747 1388 886 1453 veritate
917 1388 1107 1471 suppeditat

38 1492 200 1551 momenta.
253 1483 368 1550 Nonne
402 1485 434 1551 b.
466 1486 633 1571 Virginem
665 1486 793 1552 Christo
824 1485 906 1550 Filio
937 1493 1105 1570 tamquam

38 1584 208 1648 membrum
234 1583 334 1666 capiti
348 1606 412 1678 'suo
439 1584 636 1650 conformari
663 1584 801 1650 decebat
822 1586 920 1650 etiam
940 1606 1001 1667 per
1018 1575 1105 1651 mor·

37 1689 96 1748 tem
117 1690 318 1766 mortemque
335 1685 501 1768 patienter
521 1683 709 1767 accipiendo
727 1683 867 1748 mereri?
887 1682 1001 1747 Nonne
1022 1682 1104 1748 alias

37 1781 144 1848 Matris
163 1783 281 1867 potior,
305 1803 403 1866 quam
422 1782 498 1847 Filii
518 1782 684 1848 videretur
704 1782 868 1848 conditio?
1033 1775 1034 1778 '

90 1882 142 1960 At,
163 1881 325 1964 inquiunt,
348 1903 433 1946 mors
455 1887 507 1946 est
533 1882 691 1965 peccati
719 1880 931 1964 originalis
959 1901 1104 1963 poena3

38 1978 63 2042 b.
82 1981 178 2065 Virgo
206 1986 381 2063 apeccato
408 1979 560 2044 immunis
587 1979 669 2044 nulli
697 1980 812 2064 subjici
839 1979 949 2062 potuit
978 1998 1104 2062 poenae

38 2081 171 2160 peccati)

90 2177 333 2262 Respondemus
368 2198 441 2243 cum
471 2176 649 2242 Benedictc
680 2177 818 2260 XIV.:⁷)
857 2177 965 2260 ,Mors
1000 2175 1104 2242 consi·

39 2275 137 2342 derari
168 2283 280 2362 potest
314 2277 503 2361 dupliciter,
539 2276 590 2341 vel
626 2283 793 2360 tamquam
828 2277 1006 2343 conditio
1042 2297 1105 2341 na·

38 2381 156 2456 turae,
185 2396 269 2460 quae
290 2398 391 2460 quum
411 2376 583 2441 contrariis
603 2375 701 2440 rebus
725 2373 865 2442 conflata
885 2377 942 2456 sit,
970 2374 1104 2442 tandem

38 2473 202 2558 aliquando
231 2476 395 2558 corrumpi
415 2495 487 2539 eam
506 2495 638 2539 neccsse
667 2471 732 2554 est3
764 2475 816 2540 vel
835 2482 992 2558 tanquam
1019 2495 1105 2558 pec-

39 2575 111 2638 cati
137 2573 244 2639 Adae
272 2595 413 2657 poena,
443 2595 508 2657 qua
534 2573 738 2657 privilegium
765 2573 848 2639 illud
869 2574 1035 2657 originalis
1053 2574 1105 2657 ju·

38 2673 139 2738 st'tiae
160 2674 335 2754 amisimus,
364 2673 451 2757 quod
471 2673 684 2756 impediebat,
713 2693 754 2737 ne
775 2672 921 2738 homines
942 2693 1105 2737 moreren-

38 2775 94 2834 tur.
133 2773 251 2856 ltaque
279 2774 343 2838 etsi
370 2773 401 2837 b.
423 2773 523 2856 Virgo
552 2793 592 2836 ex
612 2772 673 2836 hac
693 2772 868 2856 posteriori
886 2793 994 2838 causa
1022 2773 1105 2836 mori

38 2891 95 2935 non
114 2872 293 2951 debuisset,
322 2873 431 2956 priore
452 2879 562 2937 tamen
583 2872 681 2937 morti
708 2893 781 2936 eam
808 2871 981 2936 obnoxiam
1003 2862 1112 2936 fuisse

40 2972 208 3052 oportuit.“
433 2971 435 2975 ’

93 3071 121 3136 S.
149 3069 369 3153 Epiphanium
400 3091 459 3152 pro
493 3069 615 3134 viribus
650 3089 804 3134 excusare
836 3075 944 3134 tentat
972 3066 1105 3133 (lardi-

39 3168 133 3234 nalis
149 3169 347 3234 Beronius
364 3168 413 3233 ita
427 3167 611 3251 loquens:⁸)
634 3168 760 3250 ,Quum
775 3167 977 3253 Epiphanius
993 3173 1106 3251 ageret

39 3266 182 3334 adversus
207 3267 389 3334 haereticos
421 3268 526 3333 carnis
557 3267 723 3350 spurcitiis
752 3267 843 3334 illam
869 3266 1105 3332 sanctissimam

39 3372 129 3450 atque
157 3367 245 3432 omui
271 3366 345 3432 labe
366 3367 572 3450 purissimam
599 3366 850 3432 calumniantes:
883 3367 953 3449 ipse
981 3370 1104 3442 contra,

40 3485 96 3547 quo
116 3469 217 3550 magis
240 3465 371 3530 illorum
391 3467 576 3549 procaciam
597 3466 803 3546 retunderet,
833 3487 871 3531 eo
893 3462 1105 3529 excellentiae

41 3563 145 3631 efferre
167 3572 302 3631 conatus
323 3570 390 3644 est,
419 3571 457 3630 ut
478 3565 564 3631 sicut
585 3565 720 3630 Henoch
741 3565 818 3630 olim
839 3561 1025 3640 translatus
1054 3558 1105 3625 vel

98 3731 117 3799 ¹)
132 3731 165 3785 ln
188 3730 409 3785 Sacramentario
425 3759 459 3768 ·-
476 3729 560 3784 Missa
582 3733 721 3800 Assumpt
742 3730 774 3784 B.
791 3730 829 3786 Μ.
846 3728 878 3784 V.
920 3728 942 3795 ²)
959 3726 1045 3782 serm.
1070 3723 1105 3779 do

40 3809 169 3881 Assumpt.
192 3812 224 3866 B.
240 3811 278 3866 Μ.
296 3812 328 3866 V.
369 3813 391 3878 ⁸)
410 3813 451 3867 De
476 3812 643 3869 dormitione
660 3813 793 3882 Virginis.
834 3813 856 3879 ⁴)
873 3812 913 3866 Do
937 3809 1105 3865 dormitione

41 3890 167 3962 Deiparas
191 3898 262 3948 orat
285 3893 307 3948 l.
347 3894 369 3961 ⁶)
391 3893 511 3960 Libii,
536 3912 578 3965 cp.
604 3899 645 3950 21.
686 3896 708 3962 ⁰)
729 3895 815 3951 Serm.
841 3894 876 3948 de
902 3891 1106 3961 assumptione.

41 3973 59 4039 ἵ)
74 3973 100 4028 L.
117 3993 140 4031 c.
157 3985 216 4046 cap.
233 3973 309 4043 VIII,
327 3993 354 4032 n.
370 3977 395 4031 4.
427 3979 449 4044 ⁸)
467 3978 511 4033 Ad
528 3996 629 4032 annun.
646 3979 679 4032 48
696 3976 720 4046 ξ.
738 3981 766 4031 ll
786 3995 826 4048 sq.
