2726 4560
765 340 804 398 a

304 502 377 568 Nou
399 502 530 585 quidem
551 501 668 566 desunt
689 499 780 578 libri,
804 497 860 580 qui
880 495 994 575 multa,
1017 496 1075 561 sed
1095 497 1160 564 fide
1182 501 1327 586 indigna

243 603 283 668 de
305 601 486 679 nativitate,
509 599 549 664 de
571 597 836 681 praesentatione
857 595 1044 679 intemplo,
1067 595 1107 660 de
1129 598 1198 663 vita
1219 603 1346 668 activa¹

243 700 428 778 Nazarethi,
451 700 491 764 de
513 699 606 764 obitu
626 699 657 762 b.
674 697 817 782 Virginis
838 696 992 761 referant.
1035 695 1223 779 Audiamus,
1250 724 1327 786 quo·

243 800 339 866 modo
360 799 603 864 Benedictus
633 797 758 880 XIV.¹)
780 797 820 862 de
841 797 882 860 iis
900 794 1034 878 judicet.
1068 796 1241 876 „Fortasse
1264 823 1328 867 uon

243 921 337 965 uerno
360 898 541 976 mirabitur,
563 897 679 979 inquit,
701 917 760 961 nos
781 895 822 959 de
843 893 1024 959 Nativitate
1045 893 1163 960 beatae
1184 897 1330 988 Virginis

242 999 324 1064 nibil
344 997 478 1075 afferre3
500 996 559 1061 sed
580 1017 679 1078 quum
701 994 741 1059 de
764 1015 803 1058 ea
824 1014 916 1058 sacer
937 998 1047 1058 textus
1068 995 1199 1060 omnino
1220 997 1328 1077 sileat,
1347 1000 1348 1078 l

244 1099 404 1181 optimum
424 1095 608 1179 putarimus
638 1100 672 1158 et
692 1114 752 1158 nos
778 1091 876 1157 dere
898 1113 1032 1174 prorsus
1059 1091 1186 1158 incerta
1205 1102 1327 1176 tacere,

243 1196 283 1261 de
306 1217 371 1280 qua
400 1194 632 1278 quamplures
653 1192 795 1257 scribere
823 1190 1002 1268 voluerint,
1033 1211 1073 1254 ex
1093 1193 1235 1260 turbidis
1258 1196 1349 1300 fon-p

242 1295 340 1373 tibus,
364 1314 448 1377 quae
468 1291 685 1369 tradiderunt,
707 1289 854 1354 hausisse
875 1289 1036 1368 videntur,
1055 1298 1136 1373 puta
1158 1314 1198 1357 ex
1213 1294 1329 1362 Proto·

242 1394 432 1478 Evangelio,
463 1392 551 1476 quod
579 1396 691 1456 sancto
711 1389 835 1455 Jacobo
862 1387 946 1454 falso
975 1388 1149 1469 tribuitur,
1180 1414 1220 1457 ex
1242 1395 1327 1460 libro

244 1494 305 1576 „de
335 1499 411 1558 ortu
438 1490 618 1574 Virginis,“
651 1489 708 1573 qui
736 1509 907 1572 perperam
929 1486 1050 1553 'saneto
1078 1488 1201 1557 Jacobo
1229 1492 1350 1560 fratril

244 1592 376 1658 Domini
411 1591 516 1657 nostri
548 1589 627 1655 lesu
664 1588 806 1666 Christi,
846 1593 880 1651 et
916 1608 937 1652 a
974 1587 1169 1669 quibusdam
1205 1592 1328 1676 Cyrillo

235 1691 462 1757 Alexandrino
484 1689 668 1766 ascribitur,
687 1707 727 1750 ex
743 1686 827 1750 libro
849 1685 953 1750 altero
980 1685 1040 1768 ,de
1062 1693 1137 1752 ortu
1153 1689 1327 1774 Virginis,“
1350 1765 1351 1790 χ

244 1792 336 1876 cujus
358 1797 525 1856 auctorem
548 1788 701 1854 Seleucus
729 1785 812 1850 falso
833 1783 1004 1849 affirmavit
1029 1783 1129 1851 fuisse
1152 1793 1327 1873 evangelis·

244 1897 314 1956 tam
335 1889 553 1966 Matthaeum‚
584 1908 624 1951 ex
652 1885 876 1952 commentitia
903 1885 1007 1950 sancti
1034 1885 1149 1952 Evodii
1177 1890 1326 1972 epistola,

233 1995 278 2053 et
311 2011 350 2054 ex
381 1988 535 2072 opusculo
569 1986 629 2068 „de
663 1984 843 2050 Nativitate
877 1990 1009 2048 sauctae
1041 1983 1202 2066 Mariae‚“
1238 1991 1352 2073 quod}

243 2087 393 2153 monachi
418 2109 442 2151 s.
472 2086 580 2151 Mauri
607 2087 642 2149 iu
670 2085 812 2150 editione
841 2106 865 2147 s.
895 2084 1083 2167 Hieronymi
1110 2093 1187 2151 tom.
1216 2089 1255 2153 V.
1287 2090 1327 2154 ad

163 2189 166 2195 ’
244 2187 366 2268 scripta
393 2207 416 2249 s.
445 2184 587 2250 doctoris
616 2185 727 2266 spuria
754 2175 945 2267 rejecerunt.
989 2183 1090 2248 Nobis
1119 2185 1353 2280 111111111111111

245 2285 412 2368 probatur,
436 2284 524 2367 quod
545 2283 676 2366 scripsit
704 2305 728 2347 s.
751 2282 994 2365 Anselmus.²)
1037 2283 1143 2365 ,Illud
1164 2287 1254 2369 apud
1276 2310 1325 2352 me
1352 2287 1353 2292 ’

244 2384 390 2466 conjicio,
408 2383 623 2448 Nativitatem
641 2383 710 2465 ejus
728 2403 844 2465 magna
861 2388 961 2464 atque
979 2382 1127 2447 miranda
1142 2384 1326 2451 divinorum

243 2483 408 2565 signorum
437 2482 558 2547 indicia
579 2483 807 2566 praecurrisse.
852 2483 942 2560 Quae
970 2489 1080 2547 tamen
1108 2471 1166 2548 illa
1193 2484 1325 2563 fuerint,

243 2581 331 2647 solus
353 2582 422 2663 ipse
444 2582 514 2646 sine
536 2581 687 2665 scrupulo
709 2582 813 2660 novit,
837 2581 893 2664 qui
915 2602 995 2660 eam,
1018 2587 1195 2664 antequam
1215 2606 1325 2650 nasce-

243 2687 350 2758 retur,
384 2680 418 2743 in
446 2679 587 2744 Matrem
615 2680 742 2763 elegit.“
792 2680 917 2772 Quibus
949 2679 1128 2744 doctissimi
1155 2681 1326 2748 Benedicti

244 2779 351 2844 verbis
374 2781 613 2845 consentientes
634 2802 699 2846 non
719 2780 782 2844 nisi
803 2780 844 2844 de
871 2787 1047 2862 tempore
1075 2801 1112 2844 ao
1140 2780 1236 2860 loco,
1261 2806 1324 2866 quo

246 2877 276 2942 b.
299 2879 398 2960 Virgo
421 2885 500 2943 nata
521 2877 631 2957 fuerit,
654 2900 759 2962 pauca
780 2879 1018 2962 subjungemus.

310 2999 335 3056 l.
367 2994 481 3071 Quoad
509 2994 698 3060 Natiuitatis
727 2994 829 3064 diem
857 2994 1096 3060 Chronicum
1122 2993 1323 3076 Paschale‚

211 3099 216 3114 '
246 3092 337 3173 cujus
359 3099 475 3157 auctor
496 3095 633 3176 septimo
655 3095 737 3159 vixit
758 3094 904 3172 saeculo,
927 3094 1055 3158 scribit:
1085 3095 1226 3177 ,Mensis
1247 3098 1325 3180 Sep-

156 3242 159 3247 .
242 3189 379 3255 tembris
400 3191 487 3255 VIII.
516 3191 671 3257 feriali.
704 3192 884 3257 indictione
911 3192 979 3257 XV.
1001 3199 1080 3257 nata
1109 3200 1159 3259 est
1188 3195 1326 3261 Domina

243 3296 356 3353 nostra
377 3289 439 3354 Dei
467 3292 608 3374 genitrix
637 3312 677 3355 ex
702 3291 851 3356 Joaohim
879 3297 913 3355 et
941 3291 1065 3355 Anna.“
1078 3293 1104 3374 ³)
1146 3293 1199 3358 lta
1227 3295 1326 3359 etiam

242 3394 386 3453 testatur
408 3411 431 3453 s.
453 3390 626 3456 loannes
649 3390 915 3454 Damascenus
937 3390 1126 3473 inquiens,⁴)
1149 3391 1324 3476 Deiparam

242 3484 409 3569 Virginem
443 3487 545 3554 fuisse
581 3495 693 3554 natam
730 3489 764 3553 in
800 3490 919 3553 meuse
943 3489 1126 3572 Septembri
1157 3497 1324 3575 tamquam

309 3732 330 3797 ¹)
347 3733 378 3788 L.
396 3750 419 3789 c.
437 3753 481 3804 op.
498 3734 538 3790 IX
554 3754 581 3790 n.
602 3738 641 3791 12.
680 3737 702 3804 2)
719 3736 760 3790 De
783 3738 951 3793 excellentia
969 3739 1094 3809 Virginis
1116 3755 1160 3808 ep.
1177 3743 1201 3794 2.
1242 3740 1262 3805 3)
1280 3740 1322 3794 ln·

242 3815 389 3870 nocentius
414 3815 462 3872 Xl.
488 3816 630 3872 damnavit
662 3834 786 3873 errorem
817 3820 958 3888 cujusdam
987 3821 1165 3891 Neapolitani
1197 3823 1322 3884 dicentis,

242 3897 352 4036 ganam
374 3899 483 4034 ilntegra
504 3899 666 3969 virginitate
684 3901 802 3956 Mariam
818 3904 967 3973 peperisse.
1007 3905 1030 3974 ⁴)
1046 3905 1088 3960 De
1105 3905 1220 3962 Nativit.
1239 3907 1267 3961 B.
1286 3906 1322 3960 M.

269 3987 362 4036 .orat.
395 4021 402 4036 .
