2726 4560
710 349 797 408 ·40

302 511 330 574 3.
353 506 1140 592 DoctorAngelicussibiproponitquaestionem:
1161 510 1320 593 ,Utrum
1342 535 1343 600 ᾗ

237 607 269 673 b.
291 607 414 690 Virgo
435 627 508 690 per
529 606 914 673 sanctificationem
934 607 1067 673 luerit
1088 615 1319 687 consecuta,

238 713 524 790 utnunquam
555 707 788 789 peccaret.“
837 705 881 771 Et
911 707 1088 790 respondet
1120 707 1319 773 affirmative.

146 795 148 799 ¹
240 807 367 888 ,Quum
402 805 519 871 eximio
559 813 593 871 ot
631 806 788 888 singulari
823 804 964 889 quodam
1002 807 1097 871 modo
1136 807 1201 872 Dei
1238 807 1343 872 filius

239 906 274 972 in
295 905 325 970 b.
348 905 481 988 Virgine
509 905 715 983 habitaverit,
738 905 931 988 simpliciter
958 905 1128 970 fatendum
1151 914 1217 986 est,
1254 927 1321 971 eam

236 1025 298 1070 nec
327 1004 465 1068 mortale
494 1025 553 1068 nec
580 1003 706 1068 veniale
734 1011 906 1086 peccatum
933 1027 1078 1089 unquam
1108 1007 1321 1083 commisisse

239 1103 301 1168 hoc
333 1103 419 1166 enim
457 1103 491 1166 in
527 1101 588 1166 filii
621 1099 835 1184 ‘ignominiam
875 1102 1112 1186 quodammodo
1143 1105 1320 1188 vergeret.“

238 1202 334 1285 ,Non
362 1202 494 1281 fuisset,
524 1202 640 1284 inquit,
651 1203 674 1284 ¹)
706 1201 825 1268 idonea
853 1202 961 1268 Mater
989 1203 1067 1282 Dei,
1100 1204 1129 1268 si
1156 1197 1343 1286 peccasset}

238 1302 436 1386 aliquand0“
458 1309 530 1367 tum
550 1302 628 1384 quia
645 1301 750 1367 honor
765 1309 939 1384 pareutum
959 1302 1124 1368 redundat
1147 1304 1182 1367 in
1199 1304 1321 1386 prolem
1342 1307 1343 1388 i

241 1402 419 1467 secundum
440 1402 522 1466 illud
542 1402 790 1468 Proverbiorum
811 1401 911 1466 XVII.
935 1402 1058 1484 ,gloria
1078 1401 1240 1481 filiorum,
1270 1425 1321 1486 ps·
1342 1417 1343 1477 l

240 1508 309 1566 tres
331 1522 460 1582 eorum;
489 1501 575 1567 unde
604 1508 639 1566 et
659 1522 719 1584 per
740 1500 926 1583 oppositum
948 1499 1126 1584 ignominia
1146 1503 1264 1568 matris
1284 1501 1321 1566 ad
1342 1579 1343 1594 χ

241 1599 345 1665 filium
366 1600 596 1665 redundasset:
625 1600 707 1668 Tum
729 1600 843 1678 etiam,
867 1600 945 1683 quia
967 1601 1165 1683 singularem
1187 1601 1320 1668 affinita·
1342 1651 1343 1656 1

241 1707 308 1765 tem
329 1699 445 1765 habuit
466 1700 508 1764 ad
530 1700 711 1777 Christum,
742 1699 799 1782 qui
821 1698 863 1762 ab
885 1719 924 1763 ea
953 1720 1083 1764 carnem
1104 1701 1250 1782 accepit:
1279 1699 1320 1764 di·

241 1800 328 1864 citur
348 1806 467 1864 autem.
512 1804 539 1862 2.
564 1799 636 1864 Cor.
658 1797 717 1863 Vl:
750 1798 882 1880 „Quae
911 1800 1137 1865 conventio
1162 1799 1321 1865 Christi

241 1899 291 1964 ad
311 1898 493 1964 Belial?“
515 1898 596 1962 Tum
619 1897 727 1975 ctiam,
751 1897 827 1980 quia
848 1896 1006 1980 singulari
1026 1898 1122 1962 modo
1144 1899 1209 1963 Dei
1231 1898 1319 1974 filius,
1342 1889 1343 1974 l

249 2035 445 2046 *u———a-—n--u-

241 2097 347 2151 tatione
371 2096 424 2164 „de
448 2096 614 2165 hyperdulia
636 2099 748 2167 ejusque
771 2098 980 2155 fundamento.“
1016 2100 1120 2168 „Dst0,
1145 2106 1189 2156 ast
1212 2103 1319 2155 minime

242 2196 387 2245 concesso,
418 2180 521 2250 inquit,
550 2180 723 2235 Bernardum
749 2185 778 2236 et
803 2181 937 2235 Thomam
962 2184 1131 2237 contrariam
1157 2185 1319 2240 sententiam
1342 2181 1343 2248 l

241 2263 371 2330 tonuisse,
388 2262 423 2316 ad
440 2281 576 2317 summum
593 2267 763 2334 sequeretur,
781 2263 831 2318 hos
850 2269 959 2318 sanctos
976 2263 1110 2320 Doctores
1127 2265 1244 2323 humaui
1261 2263 1320 2334 quid
1342 2269 1343 2304 l

241 2345 326 2400 fuisse
343 2363 448 2414 passos,
475 2363 532 2400 non
555 2347 732 2402 attendentes
758 2347 794 2400 ad
808 2347 938 2401 ultimam
963 2346 1108 2402 doctrinae
1134 2349 1260 2416 capitum
1283 2363 1320 2400 se·

243 2429 360 2496 quelsm.
393 2427 473 2496 Quod
496 2433 589 2484 tamen
606 2431 719 2485 nonita
743 2429 825 2484 facile
843 2429 979 2499 quispiam
997 2431 1203 2498 adfirmaverit,
1230 2447 1319 2501 quous·

243 2527 296 2580 que
320 2511 424 2567 invicte
450 2514 668 2578 demonstretur,
694 2529 741 2568 eos
766 2529 866 2567 revera
890 2512 1067 2582 privilegium
1094 2514 1175 2568 divae
1201 2512 1319 2584 Virginis
1342 2503 1343 2564 l

242 2610 371 2664 negasse,
397 2597 561 2664 praesertim
585 2597 610 2650 si
633 2595 698 2650 hinc
723 2596 789 2650 indo
813 2600 907 2651 textus
933 2597 1054 2665 oppositi
1078 2596 1184 2652 adferri
1208 2597 1319 2667 possint;

242 2677 378 2746 quivero
403 2679 537 2733 contrarii
563 2696 622 2734 esse
646 2679 809 2745 videantur,
836 2680 906 2733 tales
930 2695 1028 2747 reapse
1052 2697 1108 2734 non
1132 2680 1203 2744 sint,
1229 2678 1319 2748 quibus
1342 2707 1343 2746 t

242 2761 353 2815 occurri
371 2762 428 2814 ullo
445 2761 528 2816 modo
545 2767 671 2831 nequeat.
705 2762 813 2832 Regula
831 2762 906 2815 enim
922 2761 1054 2816 hermene
1073 2763 1177 2817 eutices
1195 2762 1318 2832 postulat,
1342 2759 1343 2838 l

243 2852 275 2900 ut
298 2846 359 2900 loca
382 2846 467 2900 dubia
483 2848 528 2901 vel
552 2848 670 2902 obscura
694 2863 729 2900 ex
746 2848 808 2901 aliis
824 2847 893 2900 locis
919 2847 1001 2900 claris
1024 2855 1053 2900 et
1070 2845 1227 2914 perspicuis
1244 2847 1319 2898 inter·
1342 2849 1343 2908 ζ

242 2935 393 2997 pretemur.
434 2929 497 2984 Jsm
521 2947 589 2984 varo
618 2945 702 2998 quum
726 2930 853 2997 nuspiam
884 2927 1012 2983 doctrina
1041 2929 1156 2996 alicujus
1180 2924 1318 2997 scriptoris
1342 2929 1343 2992 l

244 3013 348 3066 certius
365 3012 548 3082 percipiatur,
573 3028 656 3080 quam
673 3027 708 3065 ex
725 3011 882 3080 principiis,
909 3027 979 3080 quae
1000 3011 1122 3078 scriptor
1138 3010 1318 3079 amplectitur,

243 3094 268 3148 si
290 3095 431 3164 principia
456 3096 532 3148 clara
557 3100 586 3150 et
610 3097 754 3151 evidentia
778 3098 857 3161 suut,
884 3112 919 3149 ex
944 3095 977 3149 iis
1000 3096 1097 3163 utique
1122 3095 1184 3148 loos
1210 3095 1319 3148 obscura
1342 3099 1343 3162 l

244 3194 354 3232 sensum
377 3195 457 3233 suum
473 3180 594 3234 mutuari
619 3179 730 3234 debent.
764 3177 934 3248 Enpropter,
959 3195 1014 3246 quo
1037 3185 1164 3245 tempore
1185 3173 1319 3230 scribebat

245 3259 407 3327 Mellifluus,
432 3263 546 3316 termini
564 3263 599 3316 de
621 3263 804 3331 conceptione
825 3255 952 3330 usurpari
975 3277 1049 3315 nuuc
1066 3260 1141 3315 soliti
1159 3277 1245 3328 quum
1261 3273 1319 3311 non·
1342 3287 1343 3334 p

245 3344 312 3398 dum
326 3344 412 3398 fixum
425 3345 560 3400 haberent
574 3346 759 3413 intellectum
778 3361 863 3413 quum
879 3345 942 3398 loca
958 3344 1118 3412 exscriptis
1132 3342 1189 3397 divi
1204 3342 1319 3396 Thomas
1342 3343 1343 3360 l

244 3429 392 3497 desumpta
407 3434 436 3482 et
448 3429 594 3497 privilegio
611 3427 804 3482 immaculatae
817 3425 1012 3494 Conceptiouis
1025 3427 1053 3478 in
1067 3425 1161 3494 specie
1178 3422 1318 3482 contraria

244 3512 347 3581 partim
364 3513 482 3566 obscura
504 3513 573 3579 sint,
598 3513 700 3580 partim
723 3512 874 3580 benignam
891 3510 1035 3579 patiantur
1052 3508 1318 3576 interpretationem
1342 3495 1343 3560 l

181 3661 184 3666 ι
245 3612 329 3665 quum
349 3600 495 3664 practerea
514 3595 655 3665 principis
671 3594 769 3648 horum
790 3595 960 3662 scriptorum
981 3593 1038 3646 sint
1059 3590 1200 3644 evidentia
1217 3591 1319 3658 sponte·

245 3667 298 3748 que
316 3678 420 3733 ducant
444 3678 480 3732 ad
497 3678 717 3743 conclusionem,
742 3693 825 3746 quam
843 3675 974 3730 Ecclesia
989 3689 1039 3728 suo
1056 3671 1205 3728 doctrinali
1220 3668 1318 3740 jndicio
1342 3691 1343 3734 ;

245 3761 381 3828 firmavit,
406 3779 463 3816 nou
488 3766 545 3827 est,
576 3777 627 3815 cur
651 3765 717 3814 nota
740 3755 988 3828 ¹inconsequentiae
1012 3761 1159 3818 taxentur,
1185 3765 1317 3823 quousque
1342 3743 1343 3786 l

245 3844 357 3900 taudem
374 3844 511 3914 quispiam
528 3844 673 3900 evidenter
691 3842 937 3908 demonstraverit,
954 3837 1212 3906 inconsequentiam
1229 3849 1318 3891 revers
1342 3839 1343 3928 ,

245 3930 338 3982 locum
354 3927 508 3982 habuisse.“

313 4011 333 4076 ¹)
350 4008 401 4078 111,
418 4027 444 4078 p.
463 4028 488 4079 q.
507 4009 620 4067 xxvii.
637 4026 660 4064 a.
678 4011 702 4065 4.
