2726 4560
756 364 793 422 16

230 528 293 595 tibi
315 524 376 590 soli
396 520 601 604 singularem.
644 520 690 586 At
718 543 790 588 eam
816 524 982 589 invenisti!
1012 525 1098 609 Ergo
1119 527 1211 592 illam
1232 532 1322 595 ami-

232 626 312 692 sisti.
365 622 404 687 Id
435 619 522 684 enim
557 618 662 684 solum
693 621 872 700 invenitur,
913 623 1000 706 quod
1035 632 1107 690 erat
1137 626 1321 709 perditum.

232 722 420 808 Respondet
448 716 631 784 Didacus
661 720 729 786 del
757 722 1054 806 Cantillo,¹)·ex
1075 726 1181 792 verbis
1203 730 1323 812 angeli

233 824 361 903 omnino
399 816 599 885 contrarium
630 843 761 886 sensum
791 820 915 886 hauriri
954 843 994 887 ex
1030 845 1088 903 eo,
1129 827 1217 910 quod
1249 849 1323 892 non

233 923 367 1001 dixerit,
397 921 535 1005 gratiam
556 920 716 987 invenisse
737 919 890 998 Mariam,
921 920 978 985 scd
1000 943 1017 986 e
1040 930 1154 988 contra
1175 925 1324 992 Mariam

231 1021 391 1088 invenisse
413 1023 560 1106 gratiam.
594 1021 629 1087 Si
650 1041 734 1102 ergo,
753 1019 840 1102 quod
858 1024 930 1084 erat
948 1020 1120 1103 perditum,
1138 1023 1322 1118 invenitur,

231 1121 338 1186 Maria
357 1108 510 1205 gratiani,
543 1121 662 1186 delicto
692 1118 789 1201 primi
816 1118 962 1200 parentis
989 1120 1151 1202 perditam
1179 1123 1322 1207 invenit,

233 1221 291 1286 sed
311 1221 418 1304 gratia
430 1221 496 1286 illa
511 1221 576 1287 fuit
593 1219 700 1303 gratia
721 1217 895 1300 originalis.
929 1218 1036 1296 Quare
1059 1221 1158 1285 etiam
1179 1223 1324 1290 Idiota

233 1319 361 1385 scribit:
375 1320 401 1404 ²)
426 1319 602 1402 ,Invenisti
619 1318 718 1400 Virgo
740 1316 845 1381 Maria
865 1317 1005 1399 gratiam
1024 1318 1206 1401 coelestem,
1230 1314 1323 1406 qnae

232 1419 297 1485 fuit
317 1419 353 1483 in
373 1426 407 1485 te
429 1419 470 1485 ab
494 1417 645 1502 originali
664 1416 738 1481 labe
759 1417 1009 1499 praeservatio.“

294 1523 323 1581 4.
358 1518 482 1600 ,Quia
510 1517 617 1583 fecit
645 1515 744 1580 mihi
772 1536 931 1598 magna,
962 1523 1075 1581 cantat
1102 1516 1133 1582 b.
1163 1518 1322 1605 Virg0,³)

234 1618 302 1701 qui
335 1625 490 1701 potens
522 1618 617 1683 est.“
667 1615 732 1698 ,At
764 1615 843 1698 quid
870 1614 1099 1708 magnifacit,
1132 1618 1324 1704 interrogat

234 1717 357 1800 optimo
389 1717 463 1801 jure
496 1713 763 1796 Salmeron,⁴)
795 1714 919 1778 sinon
950 1717 1192 1796 praeservavit?
1230 1719 1323 1784 Nam

233 1816 447 1881 sanctificatio
471 1838 491 1881 a
513 1815 632 1880 delicto
654 1819 822 1878 contracto
844 1813 943 1878 etiam
964 1814 998 1876 in
1021 1821 1114 1879 utero
1137 1821 1324 1884 communis

234 1922 320 1980 essct
360 1915 488 1998 Virgini
535 1928 623 1980 cum·
646 1913 718 1977 aliis
757 1912 967 1995 quibusdam,
1007 1920 1045 1979 ut
1083 1937 1157 1980 cum
1188 1917 1323 1985 Joanne

233 2015 386 2098 Baptista
415 2022 449 2080 et
476 2014 617 2080 Jcremia
649 2019 683 2077 et
710 2012 783 2076 aliis
812 2011 1020 2094 quibusdam,
1053 2021 1092 2080 ut
1123 2015 1163 2080 de
1189 2017 1322 2084 Jacobo

224 2113 336 2179 ‘fratre
366 2114 498 2178 Domini
527 2118 669 2178 testatur
695 2111 919 2194 Hieronymus.
927 2111 953 2193 ⁵)
996 2111 1040 2175 At
1067 2113 1191 2196 majora
1217 2117 1323 2198 privi-

233 2212 320 2295 legia
341 2213 442 2278 Matri
464 2212 540 2290 Dei,
571 2232 668 2293 quam
696 2211 796 2275 servis
824 2211 892 2292 ejus
921 2210 1127 2276 concedenda
1149 2221 1258 2294 erant,
1294 2219 1325 2282 si

235 2312 331 2376 homo
365 2312 465 2376 etiam
495 2331 587 2376 servo
619 2316 735 2392 suapte
767 2315 885 2374 natura
912 2308 1041 2388 futuro,
1077 2313 1134 2394 qui
1165 2334 1183 2377 e
1214 2317 1323 2382 servis

234 2411 427 2495 parentibus
448 2415 653 2487 nasceretur,
684 2408 805 2485 donare
833 2406 1019 2473 libertatem
1047 2416 1171 2492 potest,
1201 2411 1251 2476 ita
1281 2423 1323 2481 ut

234 2515 411 2593 conceptus
433 2516 594 2592 natusque
616 2508 714 2586 liber,
737 2529 801 2571 non
823 2529 933 2572 servus
955 2509 1089 2588 existat,
1118 2511 1233 2593 quidni
1253 2513 1323 2580 hoc

233 2609 342 2674 valcat
362 2609 465 2674 multo
487 2608 589 2691 magis
610 2629 796 2690 supremum
817 2606 899 2670 illud
919 2627 957 2671 ac
979 2606 1123 2672 divinum
1143 2615 1297 2674 nomen.“

296 2707 448 2772 Contra
481 2713 757 2789 argumentum
786 2727 826 2769 ex
849 2727 872 2770 s.
897 2706 1066 2789 Scriptura
1086 2705 1322 2792 depromptum

235 2806 413 2872 adversarii
444 2812 555 2870 textus
586 2806 689 2870 citare
720 2804 828 2870 solent
856 2804 946 2883 illos,
979 2805 1036 2888 qui
1067 2805 1172 2889 legem
1199 2813 1322 2886 mortis

234 2905 389 2970 exhibent
420 2904 635 2970 universalem
669 2925 717 2986 vg.
772 2904 913 2984 ,Siout
943 2903 984 2968 in
1016 2903 1142 2969 Adam
1174 2927 1321 2975 omnes

234 3004 491 3084 moriuntur,
523 3004 585 3069 ita
614 3009 655 3067 et
682 3003 724 3066 in
753 3001 924 3068 Christo
958 3023 1096 3069 omnes
1123 3005 1321 3075 vivifica-

234 3102 467 3185 buntur.“⁶)
510 3103 573 3185 ,si
593 3124 698 3166 unus
719 3122 792 3184 pro
820 3101 1009 3166 omnibus
1030 3111 1221 3170 mortuus
1243 3117 1320 3189 est,

235 3225 329 3285 ergo
359 3224 498 3268 omncs
525 3203 680 3267 mortui
707 3202 870 3284 sunt.“⁷)
919 3201 1097 3267 Audiamus
1126 3204 1155 3268 d.
1187 3205 1322 3289 Augu-

235 3303 391 3368 stinum
418 3301 480 3367 hac
509 3302 549 3367 de
578 3301 769 3366 difficultate
791 3300 1045 3386 disserentem&
1089 3303 1201 3385 ,Sicut
1221 3305 1320 3390 iliud,

236 3401 323 3485 quod
344 3402 474 3467 dictum'
498 3409 547 3467 cst
576 3422 732 3484 ,omnes
765 3400 805 3464 in
833 3399 1005 3466 Christo
1038 3401 1321 3471 vivificabun-

234 3502 339 3579 tur,“
369 3523 469 3584 quum
490 3508 602 3574 tamen,
621 3500 717 3565 multi
738 3506 872 3564 aeterna
893 3506 998 3564 morte
1019 3500 1211 3582 puniantur,
1240 3503 1320 3572 ideo

235 3599 359 3664 dictum
381 3607 447 3679 est,
478 3600 555 3682 quia
584 3620 695 3664 omncs
717 3599 911 3682 quicumque
933 3598 1034 3664 vitam
1055 3607 1221 3667 aeternam
1242 3626 1321 3686 per-

301 3773 321 3829 ¹)
345 3769 386 3822 De
408 3768 531 3822 vestibus
550 3768 668 3821 Aaronia
690 3768 718 3820 in
738 3767 816 3822 Vera.
833 3770 866 3821 20
883 3785 918 3837 cp
944 3771 983 3824 26.
1025 3769 1048 3834 ²)
1071 3768 1180 3823 Consid.
1198 3772 1214 3824 6
1231 3768 1266 3823 de
1285 3771 1320 3828 B.

234 3848 272 3903 Μ.
290 3849 323 3904 V.
367 3852 388 3917 ⁸)
411 3849 476 3903 Luc.
495 3849 516 3913 Ι,
535 3851 574 3903 49.
615 3851 639 3914 ⁴)
662 3849 702 3902 De
721 3849 837 3903 inantia
854 3850 1008 3905 Salvatoris
1022 3856 1089 3905 tom.
1107 3850 1158 3916 ΙΙΙ,
1175 3855 1257 3906 tract.
1277 3857 1320 3910 12.

233 3934 255 4000 ⁵)
277 3933 318 3986 Ex
333 3932 491 4000 Hegesippo
508 3933 537 3985 in
554 3932 602 3986 lib.
617 3932 652 3985 dc
667 3933 767 3998 Script.
785 3933 969 3990 accitani.
1002 3934 1024 4001 ⁶)
1044 3938 1055 3987 l
1072 3935 1133 3989 Cor.
1149 3934 1262 4001 XXXV,
1275 3938 1319 3992 22.

234 4017 254 4082 2)
270 4019 286 4068 2
304 4017 364 4072 Cor.
383 4016 415 4082 V,
436 4019 475 4069 14.
509 4017 531 4082 ⁸)
551 4017 582 4067 ln
600 4017 680 4085 epist.
699 4017 745 4068 107
764 4031 807 4084 cp.
824 4018 849 4071 6.
