2728 4560
573 350 629 410 181

69 511 132 576 lere
153 531 223 576 sese
243 509 380 588 habent,
412 515 450 574 ut
471 509 635 592 sponsalia
663 517 698 574 et
717 511 960 581 matrimonium
989 511 1028 575 de
1049 532 1143 593 prae·

70 611 164 690 senti;
196 615 307 674 votum
337 608 422 673 enim
448 608 585 692 simplex
612 608 859 690 promissionem
889 610 1053 693 quandam
1079 611 1143 674 vir·

69 709 209 792 ginitatis
228 707 405 773 servandae
424 706 592 790 significat,
613 707 755 772 solemne
773 729 849 772 vero
867 709 1144 774 consecrationem

67 809 272 892 corporisque
294 807 345 872 sui
366 807 578 872 traditionem
599 829 716 890 sponso
737 807 860 872 factam
882 807 1024 873 coelesti.

122 908 244 974 Votum
267 928 364 989 porro
392 906 606 990 distinguitur
632 907 666 971 in
695 907 922 984 absolutum
950 914 985 972 et
1013 907 1142 972 condi·

68 1007 270 1072 tionatum.
313 1005 434 1071 Votum
456 1006 643 1071 absolutum
663 1006 754 1070 nulla
781 1006 967 1072 conditione
990 1006 1142 1072 obstante

69 1106 247 1173 executioni
286 1105 399 1170 statim
439 1105 660 1170 mandandum
700 1113 751 1170 est
791 1106 967 1189 statimque
1008 1106 1141 1187 obligat.

66 1204 180 1269 Votum
213 1210 338 1282 antem,
377 1203 464 1286 quod
495 1205 623 1269 ratione
655 1204 851 1269 conditionis
874 1205 1052 1288 appositae
1083 1226 1141 1287 pro

67 1304 171 1386 aliquo
203 1304 359 1387 temporis
392 1304 498 1385 spatio
532 1304 716 1368 executioni
747 1325 812 1368 non
843 1303 1032 1382 mandatur,
1068 1325 1143 1367 con-

68 1402 259 1468 ditionatum
294 1401 481 1485 appellatur
513 1403 697 1486 iterumque
737 1402 857 1485 duplex
890 1410 954 1467 est:
993 1402 1143 1467 Alterum

67 1501 121 1565 sub
151 1501 338 1566 conditione
368 1501 637 1585 suspendente
667 1502 735 1565 voti
765 1501 1010 1584 obligationem,
1041 1500 1143 1565 donec

65 1598 197 1684 impleta
219 1605 269 1663 est
291 1599 434 1665 conditio
459 1621 517 1664 scu
539 1600 642 1664 donec
665 1600 753 1664 Deus
774 1599 974 1678 revelaverit,
996 1599 1058 1664 hoc
1080 1598 1144 1663 sibi

66 1698 206 1780 placere;
228 1699 368 1764 alterurn
390 1700 449 1764 sub
472 1699 667 1778 conditione,
685 1721 750 1764 non
773 1699 904 1782 quidem
924 1697 1143 1780 suspendente

67 1798 128 1862 voti
150 1796 397 1880 obligationem,
421 1798 478 1862 scd
504 1798 759 1882 praeligente
785 1798 1010 1876 terminum,
1041 1796 1143 1860 donec

66 1917 177 1978 nempe
199 1896 239 1961 de
262 1898 426 1961 contraria
445 1897 507 1961 Dei
528 1897 696 1962 voluntate
715 1902 842 1962 constet
860 1918 917 1961 seu
936 1897 1037 1961 donec
1055 1896 1143 1960 Deus

67 1997 264 2060 contrarium
287 1995 488 2062 revelaverit.
533 1993 665 2073 Quibus*
678 1996 863 2079 praemissis
885 1997 1037 2061 dicimus:

126 2100 151 2157 1.
187 2094 309 2160 Votum
337 2117 357 2160 a
385 2095 574 2160 beatissima
601 2096 735 2177 Virgine
765 2097 916 2160 emissum
947 2117 1023 2160 non
1056 2100 1143 2159 erat

67 2200 194 2258 votum
222 2193 406 2272 solemne,
435 2194 492 2258 sed
521 2195 696 2277 simplex.
740 2196 778 2260 In
804 2196 1028 2278 probabilibus
1057 2195 1143 2259 enim

67 2299 208 2357 veterum
239 2293 370 2375 scriptis
402 2292 493 2358 nulla
524 2295 646 2359 mentio
684 2293 774 2359 facta
810 2302 859 2359 est
890 2294 1053 2377 pontificis
1085 2315 1143 2358 seu

66 2391 176 2475 templi
192 2390 322 2456 Judaici
340 2382 507 2474 praesidis,
527 2414 636 2458 coram
654 2414 718 2477 quo
740 2415 764 2457 s.
784 2393 928 2476 Deipara
945 2393 1143 2476 virginitatis

67 2496 173 2555 votum
202 2491 356 2555 emiserit.
400 2490 554 2573 „Certum
583 2492 639 2572 sit,
669 2493 777 2575 inquit
803 2492 991 2576 Vasquez‚
1003 2494 1027 2574 1)
1059 2491 1141 2555 illud

65 2611 127 2653 non
149 2589 251 2654 luisse
274 2589 416 2654 solemne
446 2597 516 2654 tam
544 2591 578 2653 in
607 2591 757 2673 opinione
785 2611 911 2670 eorum,
942 2592 999 2675 qui
1020 2591 1142 2668 dicunt,

66 2688 303 2754 solemnitatem
324 2689 392 2754 voti
414 2709 483 2753 esse
502 2689 585 2771 juris
607 2689 709 2754 divini
730 2696 764 2754 et
786 2695 890 2755 totam
910 2691 944 2754 in
966 2690 1143 2754 traditione

65 2789 216 2866 voventis,
237 2809 321 2872 quae
343 2787 402 2852 fiat
421 2788 490 2852 Deo
512 2789 653 2870 positam
675 2810 754 2868 esse,
775 2807 872 2872 quam
892 2789 925 2853 in
947 2789 1144 2852 sententiam
1192 2815 1198 2839 ι

66 2905 189 2965 eorum,
212 2887 269 2970 qui
290 2894 455 2966 asserunt,
479 2887 718 2952 solemnitatem
740 2887 808 2953 solo
828 2889 900 2970 jure
924 2888 1143 2952 ecclesiastico

65 2986 286 3052 introductam
324 2985 445 3064 fuisse3
486 3007 563 3050 nam
604 2985 639 3050 hi
679 2985 851 3050 manifeste
894 2985 1027 3064 docent,
1069 2991 1145 3067 post

65 3085 227 3151 Christum
250 3085 415 3149 inventam
434 3083 560 3166 luisse,
590 3085 624 3148 in
654 3090 743 3149 statu
765 3072 894 3149 tantum
924 3084 1088 3167 religionis
1111 3092 1145 3150 et

64 3185 176 3250 ordine
198 3204 305 3262 sacr03
334 3182 383 3246 illi
403 3204 479 3248 vero
508 3182 635 3261 dicunt,
666 3182 876 3248 traditionem
898 3205 1064 3267 nunquam
1085 3205 1145 3267 per

65 3290 175 3349 votnm
195 3283 317 3348 factam
338 3280 438 3348 fuisse
457 3282 541 3360 De0;
563 3281 613 3346 vel
631 3280 702 3346 ficri
720 3281 875 3370 potuisse,
895 3282 958 3347 nisi
979 3284 1145 3366 assignata

64 3405 120 3464 per
139 3382 313 3448 'ecclesiam
334 3380 445 3464 aliqua
466 3380 587 3459 forma,
610 3380 669 3444 sub
693 3401 758 3462 qua
780 3379 891 3462 aliqua
911 3403 1051 3463 persona
1071 3382 1143 3446 loco

65 3482 124 3546 Dei
157 3483 257 3547 talem
291 3481 503 3547 traditionem
534 3479 713 3562 acceptet.“
750 3478 949 3544 ¹Plenissime
982 3481 1144 3545 consentit

64 3580 270 3646 Tostatus:
313 3581 454 3663 „Votum
493 3580 635 3644 solemne
672 3578 809 3661 impedit
846 3580 994 3644 contrahi
1032 3581 1143 3644 matri·

64 3681 218 3760 monium,
242 3679 366 3758 scribit,
376 3680 402 3762 2)
432 3686 466 3744 ct
487 3679 515 3743 si
539 3678 578 3742 de
600 3677 688 3742 facto
710 3685 915 3744 contractum
935 3679 1045 3758 luerit,
1067 3679 1144 3743 diri·

130 3912 151 3974 1)
168 3911 199 3965 ln
217 3911 271 3977 Ill,
292 3929 317 3980 p.
336 3911 406 3980 disp.
425 3910 545 3975 CXXIV,
564 3926 608 3979 cp.
628 3909 662 3972 V,
679 3928 706 3963 n.
724 3912 765 3964 93.
806 3913 827 3977 ²)
846 3909 876 3963 lu
896 3927 938 3978 cp.
958 3911 982 3976 l,
1001 3908 1100 3963 Matth.
1118 3925 1134 3976 q

65 3993 155 4062 xxx;
173 3994 294 4049 Barthol.
312 3993 426 4048 Medina
438 3995 471 4047 'in
490 3994 540 4060 Ill,
558 4012 584 4062 p.
603 4012 628 4062 q.
648 3993 775 4060 XXVlll,
792 4011 816 4049 a.
833 3997 857 4048 4.
