2728 4554
746 325 808 387 440

228 483 362 568 ,Tanta
390 483 455 551 luit
475 484 616 570 dignitas
637 484 788 568 Virginis,
817 485 934 569 inquit,
946 485 970 568 1)
998 491 1038 551 ut
1059 486 1121 552 soli
1140 487 1206 553 Deo
1230 508 1291 572 cog·

235 583 400 650 noscenda
416 584 631 650 reservetur.“
659 584 784 667 ,Tanta
802 591 853 650 est
867 585 948 664 lana,
966 585 1014 652 ait
1032 586 1120 652 idem
1136 588 1293 671 scriptori

237 704 334 766 quam
364 683 395 748 ei
415 683 606 762 tribuimus,
636 704 736 766 quum
765 683 918 750 dicimus:
950 685 1080 767 ,Mater
1099 686 1196 764 Dei,“
1222 685 1293 770 quod

235 803 296 846 nec
317 782 352 845 in
372 782 520 865 personis
541 782 676 863 creatis,
706 787 744 847 ut
772 783 926 866 angelicis
953 783 1005 848 uel
1025 783 1223 864 hominibus,
1247 806 1295 849 nec

235 881 271 944 in
299 881 446 963 personis
474 881 627 946 increatis
661 881 824 964 reperitur
851 881 932 946 haec
960 881 1217 966 inexcogitabilis
1242 883 1296 966 dig·

236 980 331 1058 nitas,
354 980 486 1058 scilicet,
516 979 604 1065 quod
624 980 745 1045 habeat
767 981 829 1045 Dei
849 981 985 1062 Filium3
1013 982 1078 1046 nisi
1099 983 1134 1047 in
1155 1004 1217 1048 una
1236 1003 1294 1065 per-

237 1101 316 1145 sona
345 1080 467 1160 divina,
496 1101 580 1164 quae
610 1087 660 1146 θεῖ
687 1080 812 1160 Patris,
842 1087 876 1146 θῖ
903 1103 970 1146 una
996 1103 1137 1164 persona
1163 1083 1293 1158 humana

237 1199 322 1262 quae
340 1186 395 1270 est
414 1178 562 1244 Matris.“

300 1311 388 1376 Deus
414 1311 511 1376 Pater
542 1319 593 1378 θεῖ
619 1312 719 1377 Verbi
751 1311 851 1376 divini
877 1303 988 1377 Pater
1007 1313 1154 1396 quidem,
1187 1320 1220 1377 at
1242 1332 1294 1376 non

237 1409 358 1488 Mater,
387 1410 457 1474 sola
482 1410 581 1494 Virgo
611 1411 813 1476 sanctissima
829 1409 946 1475 'Mater
974 1417 1023 1476 θεῖ
1045 1412 1115 1476 Dei.
1158 1412 1196 1476 In
1221 1409 1293 1475 coelo

236 1508 335 1574 Pater
362 1516 496 1592 generat
523 1509 641 1574 Filium
669 1509 731 1574 sibi
758 1509 966 1592 coaequalem
996 1516 1029 1575 et
1056 1507 1295 1574 consubstantia-

236 1608 310 1686 lem,
329 1607 459 1690 plenam
477 1608 527 1673 sui
546 1607 719 1691 imaginem
740 1614 839 1690 atque
861 1606 1080 1690 splendorem:
1101 1608 1187 1672 undo
1208 1605 1295 1691 qualis

237 1707 351 1786 Pater,
381 1707 457 1772 talis
484 1707 594 1772 Filius.
636 1707 675 1770 In
703 1707 799 1771 terris
821 1706 920 1790 Virgo
949 1708 1062 1789 genuit
1090 1714 1226 1790 ,natura
1248 1704 1294 1768 mi·

237 1805 351 1871 rante“
380 1804 575 1870 Genitorem·
595 1827 702 1883 suum,
737 1805 794 1888 qui
822 1805 911 1870 Deus
943 1812 993 1871 est
1021 1813 1055 1870 et
1081 1828 1142 1889 per
1168 1803 1295 1870 humani-

237 1910 341 1969 tatem
370 1903 602 1969 eidem-Matri
629 1903 930 1980 consubstantialis:
960 1904 1065 1988 qualis
1095 1927 1171 1988 ergo
1197 1904 1294 1974 Mater,

237 2003 313 2069 talis
334 2003 443 2068 Filius.
487 2002 593 2080 Quare
615 2003 737 2085 optimo
756 2004 829 2086 jure
851 2025 875 2067 ε.
897 1999 1193 2069 Bonaven'tura:
1218 2002 1296 2084 ,Ipsa

239 2108 305 2180 est,
344 2101 502 2184 inquit,³)
543 2123 607 2184 qua
640 2101 796 2184 majorem
828 2101 917 2165 Deus
951 2101 1060 2167 faeere
1090 2124 1157 2166 non
1186 2105 1295 2184 posset3

238 2201 393 2284 majorem
430 2199 586 2264 mundum
616 2207 727 2283 posset
762 2199 870 2264 facere
903 2200 1006 2279 Deus,
1046 2202 1152 2285 majus
1189 2199 1296 2265 coelum

237 2306 350 2383 posset
368 2299 477 2364 faeere
499 2299 597 2378 Deus,
619 2299 775 2383 majorem
796 2306 943 2378 matrem,
973 2321 1071 2383 quam
1091 2299 1229 2364 Matrem
1248 2294 1297 2360 Dei

238 2419 304 2464 non
321 2404 432 2482 posset
448 2397 556 2463 facere
572 2398 668 2463 Deus.
701 2397 795 2463 Unde
817 2396 847 2461 d.
866 2397 1095 2463 Barnardus
1116 2398 1180 2463 ait:
1200 2395 1296 2478 Neque

240 2497 325 2562 enim
363 2496 500 2562 decebat
539 2516 613 2561 eum
650 2495 717 2560 alia
754 2501 874 2574 mater,
919 2518 1018 2580 quam
1054 2497 1171 2581 Virgo,
1207 2512 1296 2576 nequa

232 2596 405 2679 'Virginem
443 2597 526 2662 alius
564 2595 681 2675 Filius,
721 2616 819 2678 quam
853 2595 959 2661 Deus:
999 2596 1077 2680 quia
1114 2617 1175 2660 nec
1210 2593 1297 2676 major

238 2695 325 2761 inter
368 2702 506 2774 matres,
550 2715 611 2759 nec
648 2694 752 2777 major
791 2694 878 2760 inter
917 2693 1003 2762 filios
1046 2695 1138 2759 nasci
1176 2689 1297 2777 potuit.“

240 2794 415 2858 Ductorem
450 2794 660 2878 Seraphicum
695 2793 882 2858 nullatenus
919 2815 1064 2858 asserere
1099 2793 1249 2869 uoluisse,
1282 2809 1296 2851 a

240 2893 309 2958 Deo
337 2915 403 2958 non
429 2913 524 2975 posse
551 2892 687 2958 formari
716 2898 900 2956 creaturam
920 2891 1150 2975 perfectiorem
1176 2890 1233 2956 sub
1257 2907 1296 2952 re

240 2998 356 3076 spectu
392 2992 548 3075 gratiae
583 2998 617 3056 θῖ
652 2997 834 3070 naturae,
874 3011 935 3074 per
968 3011 1004 3055 εθ
1034 2996 1145 3074 patet3
1188 2987 1297 3054 infinita

240 3091 325 3157 enim
354 3091 590 3175 omnipotentia
615 3111 781 3174 nunquam
809 3089 1009 3155 exhauritur.
1051 3090 1153 3155 Juxta
1180 3109 1248 3153 eum
1271 3089 1297 3148 et

241 3190 373 3275 quidem
411 3189 560 3254 omnibus
594 3211 635 3254 εε.
666 3189 820 3254 Patribus
857 3189 1092 3258 attestantibus
1124 3188 1212 3253 Deus
1243 3203 1296 3249 cre

240 3297 370 3357 aturam
396 3287 624 3372 perfectiorem
651 3289 777 3354 ratione
810 3287 1024 3371 dignitatis
1056 3271 1089 3351 i.'
1106 3307 1133 3351 e.
1161 3286 1295 3368 majorem

240 3396 379 3456 matrem
399 3408 458 3453 seu
478 3393 624 3465 matrem,
650 3409 733 3470 quae
760 3387 804 3452 sit
823 3387 957 3469 majoris
981 3385 1042 3450 filii
1066 3393 1180 3464 mater,
1205 3383 1294 3448 facere

239 3488 364 3574 nequit

300 3618 432 3702 Triplex
457 3618 511 3684 hic
538 3617 684 3683 exoritur
709 3617 872 3702 quaestio,
907 3617 949 3682 de
976 3639 1042 3701 qua
1068 3637 1173 3700 pauca
1198 3611 1293 3680 saltam

240 3717 454 3803 adjungenda.
497 3717 673 3795 Quaeritur

308 3964 329 4030 ¹)
345 3962 431 4018 Scrm.
447 3963 480 4018 V.
502 3964 525 4030 2)
542 3962 628 4018 Sum.
642 3961 702 4018 cn.
726 3963 749 4029 ³)
765 3961 797 4016 ln
811 3961 924 4031 speculo
937 3960 969 4017 B.
984 3960 1109 4030 Virginis
1121 3976 1205 4031 prope
1217 3957 1290 4012 firm
