2718 4556
732 377 793 436 370

220 540 310 606 verbi
330 540 419 604 illius
442 537 557 622 ,fiat;“
591 536 679 619 quod
706 557 806 619 quum
827 535 1019 618 protulisset
1039 537 1159 621 Maria,
1187 546 1286 610 statim

219 646 325 704 mater
346 637 408 702 Dei
435 635 525 700 facta
545 636 611 700 est!
651 634 737 717 ,Ubi
763 634 852 718 virgo
873 635 957 699 bene
987 637 1121 704 credula
1149 662 1286 708 ossuum

220 738 366 822 aperuit,
406 742 444 801 nt
472 735 596 800 diceret
626 734 702 813 fiat,
734 735 843 818 inquit
882 734 1083 817 Rupertus
1123 739 1286 824 abbasfl)

119 833 123 842 '
221 859 297 902 mox
322 837 417 919 juxta
445 834 570 899 dictum
597 833 714 917 Angeli
743 833 884 916 Spiritus
912 838 1044 899 sanctus
1074 841 1287 920 superveniens
1352 840 1353 855 ¹

220 959 280 1020 per
308 942 439 1019 apertas
469 933 547 998 fidei
571 934 689 1016 januas
720 955 790 998 sese
818 932 941 998 infudit
969 933 1004 997 in
1031 936 1191 1019 templum
1216 941 1287 1004 sacri
1352 931 1353 1006 ἶ

221 1035 323 1114 uteri,
353 1040 391 1100 ut
412 1032 534 1098 Christi
555 1039 694 1097 matrem
714 1032 869 1097 faceret.“
911 1030 985 1096 Non
1012 1032 1098 1096 enim
1120 1039 1288 1119 expectavit
1351 1057 1353 1126 ᾗ

221 1134 363 1218 Spiritus
384 1139 530 1210 sanctus,
553 1138 591 1196 ut
610 1131 827 1215 quadraginta
847 1130 974 1195 dierum
994 1131 1101 1214 spatio
1124 1138 1286 1201 successive
1351 1131 1352 1190 ἶ

221 1233 344 1299 Christi
375 1252 492 1314 corpus
523 1229 734 1314 figuraretur3
769 1228 827 1294 sed
857 1235 1033 1312 postquam
1063 1229 1170 1297 Maria
1200 1235 1284 1299 dixit:
1351 1261 1352 1294 ;

221 1332 351 1416 ,Fiat,“
379 1330 519 1414 Spiritus
548 1351 573 1393 s.
591 1350 660 1393 uno
683 1328 777 1412 quasi
798 1334 962 1393 momento
985 1327 1110 1395 Christi
1130 1334 1286 1416 oo1pusin
1350 1387 1351 1394 ,

220 1430 252 1495 b.
271 1428 413 1512 Virginis
433 1433 528 1492 utero
549 1426 711 1492 formarit.
755 1425 847 1510 ,Non
868 1426 1049 1509 paullatim,
1071 1428 1180 1512 inquit
1199 1453 1222 1498 s.
1238 1433 1255 1498 J
1260 1453 1287 1498 o
1350 1503 1351 1512 ἦ

221 1549 343 1594 annes
378 1527 658 1604 Damascenus,
672 1526 697 1608 ²)
736 1525 913 1608 tacitisque
951 1525 1162 1596 incrementis
1198 1531 1286 1615 figure

222 1627 366 1711 corporis
398 1625 593 1704 absolvitur,
631 1624 689 1690 sed
720 1645 785 1690 uno
823 1623 1002 1706 eodemque
1033 1636 1197 1695 momento
1226 1653 1286 1714 per·

173 1800 175 1808 Ι
220 1726 396 1807 ficitur.“³)

224 2227 373 2286 nostrum
405 2241 425 2284 a
456 2220 646 2285 beatissima
677 2218 809 2302 Virgine
841 2218 943 2283 fuisse
980 2227 1189 2304 conceptum,
1225 2225 1287 2289 dun

223 2320 419 2402 colloquium
457 2340 531 2383 cum
571 2317 693 2401 Angelo
733 2339 753 2382 a
792 2316 990 2382 salutatione
1030 2320 1128 2401 ,Ave
1171 2324 1286 2406 gratia

222 2417 358 2500 plena“
379 2417 539 2499 incipiens
559 2416 722 2480 habuerit.
764 2414 927 2481 Probatur

285 2521 312 2579 3.
345 2515 513 2580 ratione.

281 1823 480 1889 Testimonia
507 1845 547 1888 ss.
570 1822 784 1904 Patrnmpro
806 1821 909 1906 priori
937 1825 1101 1888 sententia
1130 1828 1239 1908 citata,
1264 1829 1286 1893 si
1349 1863 1355 1872 .

221 1923 365 2007 penitius
385 1922 610 2005 inspiciantur,
634 1921 818 1986 sententiae
839 1921 1024 2004 posteriori,
1054 1922 1107 1986 vix
1129 1946 1167 1990 ac
1187 1947 1226 1990 ne
1244 1927 1286 1990 vix
1354 1928 1355 1932 ’

223 2022 354 2106 quidem
382 2021 546 2086 adversari
573 2020 733 2086 videntur.
782 2021 913 2103 Optimo
943 2020 1030 2085 enim
1055 2022 1130 2104 jure
1158 2047 1286 2091 asserere
1354 2077 1355 2108 3

221 2122 319 2200 libet,
349 2142 389 2185 ss.
410 2119 524 2186 Patres
546 2120 748 2185 solummodo
777 2119 894 2185 docere
915 2119 1071 2198 voluisse,
1104 2123 1286 2190 Salvatorem
1346 2155 1355 2230 l

284 2613 630 2678 Convenientissimum
661 2613 777 2691 fuisse,
813 2619 851 2678 ut
882 2614 1075 2696 mysterium
1111 2618 1173 2684 hoc
1208 2641 1287 2703 gran·

223 2712 389 2777 dissimum
417 2733 482 2776 non
510 2712 724 2796 perficeretur
750 2713 818 2778 sine
846 2712 989 2794 Virginis
1017 2710 1177 2782 consensu
1204 2725 1287 2782 antea

222 2810 326 2875 insius
354 2810 612 2876 demonstratum
643 2818 701 2877 est.
744 2811 852 2877 Verbo
881 2810 979 2893 ,fian
1006 2812 1115 2879 factus
1142 2822 1192 2881 est
1210 2838 1287 2881 mun·

222 2911 298 2990 dus3
330 2911 444 2976 eodem
471 2912 569 2976 verbo
599 2913 754 2978 coelestia
782 2911 929 2976 condidit
955 2911 1143 2978 Altissimus
1172 2935 1208 2979 ac
1234 2921 1286 2979 ter·

222 3009 356 3088 restria3
390 3008 504 3074 eodem
532 3009 630 3076 verbo
659 3010 765 3074 Maria
791 3008 883 3074 facta
915 3016 965 3074 est
993 3009 1055 3075 Dei
1083 3019 1203 3092 mater,
1234 3032 1285 3096 quo

222 3109 304 3174 nihil
332 3109 436 3191 majus
463 3109 609 3192 nihilque
638 3109 818 3193 gloriosius
862 3109 947 3186 Quid
976 3109 1062 3174 enim
1082 3111 1206 3178 Mariae
1231 3112 1286 3195 glo·

221 3209 340 3274 riosius
369 3231 440 3274 esse
460 3216 584 3292 potest,
617 3231 715 3292 quam
743 3209 831 3292 quod
854 3209 905 3273 sui
934 3209 1078 3274 auctoris
1106 3212 1150 3277 sit
1178 3217 1284 3285 auctor,

212 3309 313 3390 origo
342 3309 393 3372 sui
420 3308 573 3392 principii
601 3329 638 3373 ac
666 3313 774 3373 mater
796 3308 857 3372 Dei
885 3307 952 3386 sui,
984 3308 1138 3391 quodque
1166 3307 1285 3374 eunden

223 3427 296 3472 oum
327 3406 425 3472 Patre
460 3414 593 3472 aeterno
630 3406 752 3471 habeat
782 3405 902 3484 filium,
944 3406 993 3472 ita
1027 3413 1066 3472 ut
1101 3430 1176 3473 cum
1204 3407 1284 3472 Patre

221 3513 357 3573 aeterno
380 3508 487 3574 dicere
508 3508 614 3590 possit
635 3507 675 3571 de
697 3506 842 3572 Christo:
864 3506 957 3588 ,Hic
980 3513 1040 3572 est
1060 3506 1176 3573 filius
1196 3525 1284 3572 meus
1354 3545 1355 3548 =

223 3605 430 3670 dilectus.“

289 3851 309 3918 ¹)
325 3851 367 3906 De
389 3851 471 3921 Oper.
494 3852 566 3922 Spir.
590 3869 611 3907 s.
633 3852 653 3906 l.
670 3850 692 3918 l,
710 3867 753 3919 cp.
770 3852 794 3906 9.
835 3852 857 3920 2)
873 3851 915 3906 De
940 3851 1010 3907 orth.
1034 3851 1091 3907 fide
1114 3853 1164 3908 lib.
1180 3855 1195 3907 3
1214 3849 1285 3920 eph
1354 3807 1355 3848 l

221 3933 244 4000 ⁸)
262 3933 316 3991 cfr.
341 3935 424 4002 Greg.
441 3935 516 4005 Meg.
532 3934 682 3989 Moralium
704 3935 752 3989 lib.
771 3935 803 3988 18
824 3949 868 4004 cp.
885 3937 918 3990 27
924 3953 932 4003 3
956 3935 1106 4004 augustin.
1138 3935 1178 3989 De
1199 3928 1285 3988 mustis
1354 3941 1355 3946 ’

219 4031 303 4070 serm.
322 4017 362 4071 18.
