2772 4550
563 344 622 404 539

49 501 125 566 aliis
146 503 333 586 antiquiora
353 502 518 568 habentur
537 502 624 570 festa
650 503 999 582 Annuntiationis,
1021 503 1128 569 Puri-

50 599 278 667 ficationis
307 609 341 667 et
368 603 692 686 Assumptionis.
737 603 1133 687 Quibusposteaadjunc-

49 706 122 766 tum
144 706 195 766 est
215 700 337 767 festum
365 701 639 781 Natiuitatis,
653 701 656 705 ’
669 709 707 768 ut
728 703 863 785 singulis
892 709 1035 786 quatuor
1055 704 1134 767 anni

48 799 252 882 temporibus
274 823 339 864 una
357 808 444 867 esset
460 800 631 881 festivitas,
651 824 735 886 quae
753 823 812 885 per
831 808 936 867 totam
952 802 1133 867 Ecclesiam

48 899 82 962 in
103 899 263 964 honorem
283 922 307 964 s.
328 900 489 984 Deiparae
512 901 750 966 celebraretur:
773 902 899 966 scilicet
918 900 1133 966 Annuntiatio

48 998 134 1076 veri,
172 998 360 1081 Assumptio
392 1002 528 1079 aestati,
569 1001 731 1066 Nativitas
763 1007 920 1065 autumno
954 1006 988 1064 et
1017 998 1134 1063 Purifi-

48 1096 138 1161 catio
161 1097 278 1180 hyemi.

111 1195 204 1272 Quae
225 1196 312 1261 festa
333 1196 498 1263 destinata
520 1206 614 1264 erant
635 1199 678 1264 ad
697 1198 821 1263 tuenda
841 1197 998 1280 singulari
1018 1197 1049 1262 b.
1061 1197 1134 1261 Vir-

48 1293 136 1376 ginis
153 1295 336 1377 patrocinio
355 1303 497 1380 quatuor
514 1305 671 1380 tempora,
690 1297 732 1362 ad
748 1296 1010 1362 foecundandum
1028 1301 1136 1360 totum

48 1413 174 1457 annum
206 1393 325 1458 similia
357 1403 499 1487 quatuor
530 1396 596 1460 illis
627 1395 815 1460 fluminibus
843 1395 1032 1478 paradisum
1062 1394 1135 1458 irri-

48 1491 215 1574 gantibus.
265 1493 309 1558 Et
341 1495 614 1576 quemadmodum
647 1502 789 1578 quatuor
820 1494 909 1559 venti
939 1492 1136 1576 principales

48 1598 196 1674 quatuor
224 1591 336 1656 mundi
356 1601 468 1676 partes
495 1593 635 1676 perflant
661 1593 894 1677 perflandoque
923 1596 1032 1656 adrem
1059 1612 1135 1674 pur-

50 1698 149 1774 gant,
184 1693 248 1770 ita,
289 1700 327 1758 ut
361 1694 556 1777 perpulchre
584 1701 680 1760 notat
708 1693 983 1758 Colvenerius
1014 1690 1048 1754 in
1076 1710 1135 1754 suo
1193 1717 1196 1723 ¹

47 1791 251 1856 Kalendario
273 1792 304 1855 b.
328 1793 481 1876 Virginis,
508 1801 650 1877 quatuor
678 1793 755 1858 festi
784 1793 852 1856 dies
880 1792 1042 1874 Deiparae
1062 1791 1134 1855 Vir-

49 1891 137 1974 ginis
167 1898 309 1975 quatuor
339 1893 416 1957 anni
444 1899 593 1975 tempora
620 1892 801 1970 illustrent,
831 1896 987 1973 purgent,
1017 1889 1135 1954 sancti-

48 1990 167 2068 ficent,
198 1998 356 2056 exornent
378 1999 412 2058 et
433 2015 492 2058 nos
521 1992 666 2074 ejusdem
694 1991 820 2056 meritis
851 1995 884 2055 et
904 1987 1056 2071 precibus
1076 2009 1136 2070 per

48 2097 196 2173 quatuor
224 2091 302 2154 anni
331 2097 480 2174 tempora
507 2113 707 2169 recreemur,
739 2090 922 2165 foveamur,
951 2087 1136 2152 nutriamur

49 2197 84 2254 et
107 2210 277 2254 servemur
297 2190 484 2256 incolumes.

557 2407 590 2490 g.
612 2405 641 2471 1.

70 2555 244 2620 Festum
272 2554 581 2644 Conceptionis
613 2553 890 2619 beatissimae
914 2551 1113 2635 Virginis.

382 2652 457 2744 Die
490 2658 518 2716 8.
549 2652 804 2718 Decembris.

118 2805 144 2863 1.
179 2799 252 2864 Non
273 2799 458 2878 defuerunt,
481 2799 537 2882 qui
559 2799 788 2882 Conceptionis
809 2799 840 2864 b.
851 2798 994 2882 Virginis
1015 2796 1137 2862 festum

48 2901 163 2984 ipsis
192 2900 413 2983 Apostolis
442 2899 663 2982 ascripserint.
706 2899 798 2963 Inter
819 2918 900 2982 quos
921 2895 1136 2962 nominandus

50 3006 104 3065 est
133 2999 306 3063 Flavius
336 2998 544 3078 Dexter,¹)
571 2995 745 3061 Theodosii
773 2996 983 3079 Imperatoris
1013 2994 1137 3059 cancel-

48 3098 156 3162 larius
174 3104 209 3162 et
224 3119 248 3162 s.
261 3097 458 3180 Hieronymo
477 3095 657 3160 familiaris.
689 3095 728 3159 In
745 3094 829 3159 libro
849 3117 907 3159 suo
925 3092 1138 3177 ,Omnimoda

50 3195 222 3260 Historia“
261 3196 349 3260 cirea
384 3216 505 3260 annum
538 3199 597 3258 390
629 3193 718 3259 edito
757 3214 795 3257 ac
835 3193 907 3258 divo
939 3193 1136 3274 Hieronymo

50 3297 208 3363 dedicato
239 3296 408 3378 leguntur:
446 3294 579 3376 ,Jacobi
610 3292 855 3376 praedicatione
887 3292 1073 3356 celebratur
1101 3291 1138 3354 in

49 3396 215 3478 Hispania
245 3394 368 3458 festum
399 3391 628 3456 immaculatae
664 3396 699 3455 et
730 3390 877 3455 illibatae
909 3388 1138 3471 Conceptionis

51 3497 116 3560 Dei
139 3494 316 3559 Genitricis
334 3492 490 3558 Mariam
532 3491 638 3568 Quare
661 3488 978 3571 Christophorus
999 3487 1138 3569 regar)

49 3744 156 3807 suerit,
189 3743 273 3796 etiam
306 3740 341 3794 de
371 3737 653 3806 Desponsationis
686 3737 756 3792 festo
787 3753 876 3806 pauca
901 3734 1060 3804 putarimus
1092 3733 1140 3788 ad·

47 3823 205 3896 jungenda.

121 3911 143 3975 ι)
164 3907 248 3976 Apud
270 3905 416 3970 Sedlmayr
437 3903 455 3957 l.
472 3919 497 3957 e.
514 3920 540 3972 p.
559 3901 607 3964 IV,
629 3906 698 3956 sect.
718 3901 740 3967 l,
762 3919 788 3971 q.
806 3906 836 3955 ll
855 3917 879 3956 e.
900 3900 924 3953 8.
966 3899 987 3963 ²)
1005 3897 1140 3968 Theolog.

50 3992 174 4046 Marisa.
191 4007 219 4043 n.
235 3991 294 4042 256.
