2782 4554
538 387 596 446 431

46 553 141 617 mortis
160 570 292 635 prorsus
315 553 490 630 expertem.
535 548 569 612 Si
591 568 666 629 ergo
692 567 732 612 ss.
755 545 869 610 Patres
890 553 1005 611 contra
1025 546 1106 611 istos

45 649 209 734 similesque
241 647 423 712 haereticos
454 654 638 728 pugnantes
670 645 873 727 corporalem
903 645 933 709 b.
963 646 1106 729 Virginis

46 751 289 833 Assumptionem
310 746 505 824 docuissent,
524 745 726 828 propagandi
748 766 823 809 suos
845 765 971 810 errores
993 765 1105 810 ansam

44 851 179 915 facillime
199 847 273 913 istis
293 844 528 930 praebuissent.

95 951 281 1015 Sanctorum
301 943 444 1022 Patrum,
475 943 532 1026 qui
560 941 591 1006 b.
613 941 755 1024 Virginis
784 949 971 1025 assumptae
992 943 1106 1009 laudes

44 1046 290 1132 eloquentissime
322 1043 568 1126 praedicarunt,
605 1063 721 1124 agmen
755 1043 885 1125 aperiat
919 1043 948 1106 d.
982 1044 1106 1128 Augu·

43 1148 166 1212 stinus.
216 1143 431 1210 considerans
464 1141 728 1206 sublimissimam
759 1163 783 1205 s.
814 1141 975 1223 Doiparae
1005 1142 1107 1225 digni-

43 1253 132 1311 tatem
151 1267 216 1309 non
237 1249 356 1327 potest,
379 1241 458 1326 quin
479 1240 689 1324 exclamet:¹)
717 1240 817 1322 ,Tam
836 1241 1016 1324 pretiosum
1037 1242 1108 1310 the·

42 1368 159 1410 saurum
191 1343 318 1427 dignius
351 1348 401 1406 est
429 1341 519 1406 coelo
548 1340 685 1420 servari,
720 1362 817 1424 quam
844 1346 947 1406 terra:
980 1347 1109 1422 tantam

41 1445 251 1527 integritatem
272 1442 389 1507 merito
415 1440 724 1523 incorruptibilitas,
753 1461 819 1504 non
839 1441 1023 1523 putredinis
1049 1442 1108 1506 ali·¹

42 1567 97 1628 qua
124 1543 279 1610 resolutio
312 1541 490 1625 sequitur.“
542 1540 688 1605 Labente
720 1539 850 1605 saeculo
879 1541 932 1606 VI.
965 1542 1108 1606 occurrit

41 1643 121 1708 nobis
146 1665 170 1708 s.
194 1640 411 1724 Gregorius
432 1640 688 1718 Turonensis,
719 1639 777 1722 qui
797 1638 1036 1722 Assumptionis
1057 1663 1108 1705 so-

41 1741 230 1806 lemnitatem
257 1739 382 1822 primus
410 1739 445 1802 in
472 1738 613 1804 Galliam
641 1738 786 1802 creditur
813 1737 972 1802 intulisse.
1022 1739 1108 1821 ,Do-

41 1841 142 1919 minus,
163 1839 279 1923 inquit,
289 1839 314 1921 2)
343 1843 530 1919 susceptum
551 1837 693 1920 Virginis
715 1857 832 1918 corpus
854 1837 1109 1902 sacratissimum

41 1940 67 2002 in
92 1939 276 2023 paradisum
308 1936 429 2001 deferri
454 1936 568 2018 jussit,
602 1936 659 2000 ubi
690 1957 787 2012 nunc
802 1941 970 2018 resumpta
1000 1937 1108 2000 anima

41 2061 104 2102 curn
124 2038 235 2103 electis
264 2037 333 2120 ejus
362 2035 528 2100 exsultans
557 2035 763 2100 aeternitatis
784 2034 879 2099 bonis
906 2035 995 2099 nullo
1018 2057 1109 2100 occa-

41 2141 115 2202 suris
145 2137 208 2201 fine
239 2134 452 2219 perfruitur.“
502 2133 625 2198 Eadem
657 2133 796 2212 tradidit
827 2133 956 2198 saeculo
984 2135 1054 2199 Vll.
1084 2157 1108 2199 s.

41 2237 293 2320 lldephonsus
321 2233 539 2298 Toletanus
571 2233 767 2314 scribens:³)
805 2232 893 2314 ,Nec
921 2255 998 2298 sane
1026 2234 1109 2299 illud
1150 2234 1152 2238 ’

41 2339 180 2403 omittere
202 2336 366 2413 debemus,
387 2333 474 2418 quod
494 2333 590 2397 multi
608 2333 742 2415 pietatis
765 2333 873 2397 studio
895 2333 1108 2399 libentissime

41 2437 277 2520 amplectuntur,
300 2456 372 2498 eam
392 2433 549 2498 hodierno
573 2433 624 2496 die
646 2432 689 2496 ad
709 2432 792 2496 coeli
812 2432 938 2515 palatia
959 2455 1108 2516 corpora·

41 2534 103 2599 liter
123 2535 224 2599 fuisse
247 2533 441 2597 sublatam.“

89 2633 156 2698 Nec
188 2632 285 2698 aliter
316 2632 463 2715 loquitur
493 2630 671 2694 Andreas
704 2629 925 2709 Cretensis,
960 2632 1017 2714 qui
1047 2632 1108 2696 hoc

41 2729 148 2796 testum
175 2732 299 2814 primus
328 2730 416 2813 apud
443 2729 584 2793 Graecos
613 2727 741 2792 celebre
768 2727 856 2792 fecit.
905 2729 1017 2811 ,Sicut
1044 2753 1109 2794 non

41 2827 92 2896 luit
123 2838 313 2914 corruptuS,
350 2828 512 2912 inquiat)
549 2827 672 2891 Mariae
704 2827 863 2909 parientis
895 2835 1024 2908 uteruS,
1061 2831 1110 2895 ita

41 2938 177 2996 mortuae
206 2952 281 2995 caro
310 2951 375 2993 non
404 2928 540 2992 interiit.
585 2927 702 2991 Partus
731 2927 846 3010 effugit
867 2929 1110 3011 corruptionem

41 3036 63 3091 et
81 3029 266 3112 sepulcrum
284 3049 350 3092 non
367 3026 499 3091 admisit
516 3026 694 3090 interitum.
729 3026 804 3091 Stat
822 3026 908 3090 enim
925 3027 1110 3110 sepulcrum

41 3129 123 3192 {nanc
156 3149 259 3210 usque
294 3126 337 3192 ad
368 3125 563 3190 hodiernum
594 3125 696 3203 diem,
733 3127 821 3208 quod
857 3133 891 3191 et
922 3127 1110 3192 testimonio

41 3227 249 3306 approbatum
270 3233 328 3303 est,
360 3233 393 3291 et
414 3225 576 3307 approbat
597 3225 719 3289 factam
740 3227 987 3292 translationem
1010 3277 1017 3290 .
1041 3277 1047 3291 .
1072 3277 1078 3290 .
1103 3279 1109 3291 .

41 3323 259 3405 {pectaculum
290 3326 377 3390 inter
409 3325 531 3403 omnia,
565 3346 648 3407 quae
681 3326 823 3412 spectari
853 3333 1006 3409 possunt,
1038 3327 1111 3410 pul-

41 3423 224 3489 rherrimum
251 3424 347 3489 hodie
378 3444 553 3505 exsurgens
582 3444 620 3487 ac
648 3423 756 3490 coelos
785 3446 897 3488 omnes
924 3425 991 3489 late
1013 3419 1110 3508 pene-

41 3543 134 3603 ranS,
171 3546 227 3590 eos
260 3546 334 3588 cum
366 3523 563 3606 sempiterna
594 3521 652 3587 illa
683 3530 791 3588 monte
824 3545 862 3588 ao
894 3524 1013 3607 spiritu
1045 3545 1111 3588 ser·
1209 3535 1211 3538 ’

41 3641 139 3687 nones
167 3624 298 3702 miscet;
329 3644 410 3706 quos
432 3621 459 3685 is
487 3619 538 3685 vel
559 3620 647 3685 solus
678 3621 728 3686 rel
749 3622 888 3686 maxime
917 3623 1022 3701 novit,
1056 3623 1113 3706 qui

41 3739 147 3803 :orpus
170 3729 204 3786 et
225 3723 367 3786 animam
395 3720 483 3784 illius
505 3720 609 3803 primo
639 3721 726 3785 inter
748 3742 782 3784 se
803 3721 952 3784 tinxerat
972 3743 1113 3804 moxque

41 3871 226 3883 ᾕ-

95 3952 114 4017 1)
131 3953 193 4008 Lib.
209 3955 283 4008 unio.
301 3954 336 4007 de
354 3954 492 4020 Assumpt.
525 3953 548 4019 2)
565 3953 607 4006 De
623 3953 719 4008 mirac.
738 3969 780 4021 cp.
794 3950 842 4008 1v.
876 3954 896 4020 ³)
914 3953 955 4006 De
973 3954 1114 4022 Assumpt.

43 4049 108 4090 erm.
128 4037 178 4094 Vl.
211 4041 233 4104 ⁴)
254 4039 286 4096 ln
303 4039 418 4092 Encnm.
437 4037 472 4090 de
489 4036 609 4092 Dormit.
627 4037 704 4124 llirg.
916 4118 946 4172 31
