2726 4560
785 371 825 430 46

261 527 387 610 Virgini
415 535 624 610 praemature
653 551 839 596 concessum
868 552 908 596 ex
927 532 1037 598 divina
1057 536 1267 602 maternitate
1288 561 1338 603 au·

261 633 355 709 guste
383 627 544 692 nascitur:
578 629 684 711 gratia
716 630 802 694 enim
834 636 912 696 tunc
943 639 1095 697 naturam
1125 655 1336 720 praepropere

261 726 453 805 antevertit,
483 733 522 792 ut
551 725 648 810 digna
669 728 744 792 Filii
765 729 827 793 Dei
847 736 954 794 mater
979 732 1214 815 conciperetur.
1258 737 1337 819 Ergo

260 823 388 899 infinita
404 824 547 907 dignitas
565 831 600 890 et
616 827 723 909 gratia
738 826 866 892 divinae
883 829 1103 916 maternitatis
1119 832 1221 898 veluti
1238 857 1337 900 comes

261 931 295 988 et
324 923 518 988 administra
543 924 638 989 adest
665 926 894 992 immaculatae
914 927 1056 1010 Virginis
1078 929 1241 1014 Deiparae
1270 956 1337 998 con·

262 1023 437 1106 ceptioni.“
1345 1087 1346 1092 ,

321 1122 493 1187 Indiuidua
526 1129 577 1188 est
608 1122 703 1205 juxta
734 1121 1033 1206 Mellifluum1)
1070 1126 1185 1192 matris
1218 1135 1252 1194 et
1284 1129 1337 1194 filii

259 1221 380 1305 gloria,
421 1243 591 1286 commune
627 1222 799 1306 utriusque
835 1223 1053 1310 praeconium.
1108 1225 1337 1294 Obmutescant

260 1341 346 1404 ergo,
370 1320 427 1403 qui
448 1320 478 1384 b.
491 1320 659 1404 Virginem
680 1319 721 1385 ab
744 1321 910 1403 originalis
932 1321 1016 1388 labis
1037 1325 1166 1392 macula
1187 1326 1335 1393 infectam

260 1440 330 1484 esse
361 1417 580 1484 hallucinantl
620 1409 734 1485 No'nne
766 1420 867 1485 Filius
900 1428 1039 1488 matrem
1071 1444 1164 1490 suam
1199 1428 1347 1509 potuit

259 1539 477 1602 praeservare,
499 1540 606 1583 nonne
628 1519 690 1584 hoc
712 1519 872 1585 decuit?

322 1641 350 1684 a.
373 1618 476 1684 Filius
492 1619 630 1702 potuit
647 1619 738 1684 illam
754 1640 973 1702 praeservare.
981 1624 1008 1704 Ξ)
1038 1621 1216 1703 ,Declarat
1233 1630 1336 1690 tamen

260 1717 340 1784 haec
362 1719 434 1802 ipsa
455 1718 735 1802 sanctasynodus
754 1718 1064 1802 (Tridentina),³)
1084 1741 1150 1786 non
1173 1744 1244 1788 esse
1266 1745 1336 1788 snae

259 1816 460 1896 intentionis,
480 1816 753 1900 comprehendere
774 1817 808 1880 in
826 1816 887 1881 hoc
909 1816 1050 1897 decreto,
1069 1819 1126 1884 ubi
1148 1820 1188 1886 de
1206 1830 1348 1906 peccato,

259 1916 409 1999 originali
427 1916 545 1999 agitur,
561 1916 693 1982 beatam
710 1922 746 1980 et
764 1915 1006 1982 immaculatam
1022 1918 1190 2002 Virginem
1204 1921 1335 1987 Mariam

259 2018 321 2081 Dei
350 2017 581 2082 Genitricem.“
625 2016 660 2081 Si
680 2016 828 2080 Ecclesia
854 2016 937 2081 illud
966 2018 1104 2083 sentiret
1130 2019 1334 2102 impossibile,

257 2116 490 2181 animadvertit
508 2116 582 2198 jure
604 2114 727 2196 optimo
749 2110 898 2179 Petrus
926 2114 1117 2195 Morales,
1144 2138 1211 2183 non
1233 2125 1335 2203 posset

258 2216 390 2294 sentire,
414 2214 613 2280 contrarium
636 2234 706 2278 esse
727 2212 889 2296 possibile.
1348 2289 1349 2296 ἵ

322 2343 351 2380 α.
384 2315 500 2380 Nonne
528 2315 691 2398 potuisset
713 2314 801 2379 Deus
830 2314 979 2396 excipere
1008 2315 1150 2400 aliquem
1177 2313 1349 2383 hominem

257 2435 278 2478 a
303 2415 435 2498 justitia
463 2412 630 2496 originali,
661 2413 703 2477 ab
731 2413 793 2477 hoc
824 2412 909 2478 dono
937 2433 1026 2478 mere
1054 2416 1225 2498 gratuito?
1257 2419 1334 2500 Ergo

257 2513 370 2597 potuit
391 2513 490 2577 etiam
512 2511 662 2595 excipere
683 2533 704 2576 a
724 2517 869 2594 peccato.
922 2583 924 2588 ¹

320 2622 350 2694 β.
382 2613 475 2677 Licet
506 2611 594 2675 Deus
626 2609 804 2675 contulerit
835 2609 926 2674 Adae
955 2611 1119 2694 justitiam
1150 2613 1334 2696 originalem

256 2714 317 2778 sub
340 2734 380 2778 ea
400 2704 600 2787 conditione,
630 2716 668 2774 ut
688 2709 759 2792 lege
781 2708 903 2775 violata
925 2716 1031 2776 totam
1053 2732 1146 2776 suam
1165 2714 1334 2794 posterita-

257 2813 404 2878 tamilla
429 2809 588 2893 spoliaret
611 2810 755 2892 justitia,
784 2810 894 2892 potuit
916 2810 1005 2874 Deus
1026 2809 1238 2876 nihilominus
1268 2817 1335 2895 post

257 2912 441 2994 praevisum
462 2909 553 2973 Adae
573 2911 745 2992 peccatum
766 2909 864 2988 velle,
894 2917 933 2975 ut
959 2908 1041 2974 illud
1062 2929 1098 2973 re
1119 2909 1191 2992 ipsa
1213 2910 1249 2974 in
1270 2910 1334 2975 Vir·

256 3011 365 3094 ginem
392 3030 458 3074 non
479 3008 768 3074 transfunderetur
785 3009 963 3092 potuitque
984 3008 1066 3073 illud
1093 3011 1285 3090 praevenire
1306 3014 1335 3072 et

256 3109 414 3193 impedire
436 3109 543 3192 gratia
572 3107 602 3173 ei
623 3107 657 3171 in
677 3107 783 3190 primo
805 3107 1033 3190 Conceptionis
1061 3107 1201 3172 instanti
1222 3107 1333 3174 infusa.

256 3207 439 3273 Asserendo
460 3206 676 3284 contrarium,
708 3207 797 3271 Dens
824 3207 897 3289 jure
926 3227 965 3270 ac
988 3205 1143 3271 libertate
1165 3227 1227 3272 sua
1248 3208 1335 3273 mise·

255 3307 358 3386 rendi,
381 3307 473 3389 cujus
494 3305 583 3384 velit,
606 3324 641 3370 se
662 3307 807 3389 privasse
829 3306 996 3371 asseritur.

317 3405 403 3471 Num
420 3425 486 3484 rex,
503 3405 531 3470 si
548 3404 653 3488 legem
670 3404 730 3470 sub
746 3405 861 3470 mortis
878 3425 985 3488 poena
1000 3404 1237 3471 observandam
1253 3406 1333 3484 tulit,

255 3505 329 3570 ideo
350 3525 461 3570 omnes
483 3509 739 3586 transgressores
760 3505 869 3588 reipsa
891 3504 1040 3570 absolute
1061 3504 1141 3582 vult,
1162 3507 1235 3586 pati
1258 3507 1334 3590 ejus·

255 3604 343 3669 modi
369 3603 530 3686 poenam?
567 3601 648 3667 Vult
675 3603 785 3686 potius
815 3624 870 3668 eos
898 3604 1012 3668 mortis
1040 3624 1111 3668 esse
1140 3625 1232 3684 reon,
1264 3605 1334 3670 dum

323 3852 342 3920 ¹)
359 3851 483 3906 Libellus
506 3851 541 3906 de
558 3850 687 3905 laudibus
703 3851 734 3906 B.
751 3850 789 3905 m.
807 3849 841 3905 V.
883 3849 904 3916 ²)
921 3848 975 3905 err.
993 3866 1014 3905 s.
1032 3850 1129 3908 Thom.
1146 3852 1176 3905 in
1193 3851 1246 3921 ΙΙΙ,
1265 3854 1332 3909 Sent

255 3936 318 3991 dist.
342 3938 358 3990 3
382 3953 408 4005 q.
426 3939 439 3990 1
457 3953 479 3990 a
499 3939 527 4002 1;
552 3935 651 3989 Suarez
675 3934 726 4002 Ill,
750 3953 778 4004 p.
800 3952 825 4002 q.
848 3935 881 3987 27
906 3935 973 4001 a.1;
1000 3935 1120 3990 Morales
1145 3935 1163 3989 l.
1181 3951 1206 3991 c.
1222 3936 1272 3992 lib.
1289 3932 1333 3995 111,

253 4023 336 4074 tract.
354 4019 374 4074 Ι.
409 4017 430 4084 ³)
448 4017 519 4073 Sors.
535 4017 569 4073 V.
