2728 4560
570 373 630 432 271

68 537 143 600 viros
170 557 208 600 ac
236 534 408 611 mulieres3
440 532 475 596 in
503 552 567 597 uno
597 554 678 597 sexu
706 533 934 616 temporaliter
961 541 1074 614 natus,
1104 542 1143 600 ut

69 641 229 717 utrumque
262 633 418 710 salvaret,
451 653 552 696 unum
585 631 749 715 eligendo,
782 633 817 696 in
849 655 913 716 quo
942 641 1140 714 nasceretur,

69 733 166 812 alium,
188 732 275 798 unde
296 732 518 796 nasceretur.“
562 731 909 797 Convenientissimum
930 740 1002 798 erat
1023 756 1047 798 s.
1066 734 1143 800 Dei-

69 853 161 914 parae.
177 830 422 897 matrimonium

121 932 158 995 Il.
191 953 236 996 cx
263 936 379 1013 parte
407 929 610 1010 Christro

122 1051 147 1094 a.
174 1029 228 1094 Ne
251 1029 297 1094 ab
317 1026 558 1092 infidelibus
580 1034 768 1110 tanquam
786 1027 1001 1110 illegitime
1023 1036 1142 1095 natus

69 1129 314 1211 abjiceretur.
357 1127 453 1190 Jeaus
481 1133 553 1191 erat
574 1126 629 1190 ille
652 1127 940 1208 protoparentibus
966 1121 1091 1194 nostris
1108 1130 1141 1193 in

70 1229 208 1309 paradiso
229 1228 409 1311 promissus
438 1232 572 1309 tamque
600 1226 754 1292 ardenter
779 1227 821 1291 ab
850 1228 1001 1294 omnibus
1021 1230 1141 1294 veteris

69 1327 246 1391 testamenti
271 1325 368 1408 justis
399 1331 590 1407 expectatus
620 1324 770 1403 Messias,
802 1347 899 1409 quem
927 1327 1016 1391 Deus
1044 1327 1142 1392 Pater

68 1425 105 1488 ad
123 1424 361 1508 exsequendum
381 1423 587 1508 magnificum
599 1424 843 1508 Redemptionis
861 1448 942 1509 opus
963 1427 998 1490 in
1019 1434 1142 1492 terram

68 1525 154 1590 misit.
205 1524 465 1590 Grandissimum
497 1531 588 1590 certo
621 1545 660 1604 ac
692 1526 1010 1607 praestantissimum
1042 1529 1140 1610 opus!

68 1623 127 1688 lex
155 1624 318 1707 Moysaica
348 1624 470 1706 partim
502 1622 691 1706 abroganda
722 1623 836 1708 illique
869 1623 922 1688 lex
955 1626 1142 1709 evangelica

70 1729 132 1787 erat
156 1723 393 1788 substituenda,
438 1723 587 1788 Christus
615 1743 707 1804 ergo,
739 1723 941 1805 aspectibus,
971 1724 1141 1789 calumniis

70 1828 99 1885 et
125 1820 407 1906 provocationibus
439 1821 548 1904 legum
579 1820 767 1899 doctorum,
804 1821 1000 1901 scribarum,
1032 1823 1142 1906 phari-

70 1941 219 2000 saeorum,
248 1923 314 1985 imo
342 1921 444 1986 totius
472 1921 615 1985 nationis
636 1921 793 1986 Judaicae
822 1941 950 2003 semper
972 1922 1140 2004 expositus

69 2020 329 2100 perfectissimum
349 2020 504 2102 puritatis
526 2042 595 2085 esse
618 2021 732 2085 debuit
752 2020 928 2102 exemplar,
957 2021 1077 2104 inquo
1099 2043 1141 2087 ne

69 2121 334 2203 perspicacissima
377 2120 509 2203 quidem
551 2121 680 2204 ingenia
722 2119 848 2203 aliquid
888 2120 1140 2202 reprehensione

70 2217 189 2300 dignum
224 2219 395 2303 potuerint
431 2220 635 2301 investigare.
694 2217 871 2297 Quidnam,
913 2219 941 2284 si
979 2218 1141 2285 Salvatori

69 2324 167 2383 nostro
185 2319 369 2384 nativitatis
387 2318 578 2401 illegitimae
599 2317 741 2401 objicere
759 2319 945 2400 potuissent
962 2317 1140 2397 infamiam,

69 2416 191 2482 videndo
214 2440 289 2483 eum
307 2438 372 2483 non
394 2417 434 2482 de
455 2417 577 2482 femina
598 2423 745 2495 uxorata,
765 2417 823 2481 sed
848 2416 888 2481 de
916 2417 985 2482 filia
1004 2418 1140 2501 natum?

71 2514 221 2591 Quomodo
256 2539 336 2602 eum
364 2517 522 2582 dedecore
556 2538 595 2582 ao
633 2516 809 2600 ignominia
849 2536 1040 2598 oppressum
1067 2538 1141 2600 per-

70 2618 160 2681 secuti
186 2617 341 2694 fuissent,
373 2617 533 2699 quomodo
562 2616 703 2681 ludibrio
725 2615 917 2680 habuissent
946 2615 1139 2694 doctrinam,

69 2716 332 2794 praedicationem
360 2716 475 2780 suam?
507 2715 614 2798 ,Quid
633 2715 783 2794 Judaeis,
812 2715 994 2796 interrogat
1021 2713 1139 2779 merito

70 2810 93 2874 d.
112 2813 347 2893 Ambrosius,
357 2816 382 2896 2)
412 2814 492 2897 quid
513 2814 635 2879 Herodi
663 2821 776 2897 posset
804 2813 939 2893 ascribi,
970 2814 998 2878 si
1025 2820 1140 2878 natum

68 2911 242 2980 riderentur
281 2935 321 2978 ex
359 2913 521 2978 adulterio
559 2914 765 2995 persecuti?“
809 2912 962 2991 Quamvis
1000 2912 1139 2978 Domino

68 3008 137 3074 nihil
168 3012 364 3096 exprobrare
396 3012 576 3077 valuissent
607 3034 713 3096 neque
746 3013 834 3096 quod
866 3012 988 3076 attinet
1014 3011 1141 3076 Nativi-

67 3113 157 3174 tatem
188 3133 281 3177 suam
311 3111 460 3176 habitam
494 3133 534 3176 ex
565 3111 761 3193 patriarchis
799 3118 833 3176 et
864 3112 995 3195 regibus
1026 3111 1138 3190 Israel,

67 3227 159 3292 neque
180 3210 290 3294 quoad
311 3231 426 3290 mores,
450 3231 490 3276 ex
511 3210 629 3292 quibus
650 3210 890 3293 perfectissima
910 3210 1141 3293 resplendebat

68 3309 229 3389 sanctitas,
259 3330 365 3392 neque
399 3308 508 3392 quoad
540 3309 738 3388 doctrinam,
771 3331 870 3392 quam
897 3310 1054 3374 admirari
1085 3309 1140 3374 de·

67 3403 210 3489 buerunt,
239 3407 449 3473 nihilominus
478 3407 656 3472 adversarii
677 3407 734 3472 isti
755 3407 965 3474 infensissimi
985 3429 1051 3472 non
1072 3429 1141 3472 ces-

68 3505 181 3588 sabant,
214 3509 400 3587 calumniis,
434 3507 618 3591 opprobriis
641 3513 675 3572 et
702 3508 830 3591 injuriis
861 3528 935 3571 eum
963 3506 1139 3586 cumulare,

67 3625 155 3686 quum
169 3629 287 3691 magna
304 3609 346 3672 ad
363 3607 618 3672 confirmandam
635 3630 728 3672 suam
748 3607 931 3672 doctrinam
946 3614 1140 3688 operaretur
1237 3605 1244 3618 '

67 3705 209 3772 miracula
229 3707 399 3791 multaque
429 3707 471 3771 ad
498 3707 772 3791 comprobandam
802 3705 1006 3771 divinitatem
1028 3705 1141 3770 ederet

68 3802 153 3885 signa.
214 3807 349 3886 Quando
395 3807 569 3872 daemones
614 3807 727 3891 ejecit,
773 3805 1018 3871 daemoniacum
1065 3825 1140 3868 cum

70 3945 251 3960 ——--—-

124 4020 142 4087 1)
158 4022 211 4078 cfr.
229 4038 250 4076 s.
268 4020 318 4076 ru.
337 4021 389 4090 111,
406 4040 434 4091 p.
452 4040 478 4092 q.
496 4022 598 4089 xxrx,
617 4039 642 4078 a.
658 4021 680 4077 1.
714 4021 736 4089 2)
754 4020 816 4075 111.
834 4019 871 4087 11,
890 4019 920 4074 sn
938 4019 1005 4074 nuc.
1024 4035 1067 4088 op.
1085 4017 1115 4072 1.-
