2718 4556
552 338 611 400 337

51 501 147 582 „Huc
174 497 381 582 octogenario
412 497 448 564 in
474 498 718 565 matrimonium
743 497 869 566 tradita
900 500 980 566 est.“
1028 501 1137 580 Idem·

51 600 164 665 sentire
191 597 322 663 videtur
349 596 561 682 Nicephorius.
571 599 595 679 ¹)
643 596 706 662 Pro
734 596 794 662 hac
826 598 977 682 opinione
1008 599 1120 666 afferri

53 701 143 764 etiam
171 698 270 776 solet,
303 695 392 783 quod
422 717 446 760 s.
474 695 597 780 Joseph
624 695 693 761 fere
710 717 851 780 semper
878 718 978 776 senex
1006 699 1119 784 depin-

51 805 147 882 gatur.
189 796 352 862 Probatur

106 903 132 963 3.
166 896 341 976 ratione3
370 891 518 958 absolute
549 893 636 958 enim
661 893 824 980 loquendo
853 896 997 962 seniores
1025 919 1119 982 prae-

50 996 168 1062 ferendi
189 1000 265 1060 sunt
286 994 321 1057 in
340 992 519 1059 honoribus
540 1000 573 1059 et
594 993 791 1070 muneribus.

458 1181 628 1248 Sentent.
651 1181 702 1246 II:

74 1343 101 1408 S.
129 1339 277 1425 Joseph
308 1359 383 1405 non
414 1337 495 1404 fuit
522 1359 650 1416 senex,
683 1359 799 1420 quum
829 1338 860 1404 b.
890 1339 1090 1424 Virginem

374 1437 544 1520 sumpsi-t
572 1437 784 1520 conjugem.

103 1589 153 1654 Ita
194 1586 357 1652 sententia
395 1583 574 1664 communis
616 1590 649 1649 et
684 1583 780 1668 juxta
819 1585 938 1652 Suarez
951 1589 976 1670 ²)
1018 1597 1117 1656 certa.
1160 1605 1164 1614 “

49 1687 203 1753 Probatur

106 1793 131 1852 l.
165 1809 189 1851 s.
213 1783 423 1867 Scriptura
445 1782 630 1869 etquidem

105 1907 132 1951 a.
163 1884 365 1978 authoritate
382 1882 562 1966 Isaiae:³)
585 1881 777 1964 „Habitabit
797 1881 883 1947 enim
897 1883 1024 1970 juvenis
1045 1906 1119 1951 cuin

49 1984 173 2069 uirgine,
203 1990 236 2048 et
259 1980 413 2066 gaudebit
435 2003 571 2066 sponsus
592 2002 691 2064 super
710 1983 891 2064 sponsam.“
934 1983 1023 2062 Quae
1043 2007 1119 2068 pro·
1142 2056 1144 2060 ,

50 2084 158 2165 phetae
180 2082 279 2168 verba
300 2103 320 2146 a
340 2078 451 2145 multis
473 2079 633 2162 theologis
661 2079 704 2144 ad
724 2079 967 2160 matrimonium
994 2083 1025 2149 b.
1047 2085 1120 2150 Vir-

51 2185 125 2266 ginis
146 2182 220 2250 cum
248 2204 272 2246 s.
294 2180 436 2264 Josepho
457 2179 563 2245 relata
583 2180 761 2263 Lyranus
782 2181 830 2245 ita
852 2182 999 2265 exponit:
1032 2183 1119 2266 „Ha-

51 2281 162 2348 bitabit
179 2280 306 2366 juvenis
334 2301 408 2344 oum
428 2279 550 2362 virgine
578 2285 668 2344 caste
698 2286 732 2344 et
753 2285 878 2358 sancte,
908 2280 993 2346 sicut
1014 2282 1120 2348 Maria

51 2402 116 2446 curn
133 2379 286 2463 Joseph.“
328 2377 455 2460 „Quare
480 2377 673 2461 prophetiae
701 2377 897 2444 credendum
919 2386 982 2460 est,
1009 2381 1119 2466 inquit

52 2477 376 2562 christophorus
399 2478 450 2542 ¹de
473 2477 860 2560 capitefonaiumff)
890 2501 973 2564 quae
995 2481 1036 2546 de
1057 2482 1119 2548 hoc
1188 2521 1190 2527 =

52 2571 248 2643 matrimonio
270 2577 358 2660 apud
378 2576 498 2642 Isaiam
516 2576 671 2656 habetur,
695 2597 778 2660 quae
800 2577 894 2643 dicit:
927 2579 1120 2661 „Habitabit

50 2675 166 2756 juvenis
197 2698 271 2742 cum
301 2676 455 2760 virginef‘
503 2674 629 2756 Novum
661 2676 746 2742 enirn
777 2677 902 2760 aliquid
928 2679 1119 2762 praedicere

51 2775 172 2841 uolebat
201 2775 362 2859 propheta
393 2776 433 2840 in
464 2774 610 2841 adventu
641 2775 778 2841 Messiae
813 2781 1020 2858 eventurum3
1058 2799 1119 2844 nec

51 2876 128 2940 enim
155 2897 273 2940 novum
298 2874 432 2954 fuisset,
464 2875 743 2941 adolescentulam
772 2897 839 2941 non
865 2876 1021 2959 virginem
1048 2879 1118 2944 viro
1169 2897 1175 2910 ’

49 2972 149 3053 juveni
169 2975 307 3058 nuptam
335 2995 409 3039 cum
431 2995 469 3039 eo
490 2973 649 3039 habitare.
691 2975 763 3040 Hoc
784 2974 872 3039 omni
893 2981 1055 3057 tempore,
1085 2982 1119 3042 et

51 3071 129 3138 inter
147 3075 234 3158 ipsas
262 3093 390 3156 quoque
420 3078 532 3156 gentes
559 3073 663 3138 uisum
691 3093 819 3157 semper
844 3072 921 3151 fuit,
951 3073 1009 3138 sed
1030 3073 1120 3158 quod
1247 3109 1249 3118 i

52 3171 130 3255 virgo
159 3173 333 3258 juvencula
363 3194 436 3237 cum
467 3172 536 3237 viro
565 3172 682 3254 juvene
710 3171 861 3236 habitare
893 3177 966 3236 tuto
998 3179 1118 3254 posset,

51 3269 177 3338 Messian
209 3279 340 3338 tantum
371 3278 517 3354 tempore
551 3270 700 3336 futurum
729 3271 924 3336 servabatur
960 3277 994 3339 ct
1025 3291 1120 3353 prae·

52 3368 220 3436 dicebatur.
268 3371 306 3435 In
333 3369 452 3452 frigido
481 3370 567 3434 enim
595 3377 653 3434 aut
675 3390 756 3434 sene
785 3369 951 3452 decrepito
979 3368 1120 3435 admira·

51 3467 163 3534 tionem
194 3491 259 3535 non
286 3469 374 3552 parit
402 3469 554 3548 castitas;
588 3468 624 3533 in
653 3469 771 3552 juvene
802 3475 913 3533 autem
944 3468 1012 3533 viro
1045 3490 1120 3536 cum

50 3566 150 3644 puella
168 3567 285 3651 juvene
306 3566 476 3632 habitante
498 3566 693 3631 miraculosa
714 3573 765 3632 est
786 3567 1017 3632 continentia.“

105 3665 134 3730 b.
167 3668 196 3734 S.
218 3667 341 3750 Joseph
369 3666 468 3748 „vir“
497 3661 621 3732 Mariae
650 3667 844 3732 nominatur.
856 3669 881 3749 5)
923 3667 982 3733 Vir
1009 3673 1123 3733 autem

55 3813 239 3826 *—

111 3894 303 3962 ansuini,
316 3899 395 3964 epu
417 3893 719 3966 ²)T0m.11,in111‚p.
733 3875 938 3952 asennaa.
959 3897 981 3964 ⁸)
997 3894 1083 3964 nnn,
1096 3896 1124 3952 c.

51 3975 69 4038 4)
85 3975 140 4034 Lib.
157 3979 191 4034 de
210 3979 309 4048 virgin.
327 3979 431 4059 Mariae
450 3995 476 4046 p.
495 3979 541 4031 152
559 3995 599 4046 sq.
634 3979 653 4044 ⁵)
670 3976 770 4086 Matth.
787 3975 810 4044 1,
828 3979 868 4043 lc,
885 3977 954 4113 1222
