2808 4556
235 526 386 596 conceptio
404 525 506 592 activa,
523 526 590 595 qnid
606 527 631 580 4.

298 637 331 646 -
406 607 575 676 passiva-
606 609 633 664 4.

234 691 429 759 Conceptionie
446 690 480 745 D.
497 689 531 745 N.
549 697 721 746 momentum
739 695 797 749 366.

315 801 348 811 -
444 773 637 828 immaculatae
655 773 781 831 delinitio
799 775 853 831 fuit
870 781 1028 846 opportuna
1044 781 1085 833 61.

316 885 350 895 —
529 885 562 895 -
658 856 835 914 1001001539.

234 940 389 1007 Conoeptne
399 938 552 1008 virgineus,
560 943 654 994 utrum
666 940 848 996 adumbratur
856 941 943 998 fuerit
951 943 981 997 in
989 945 1079 999 veteri
1088 948 1259 1002 tentamento
1270 948 1326 1003 105.

234 1021 357 1077 Contine
374 1023 431 1075 509.

235 1102 388 1172 munigno,
405 1104 538 1157 meritum
556 1103 591 1156 de
608 1132 641 1141 —
658 1104 726 1173 quid
742 1105 800 1161 450.

300 1214 333 1222 -
408 1201 464 1238 000
481 1185 585 1238 meruit
602 1186 634 1240 B.
652 1186 690 1240 M.
709 1187 743 1242 V.
760 1189 968 1243 maternitatem
986 1190 1021 1244 de
1038 1219 1071 1229 -
1087 1193 1145 1246 451.

235 1266 462 1322 Conditionatum
493 1284 548 1322 non
580 1273 641 1322 erat
672 1269 699 1324 b.
724 1269 849 1338 Virginis
879 1273 1054 1341 propositum
1084 1273 1240 1329 servandae
1272 1277 1329 1332 vir·

579 1351 705 1419 ginitatie
723 1354 781 1407 173.

341 1459 374 1472 -
488 1436 593 1498 votum,
611 1433 679 1502 quid
697 1433 752 1490 181.

235 1514 426 1570 Conditionati
442 1515 501 1570 voti
518 1515 662 1570 distinctio
680 1517 736 1570 131.

236 1596 446 1652 Conditionatus
463 1614 612 1651 conrenaus
629 1598 659 1653 in
675 1599 863 1664 matrimonio,
881 1601 948 1668 qnid
964 1599 1023 1656 226.

235 1678 425 1745 conditiones,
442 1679 581 1749 quomodo
599 1679 807 1749 dintinguantur
823 1681 880 1736 227.

317 1791 351 1800 -
441 1761 616 1816 matrimonii
633 1762 805 1817 substantiae
823 1769 1010 1834 repugnantes
1027 1763 1086 1820 227.

236 1844 425 1914 Congruentia
442 1844 671 1899 Annuntiationie
688 1861 740 1912 per
757 1845 915 1902 Gabrielem
933 1846 1023 1902 laetae
1040 1849 1098 1901 345.

237 1926 374 1995 congruo,
391 1928 524 1983 meritum
539 1928 574 1982 de
591 1956 625 1965 -
642 1927 784 1996 0011450.

238 2007 438 2065 0001001231.

239 2091 398 2160 Conjugalie
415 2093 529 2147 00011100
545 2093 586 2146 76.

238 2173 366 2244 Conjugii
383 2174 503 2228 Mariani
520 2174 623 2230 veritae
641 2192 698 2228 000
715 2180 758 2231 eat
775 2174 956 2230 (1011110253.

239 2257 402 2326 Coniugium
420 2257 577 2312 Marianum
595 2261 656 2311 erat
673 2256 967 2311 convenientieeimum
984 2253 1041 2312 208.

303 2367 336 2375 -
483 2368 516 2378 -
607 2367 641 2376 -
673 2339 782 2393 lioitnm
799 2338 857 2392 254.

304 2450 338 2459 -
485 2450 518 2459 -
609 2450 642 2460 -
675 2420 870 2490 imperfectum
886 2418 946 2475 250.

304 2531 337 2540 --
486 2533 517 2540 -
609 2532 641 2540 -
675 2502 833 2572 perieetum
848 2501 907 2557 250.

238 2585 392 2654 conjugum
400 2589 563 2654 perpetuam
572 2585 766 2653 virginitatem
774 2585 804 2638 in
813 2584 943 2654 conjugio
951 2584 1124 2639 servantium
1133 2583 1331 2654 0100010205.

239 2667 393 2722 Consenrue
407 2666 438 2720 Β.
451 2667 489 2722 Μ.
503 2667 537 2722 V.
554 2666 589 2720 ad
606 2683 676 2736 opus
693 2666 905 2731 incarnationis,
923 2682 1009 2735 qnare
1026 2665 1200 2720 desideratur
1219 2665 1333 2721 011346.

305 2777 338 2788 -
404 2750 553 2818 explioitne
567 2749 683 2817 oopulae
700 2749 819 2803 earnalis
836 2749 871 2804 ad
887 2749 1058 2804 matrimonii
1073 2749 1197 2804 valorem
1212 2749 1331 2803 minime

583 2832 737 2902 requiritur
754 2831 811 2886 214.

304 2943 337 2952 -
403 2914 557 2984 implicitus
582 2914 698 2982 copulae
724 2913 843 2968 earnalia
868 2913 904 2968 ad
920 2913 1092 2968 matrimonii
1116 2913 1242 2968 valorem
1268 2929 1332 2982 per·

583 2998 656 3052 tinet
673 2995 731 3050 223.

307 3109 338 3118 -
405 3079 437 3134 Β.
455 3079 494 3134 Μ.
511 3077 544 3134 V.
569 3079 724 3148 conjugalia
741 3077 769 3131 in
796 3077 934 3146 quodnam
958 3077 1099 3145 objectum
1117 3076 1187 3130 ferri
1204 3076 1333 3145 potnerit

586 3167 616 3216 et
632 3159 762 3214 debuerit
778 3160 836 3213 255.

241 3243 451 3299 0000100110000
469 3243 624 3298 Concilium
640 3244 698 3298 215.

242 3326 580 3396 Constantinopolitanum
598 3326 753 3382 Concilium
772 3322 807 3379 ll.
822 3321 882 3378 420.

389 3519 423 3529 -
593 3491 754 3559 Symbolum
771 3489 813 3544 99.

242 3574 400 3630 Contenaon
417 3573 456 3628 55.
475 3573 531 3628 131.
547 3573 605 3628 434.
622 3573 681 3629 448.

241 3655 420 3711 Continentia
444 3654 518 3722 apud
541 3655 677 3724 plurimos
694 3653 819 3709 Judaooa
842 3669 877 3706 ex
894 3650 972 3719 vulgi
995 3648 1132 3718 opinione
1152 3647 1243 3702 vetita
1267 3649 1333 3701 erat

586 3741 615 3791 et
631 3737 766 3806 probrosa
783 3736 824 3790 36.

323 3847 358 3858 -
449 3822 478 3872 01
495 3819 638 3885 sterilitas,
655 3833 775 3888 quonam
793 3815 926 3870 differant
943 3813 1000 3870 102.

243 3902 348 3971 Copula
364 3902 484 3956 earnalia
501 3918 556 3955 non
574 3901 697 3971 pertinet
714 3898 749 3952 ad
766 3898 905 3952 rationem
921 3893 1095 3950 matrimonii
1112 3892 1169 3949 207.

243 3983 387 4039 Cornelius
403 4000 421 4037 a
438 3981 544 4052 Lepide
560 3982 585 4038 8.
601 3984 625 4039 9.
642 3983 684 4037 55.
700 3981 741 4036 76.
757 3980 816 4035 237.
833 3979 891 4034 321.
908 3977 965 4034 330
981 3975 1040 4033 400.
1055 3975 1114 4031 403.
1129 3973 1188 4030 400.
1206 3972 1263 4028 531.
