2726 4560
745 379 791 444 IV

228 564 301 610 earn
330 542 434 608 voluit
464 541 628 622 decorari,
658 543 745 608 dona
772 564 812 608 ac
839 543 1018 627 privilegia
1060 546 1176 612 Nonne
1203 548 1316 616 Maria

225 677 307 760 ipsa,
326 682 365 740 ut
382 695 475 740 suam
492 673 660 740 illustrent
677 675 881 759 dignitatem,
898 676 1022 741 excitat
1038 678 1164 744 animas
1181 679 1312 747 dicens:

226 807 376 892 „Fulcite
403 826 456 871 me
486 803 622 872 floribus
653 814 688 872 et
716 808 838 890 stipate
865 828 918 872 me
948 807 1059 887 malis,
1092 810 1171 892 quia
1197 832 1314 878 amore

225 937 407 1023 langucor
418 939 442 1020 ¹)
474 937 560 1020 „Qui
580 944 657 1003 sunt
676 937 713 1002 hi
732 935 839 1016 flores,
861 939 1044 1022 interrogat
1063 941 1311 1027 Amedeus‚²)

224 1071 495 1138 Lausanensis
530 1069 766 1154 Episcopus,
802 1072 866 1136 nisi
897 1071 1007 1136 divina
1041 1073 1077 1135 in
1106 1073 1204 1140 laude
1237 1077 1311 1160 ejus

224 1204 380 1288 mysteria
401 1209 435 1268 et
455 1202 533 1266 olim
554 1224 575 1267 a
595 1203 734 1268 saeculis
755 1203 949 1269 abscondita
969 1214 1191 1286 sacramenta,
1221 1230 1311 1292 quae

221 1337 290 1423 jam
318 1337 354 1402 in
385 1357 482 1401 came
510 1336 721 1418 apparentia,
754 1337 873 1419 spiritu
900 1337 1111 1403 manifestata
1140 1361 1181 1404 ex
1208 1341 1310 1410 dictis

223 1470 359 1538 Petrum
385 1469 489 1535 veluti
516 1489 558 1534 ex
583 1467 778 1552 quibusdam
805 1469 940 1552 gemmis
967 1470 1123 1536 arborum
1147 1493 1311 1558 prorupe-

223 1608 318 1683 runt;
345 1601 484 1668 fulcitur
505 1621 581 1685 ergo
603 1599 758 1680 floribus‚'
783 1623 884 1685 quum
904 1601 1075 1685 praedicta
1095 1605 1229 1670 oracula
1248 1627 1310 1691 ap-

222 1735 370 1822 parent.“

284 1886 374 1964 Quae
396 1904 498 1968 quum
517 1883 566 1948 ita
587 1883 662 1960 sint,
689 1883 807 1947 mnnm
826 1903 961 1964 prorsus
981 1882 1119 1961 videtur,
1142 1885 1232 1968 quod
1250 1887 1308 1952 rix

222 2018 335 2096 ullum,
352 2016 574 2082 recentiorum
593 2013 762 2099 quidemr)
784 2014 928 2097 reperias
950 2014 1119 2082 doctrinae
1135 2016 1307 2086 Marianae

222 2171 349 2234 corpus,
365 2149 400 2214 in
419 2169 483 2232 quo
506 2147 714 2231 quaestiones
734 2144 778 2211 ad
798 2145 1006 2212 beatissimae
1016 2147 1160 2232 Virginis
1180 2157 1309 2218 statum

220 2281 487 2348 sublimissimum
503 2278 706 2362 pertinentes
729 2300 769 2345 ex
786 2277 933 2362 professo
955 2286 1192 2362 componantur
1207 2303 1306 2364 prae·

220 2415 351 2499 ciseque
373 2413 602 2479 discutiantur.
637 2414 672 2480 Si
692 2412 864 2478 imbecillis
886 2433 946 2496 ego
966 2412 1105 2495 ingenio,
1129 2433 1227 2495 quem
1247 2435 1307 2480 cor

220 2553 255 2613 et
275 2546 400 2629 lingua,
429 2565 542 2610 sensns
571 2543 725 2610 deficiant
751 2566 790 2610 ae
818 2545 917 2623 vires,
947 2544 1095 2610 libellum
1121 2543 1209 2610 buno
1237 2544 1306 2612 dis-

219 2679 387 2766 quirendis
416 2700 441 2744 s.
465 2677 626 2762 Deiparae
648 2678 863 2762 dignitatibus
891 2700 929 2743 ac
951 2677 1186 2762 praerogativis
1207 2685 1305 2762 apta·

219 2819 291 2879 tum
311 2811 346 2876 in
374 2810 518 2876 medium
538 2810 685 2894 proferre
714 2817 873 2894 tantoque
901 2831 954 2876 me
974 2818 1100 2877 temere
1118 2810 1306 2878 immiscere

217 2943 347 3010 muneri
367 2964 467 3009 ausus
488 2943 564 3021 sim,
594 2963 728 3026 scopum
756 2943 850 3008 iilum
870 2942 1069 3026 perarduum
1089 2942 1160 3007 fore
1189 2949 1227 3008 ut
1250 2950 1305 3011 at-

218 3076 343 3160 tingam
379 3075 559 3141 certissime
594 3097 661 3140 non
695 3076 839 3159 speravi,
875 3075 933 3141 sed
964 3075 1037 3142 aliis
1073 3077 1304 3145 tantummodo

218 3207 419 3274 doctioribus
451 3205 493 3272 ad
522 3228 603 3292 epus
634 3208 752 3274 melius
778 3208 1012 3291 praestandum
1042 3207 1127 3272 viam
1154 3206 1304 3290 pandere

218 3338 401 3407 desiderari
430 3359 489 3405 nec
520 3359 586 3405 nou
617 3339 867 3425 benignissimae
898 3339 1000 3406 Matri
1030 3337 1099 3417 illi‚,
1131 3337 1226 3421 cujus
1256 3340 1303 3407 ob

216 3471 387 3540 innumera
414 3471 575 3540 beneficia
602 3471 711 3556 quoad
738 3471 894 3550 animem,
924 3491 1023 3555 quam
1051 3469 1160 3554 quoad
1180 3491 1304 3554 corpus

217 3603 259 3671 ab
290 3605 403 3672 eadem
432 3612 566 3690 recepta
593 3627 767 3691 agnoscam
794 3626 846 3672 me
874 3625 1006 3672 necesse
1034 3612 1085 3671 eet
1106 3605 1304 3688 debitorem,

216 3737 351 3824 aliquod
390 3737 507 3804 saltem
545 3737 776 3823 obsequiorum
814 3757 962 3804 meorum
999 3736 1171 3803 ostendere
1208 3737 1305 3806 volui

216 3871 412 3884 *ιιι-

283 3935 302 4004 ¹)
319 3935 426 3992 cantic.
443 3935 481 4003 11,
497 3936 520 3990 t.
561 3934 583 4002 ²)
599 3935 679 3992 Hem.
692 3935 718 3994 ¹1.
760 3939 781 4004 ³)
797 3933 847 3992 ibit
865 3934 1025 4005 mariotae
1041 3935 1086 3992 bet
1100 3935 1161 4004 urit
1179 3935 1304 4005 {bemus

215 4023 266 4075 tou
284 4016 378 4086 beuta.
413 4015 561 4087 Dctqeftetlt
578 4024 630 4077 tou
646 4019 694 4076 Dr.
712 4020 743 4089 ῧ.
762 4019 890 4087 domest.
