2728 4554
577 338 638 400 439

69 496 186 563 audeat
204 496 310 581 prius,
339 497 367 562 si
387 503 518 563 tantum
538 498 638 564 animi
658 497 794 578 habeat,
808 499 811 506 '
824 497 925 565 divini
944 500 1047 584 ipsius
1067 499 1143 566 Filii

71 593 258 678 dignitatem
284 596 401 662 metiri.
445 596 552 674 Quare
578 603 617 662 ut
643 597 784 663 divinam
804 598 1049 664 Matemitatem
1069 599 1142 682 quis

69 697 361 778 comprehenderet,
372 696 478 760 minus
494 695 619 780 aliquid
631 717 697 760 non
710 696 879 776 sufficeret,
896 717 992 780 quam
1005 704 1044 763 ut
1057 719 1142 762 com-

70 794 280 874 prehenderet
307 794 544 879 quodammodo
573 795 717 861 Verbum
743 797 969 874 incarnatum,
1000 803 1034 860 et
1062 795 1142 878 quid

68 892 123 956 sit:
151 893 256 972 home,
279 895 337 977 qui
361 901 412 960 est
433 896 529 975 Deus,
553 897 650 974 Deus,
680 895 935 979 quiesthomo,
965 916 1045 977 opus
1067 894 1140 959 illu·
1220 980 1221 983 Ἴ
1276 959 1279 964 .

71 991 259 1057 strissimum
279 995 446 1076 potentiae
468 1001 502 1058 et
523 994 693 1060 charitatis
715 995 897 1071 increatae,
927 1015 1023 1076 opus,
1053 993 1141 1076 quod

70 1095 104 1154 ut
133 1093 308 1157 maximum
345 1092 485 1172 faceret,
525 1115 559 1158 11
591 1093 697 1176 ipsum
734 1092 867 1157 inclusit
899 1091 1027 1157 artifex.
1080 1091 1139 1156 Ille

70 1187 164 1270 igitur
190 1191 401 1275 Unigenitus,
434 1193 491 1276 qui
518 1200 691 1276 postquam
718 1193 753 1257 in
780 1193 854 1257 sinu
881 1191 988 1256 Patris
1017 1190 1058 1255 ab
1087 1211 1140 1254 ae-

70 1293 157 1354 terno
178 1291 306 1374 accepit
327 1298 485 1372 naturam,
516 1314 599 1376 quae
620 1299 747 1358 careret
767 1290 937 1374 principie,
967 1295 1001 1354 et
1023 1288 1138 1353 deinde

70 1384 101 1448 in
126 1388 197 1453 sinu
225 1388 340 1462 Matris
368 1411 533 1455 assumere
561 1391 663 1456 voluit
691 1397 857 1468 naturam,
891 1409 974 1472 quae
1002 1387 1139 1452 haberet

68 1485 266 1570 principium,
295 1489 360 1566 ille,
388 1489 536 1571 inquam,
566 1488 654 1553 solus
674 1487 856 1570 intelligere
877 1492 987 1570 potest
1007 1485 1139 1550 immen-

70 1603 134 1648 sam
161 1586 395 1654 sublimitatem
423 1588 607 1670 dignitatis,
637 1587 799 1670 adquam
817 1587 925 1651 Mater
944 1585 1044 1667 Virgo
1066 1606 1139 1666 per-

71 1683 182 1749 111111.α
225 1686 255 1751 S.
277 1686 437 1751 Eucherio
458 1686 644 1770 plenissime
673 1686 837 1750 consentit
865 1684 895 1749 d.
922 1683 1138 1766 Gregorius

70 1778 284 1850 Maternitatis
306 1785 499 1868 dignitatem
519 1785 568 1850 ita
587 1783 810 1867 magnificans:
833 1784 888 1865 ,si
908 1783 955 1847 vis
974 1782 1139 1865 Virginem

69 1899 263 1963 cognoscere,
293 1884 399 1968 qualis
428 1890 462 1949 et
489 1892 612 1968 quanta
640 1884 698 1963 sit,
728 1884 763 1948 in
791 1884 860 1966 ejus
880 1883 998 1948 Filium
1026 1881 1137 1947 oculos

70 1981 224 2063 conjicito,
254 1983 411 2066 scribit,¹)
441 1989 475 2054 et
503 2005 543 2048 ex
571 1983 640 2066 ejus
660 1982 861 2048 excellentia
887 1981 1011 2066 poteris
1039 1981 1139 2046 etiam

69 2078 287 2145 excellentiam
307 2082 422 2146 Matris
450 2082 641 2164 intelligere.
684 2081 771 2146 Talis
800 2102 874 2164 ergo
902 2080 1009 2146 Mater
1038 2080 1138 2145 talem

70 2172 180 2242 Filium
211 2179 320 2258 decet,
357 2188 390 2245 11
422 2201 440 2244 1
470 2187 585 2244 contra
615 2180 692 2246 talis
723 2180 825 2245 Filius
856 2180 956 2245 talem
987 2179 1136 2244 Matrem.

70 2271 169 2341 Mater
189 2277 280 2343 dedit
300 2278 382 2344 Filio
403 2279 578 2343 humanam
597 2285 757 2358 naturam,
778 2279 879 2344 Filius
900 2299 976 2343 vero
998 2278 1138 2342 Matrem

71 2375 197 2442 coelesti
222 2379 329 2460 gratia
355 2378 502 2461 replevit.
529 2378 781 2463 ,Unusquisque
810 2399 886 2460 ergo
915 2376 1019 2455 dedit,
1050 2374 1138 2460 quod

71 2470 233 2542 1111111111(ί
282 2476 331 2543 111
358 2499 433 2560 ergo
459 2478 603 2558 mireris,
632 2478 660 2543 si
686 2478 967 2543 Damascenum
994 2474 1137 2542 audieris

71 2574 346 2661 exclamantemz2)
378 2577 426 2660 ,0
453 2577 645 2643 miraculum
672 2576 821 2642 omnibus
841 2575 1005 2641 miraculis
1033 2574 1136 2639 excel·

70 2667 195 2740 lentius!
217 2675 336 2741 Mulier
356 2676 525 2742 sublimior
543 2675 712 2758 Seraphim
734 2676 852 2740 effecta
873 2680 932 2753 est,
953 2673 1031 2757 quia
1048 2673 1136 2738 Deus

71 2769 149 2837 visus
170 2781 219 2839 est
239 2774 372 2858 Angelis
392 2775 490 2858 paulo
513 2775 619 2840 minus
640 2774 856 2839 minoratusl“

125 2939 232 3020 ,Nihil
264 2945 314 3004 est
341 2939 477 3023 aequale
505 2939 645 3017 Mariae,
675 2939 789 3004 scribit
819 2938 849 3003 d.
877 2936 1133 3018 Ansclmus,³)

72 3033 151 3116 nihil,
172 3039 235 3103 nisi
257 3039 353 3117 Deus,
375 3037 479 3121 majus
500 3037 614 3102 Maria.
658 3039 746 3103 Deus
766 3037 885 3102 Filium
906 3057 1008 3114 suum,
1038 3055 1134 3119 quem

72 3133 166 3200 solum
194 3137 234 3201 de
266 3138 362 3202 corde
390 3159 448 3202 suo
478 3138 615 3222 aequale
644 3138 706 3202 sibi
733 3139 878 3221 genitum
905 3142 1073 3218 tamquam
1099 3153 1134 3198 sc

72 3227 167 3312 ipsum
193 3235 365 3318 diligebat,
394 3237 501 3320 ipsum
529 3238 621 3302 dedit
641 3236 779 3301 Mariae:
809 3243 842 3300 et
870 3256 910 3299 ex
929 3234 1035 3299 Maria
1054 3232 1134 3299 fecit

14 3351 17 3364 ·
72 3329 126 3394 sibi
144 3333 261 3398 Filium
288 3355 355 3399 non
382 3335 483 3400 alium
504 3335 561 3400 sed
590 3335 743 3414 eundem,
773 3341 811 3399 ut
831 3333 1028 3399 naturaliter
1048 3339 1135 3398 esset

71 3447 144 3495 unus
170 3433 320 3516 idemque
348 3434 525 3499 communis
555 3433 658 3498 Filius
690 3439 723 3498 et
749 3432 903 3497 Mariae.“
951 3431 1052 3496 Nemo
1083 3453 1134 3496 co·

71 3527 181 3604 pionius
208 3539 242 3596 et
261 3531 458 3597 luculentius
487 3532 527 3598 de
553 3533 615 3598 hac
635 3532 855 3598 Maternitatis
884 3532 1042 3614 dignitate
1071 3531 1134 3597 dis·
1183 3615 1186 3625 ,
1221 3543 1226 3550 “

72 3633 192 3703 putasse
230 3630 375 3712 videtur,
420 3651 518 3714 quam
562 3653 586 3696 1.
626 3631 897 3696 Bernardinus
937 3629 1156 3714 Senensis„

73 3790 254 3809 ⁵——

73 3968 87 4023 S
108 3895 146 4029 V1)
154 3895 225 4032 r{up
241 3900 255 3950 1
273 3897 341 3966 Reg.
383 3897 405 3964 ²)
423 3893 457 3950 ln
474 3896 588 3953 Nativit.
606 3897 637 3952 B.
654 3897 692 3952 M.
709 3898 741 3954 V.
764 3896 836 3952 hom.
854 3896 875 3952 1.
916 3897 939 3962 ³)
957 3894 1032 3950 Oret.
1049 3897 1080 3950 52
1098 3895 1133 3950 ad
