2726 4560
377 1067 599 1204 Praef
652 1065 770 1202 tio.

94 1351 198 1463 ,Post
220 1379 324 1462 ipsius
347 1377 409 1443 Dei
436 1398 475 1442 ac
497 1376 620 1442 Christi
648 1376 894 1460 cognitionem“,
922 1380 1031 1464 inquit
1052 1382 1116 1448 Su-

36 1513 201 1590 aresius,
213 1513 239 1594 1)
260 1507 432 1593 theologus
453 1529 519 1573 non
540 1508 646 1573 minus
669 1508 825 1574 scientiae
847 1495 925 1576 suae
945 1511 1116 1595 profundi-

37 1650 109 1723 tate,
122 1665 223 1728 quam
240 1643 418 1708 tenerrima
434 1662 513 1725 erga
527 1641 750 1707 beatissimam
760 1641 928 1726 Virginem
944 1643 1116 1711 devotione

37 1777 169 1842 maxime
180 1776 385 1860 perspicuus,
398 1774 541 1856 ,nullam
553 1780 613 1838 aut
626 1773 792 1839 utiliorem
806 1781 866 1840 aut
880 1776 949 1840 viro
962 1776 1115 1861 theologo

38 1908 211 1991 digniorem
235 1929 307 1973 esse
329 1907 478 1972 existimo
497 1908 609 1990 (quarn
627 1906 788 1990 gloriosae
803 1906 968 1990 Virginis).
1001 1908 1116 1992 Neque

39 2042 117 2106 enim
131 2041 294 2124 intelligo,
313 2060 372 2103 cur
389 2038 429 2104 de
447 2038 554 2122 gratia
572 2036 779 2121 Angelorum,
796 2037 837 2103 de
852 2038 983 2103 illorum
998 2041 1117 2106 merito

40 2179 69 2236 et
86 2171 191 2256 gloria
212 2179 283 2237 tam
308 2176 460 2236 accurate
482 2169 654 2252 disputant
673 2169 827 2253 theologi,
856 2171 897 2236 de
919 2172 1116 2256 Angelorum

38 2323 106 2368 vero
126 2304 258 2388 Regina
278 2302 373 2384 longe
396 2301 512 2384 majori
533 2299 703 2384 diligentia
732 2299 955 2368 disserendum
976 2326 1042 2370 non
1063 2305 1116 2384 sit,

39 2457 131 2517 quum
150 2437 237 2502 haec
258 2435 408 2500 doctrina
435 2442 486 2501 est
506 2455 566 2518 per
587 2456 622 2500 se
651 2434 778 2518 dignior
805 2455 843 2500 ac
861 2435 1052 2519 jucundior,
1082 2444 1117 2503 et

39 2567 75 2631 ad
103 2569 267 2651 pietatem
298 2567 403 2651 magis
440 2566 682 2633 accomodata.“
736 2566 826 2645 Quae
858 2569 944 2633 enim
974 2568 1117 2652 dignitas

39 2698 146 2766 Matris
168 2701 235 2766 Dei
255 2700 416 2783 dignitate
438 2699 608 2765 sublimior
629 2700 926 2784 excellentiorque?
950 2701 1118 2780 Quaenam

41 2840 185 2899 creatura
206 2831 447 2916 pulchrioribus
476 2853 510 2897 se
531 2831 615 2897 vidit
634 2831 789 2916 videtque
816 2837 966 2898 ornatam
987 2833 1117 2899 virtuti-

39 2963 91 3031 bus
114 2989 153 3032 ac
176 2964 453 3049 splendidioribus
470 2963 706 3048 praerogativis
724 2963 973 3047 incomparabili
982 2965 1116 3048 Virgine

40 3095 109 3162 ills?
149 3099 321 3177 Quaenam
349 3097 467 3180 majori
494 3096 617 3181 gaudet
644 3099 811 3180 potestate
839 3095 874 3160 in
902 3097 992 3162 coelo
1023 3097 1117 3163 etin

40 3237 129 3311 terra,
154 3253 256 3316 quam
278 3231 444 3296 coelorum
464 3230 611 3314 Regina?

91 3362 185 3428 Nihil
205 3361 354 3446 profecto
376 3361 492 3428 utilius
519 3368 596 3446 post
617 3361 723 3428 Deum
748 3361 906 3428 memoria
925 3362 1042 3429 Matris
1067 3370 1117 3430 te·

41 3499 141 3562 stante
170 3517 195 3562 s.
223 3495 445 3578 Anselmo²)
476 3492 624 3578 nihilque
652 3492 702 3558 illi
726 3493 918 3578 jucundius,
947 3513 1046 3579 quam
1073 3494 1117 3561 ad

43 3628 102 3710 ejus
134 3629 385 3714 propagandum
421 3630 579 3695 honorem
615 3627 750 3695 uberius
786 3649 915 3713 semper
954 3649 1117 3713 exponere

44 3761 157 3842 omnia,
190 3760 310 3846 quihus
338 3761 427 3827 Deus
447 3760 540 3827 Unus
569 3767 604 3827 et
623 3759 741 3827 Trinus
768 3781 789 3827 a
817 3765 890 3828 tota
918 3761 1117 3829 aeternitate

43 3965 120 4102 ΜΡ
138 3966 214 4106 vArg.
240 3963 278 4104 agl
307 3963 458 4034 lectorem
491 3963 526 4020 de
552 3963 661 4020 lucum.
691 3963 747 4022 vol.
772 3963 808 4020 ll.
849 3964 872 4032 ²)
898 3962 940 4016 De
967 3961 1116 4018 excellent·

63 4085 69 4099 .
113 4089 120 4102 .
164 4064 234 4118 ‚cp
269 4087 276 4103 .
589 4085 591 4090 ,

918 4125 947 4180 1*
