2772 4550
585 353 642 414 551
771 399 773 404 .

66 513 207 598 ejusque
235 531 421 580 successore
447 511 570 578 Paulo
596 511 654 592 11.,
684 517 828 594 testatur
853 509 996 580 Joannas
1024 511 1158 580 Bonifa-

67 612 148 680 eius.
161 613 209 696 ¹)'
236 611 387 678 Instituit
413 609 498 675 illud
526 609 603 676 Pius
630 609 673 676 11.
702 610 745 676 ad
762 611 963 678 'instantiam
990 613 1158 679 wilhelmi

69 711 173 777 Ducis
195 711 354 778 Saxonine
383 726 470 775 anno
492 715 581 776 1460.
624 711 752 776 Literas
780 731 856 776 vero
885 727 951 778 non
978 711 1080 777 fuisse
1103 731 1157 778 ex-

67 809 219 892 peditas,
248 814 343 892 patet
372 829 412 873 ax
440 808 632 892 diplomate,
662 831 726 893 quo
753 809 874 875 Paulus
894 807 936 875 lI.
965 831 1051 876 anno
1078 815 1156 876 1464

68 929 127 991 pro
161 909 262 974 terris
300 914 335 973 et
366 907 516 972 dominiis
555 908 698 992 praefati
730 907 830 974 Ducis
869 909 1064 992 approbavit
1094 909 1156 976 hoc

68 1006 194 1074 festum
226 1029 265 1072 ex
295 1006 436 1074 Saxonis
467 1029 542 1072 mox
574 1007 737 1072 transiens
769 1007 812 1074 ad
847 1007 929 1072 alias
961 1007 1155 1074 Germaniae

68 1113 192 1188 partes.
820 1125 822 1130 ·

128 1206 189 1272 Pio
211 1206 249 1271 V.
272 1203 431 1270 Pontifioe
459 1203 648 1269 solemnitas
671 1203 774 1283 'haec,
804 1223 878 1282 seu,
907 1210 946 1269 ut
968 1204 1155 1270 Benedic-

68 1310 131 1370 tus
165 1304 299 1387 XIV.²)
334 1309 447 1387 putat,
483 1303 592 1368 verius
631 1301 785 1382 officium,
822 1302 911 1386 quod
942 1303 1153 1382 recitabatur,

69 1403 219 1468 nonnihil
240 1409 464 1486 oppugnatum
486 1410 545 1468 est.
588 1403 657 1484 ,loe
677 1409 797 1482 autem,
819 1402 928 1486 inquit
948 1403 968 1466 l.
988 1424 1025 1481 c.,
1043 1425 1155 1470 rursus

68 1521 150 1567 novo
181 1503 332 1586 subjecta
360 1501 501 1566 examini
528 1501 589 1566 sub
612 1502 704 1566 Sixto
726 1501 774 1580 V.,
804 1519 904 1584 quum
933 1502 1156 1568 consideraret

69 1597 223 1666 Pontifex
248 1607 447 1667 vetustatem
473 1601 570 1684 hujus
598 1601 675 1666 festi
683 1649 813 1680 .....
843 1601 942 1666 etiam
969 1602 1054 1668 benc
1081 1602 1155 1668 aliis

69 1697 188 1766 beatae
204 1700 349 1783 Virginis
371 1700 634 1766 solemnitatibus
657 1700 786 1765 addidit
802 1721 888 1764 anno
908 1701 1018 1765 1585.α
1052 1701 1154 1783 „Aliis

69 1796 170 1879 igitur
199 1799 448 1865 celebritatibus
474 1805 653 1882 perpetuae
674 1791 813 1882 Virgini,
843 1819 928 1883 qnae
956 1798 998 1864 ab
1020 1807 1154 1866 aeterno

70 1905 284 1980 praeparata,
316 1905 352 1964 et
378 1898 577 1981 propheticis
605 1897 891 1964 testificationibus
911 1898 1153 1981 praenuntiata,

70 1996 214 2062 nondum
235 2004 346 2063 tamen
363 1997 472 2062 Mater
487 1997 549 2062 Dei
564 1997 689 2080 Angelo
710 1997 883 2063 nuntiante
901 1995 1012 2062 fuerat
1027 1995 1153 2076 effecta,

70 2113 90 2156 a
116 2095 282 2160 catholica
302 2095 450 2160 Ecclesia
478 2097 688 2174 consecratis,
719 2095 864 2179 ejusdem
892 2117 1037 2178 quoque,
1069 2115 1153 2179 quae

72 2191 132 2256 Dei
157 2195 320 2278 templum
345 2193 460 2259 futura
488 2199 574 2273 erat,
605 2201 639 2259 et
667 2194 846 2258 sacrarium
868 2194 1009 2277 Spiritus
1037 2195 1152 2273 sancti,

70 2289 104 2354 in
129 2292 255 2376 templo
276 2293 578 2358 Praesentationsm
606 2293 647 2358 ab
676 2293 913 2376 antiquissimis
940 2311 1044 2376 usque
1072 2299 1154 2358 tem·

70 2391 205 2470 poribus
226 2412 353 2457 summa
379 2391 500 2474 ubique
528 2391 675 2475 gentium
703 2409 777 2456 cnm
801 2391 1013 2456 *veneratione
1042 2390 1153 2456 obser-

70 2495 177 2555 vatam
202 2490 322 2556 ascribi
341 2489 505 2569 volumus,
536 2495 570 2555 ct
591 2489 696 2555 sicubi
716 2489 904 2556 intermissa
925 2493 990 2569 cst,
1020 2490 1153 2556 restitui

69 2605 106 2650 ac
124 2589 251 2674 jugiter
272 2589 497 2671 custodiri.“³)

567 2789 601 2873 a.
623 2787 657 2856 s.

71 2930 236 3002 Festum
265 2919 625 3018 Desponsationis
653 2933 930 3001 beatissimae
951 2936 1150 3020 Virginis.

414 3034 489 3100 Die
518 3037 574 3100 23.
603 3033 809 3118 Januarii.

133 3188 159 3248 1.
188 3185 228 3248 In
243 3183 392 3248 Ecclesia
409 3182 663 3249 Occidentali
683 3204 749 3250 non
766 3183 892 3249 invenit
909 3183 1160 3270 colvenerium)

73 3284 290 3367 antiquiorem
312 3283 407 3367 hujus
428 3283 619 3348 festivitatis
640 3283 848 3362 mentionem,
871 3303 969 3366 quam
991 3305 1012 3349 a
1033 3284 1153 3350 ducen-

72 3379 113 3444 tis
140 3383 244 3448 annis.
289 3383 359 3460 Quo
387 3388 535 3466 tempore
556 3403 616 3465 pro
646 3403 686 3446 ea
713 3380 918 3446 instituenda
945 3383 1085 3448 multum
1105 3383 1153 3448 la·

73 3475 198 3546 boravit
219 3480 451 3546 celeberrimus
475 3480 707 3546 Universitatis
728 3480 919 3546 Parisicnsis
940 3481 1155 3547 cancellarius

72 3573 212 3645 loannes
244 3579 409 3658 Gerson,
444 3579 623 3662 praecipua
654 3597 731 3662 erga
769 3599 793 3645 s.
826 3579 950 3663 Joseph
980 3580 1151 3646 devotione

137 3747 156 3812 ¹)
172 3744 298 3800 Historia
314 3743 459 3812 virginalis
475 3743 523 3798 lib.
541 3741 563 3808 l,
581 3759 624 3810 op.
642 3745 666 3798 6.
705 3743 727 3802 ‘l
746 3741 778 3797 L.
795 3758 820 3798 c.
838 3759 881 3812 cp.
899 3742 972 3798 XIV.
1013 3744 1034 3811 ³)
1051 3745 1153 3800 Exstat

74 3822 143 3880 Sinti
157 3828 191 3893 V,
213 3825 385 3891 constitutio,
410 3841 445 3878 ex
466 3841 521 3894 qus
542 3823 612 3878 baec
634 3824 721 3878 verba
745 3826 912 3897 deprompta
935 3833 1007 3895 sunt,
1032 3833 1099 3885 tom.
1116 3829 1154 3896 ll,

74 3903 184 3965 Bnllarii
201 3927 229 3964 n.
245 3912 271 3964 ⁷.
310 3908 332 3975 ⁴)
349 3905 549 3962 Kalandarium
566 3906 775 3964 Sacratissimae
792 3908 917 3978 Virginis
934 3909 1040 3966 Marisa
1062 3912 1155 3966 novis·

74 3986 178 4051 simum.
212 3991 467 4048 suscitatorem.
484 3988 506 4055 1,
523 4005 587 4060 pag.
602 3989 644 4046 05.
