2728 4560
734 309 795 369 248

222 494 331 551 onem,
364 493 429 537 non
456 470 594 535 Mariam
625 469 713 534 illius
745 468 807 533 viri
837 489 957 552 negare
990 469 1158 552 conjugem
1188 475 1281 534 contra

223 572 374 656 angelum
411 571 560 664 testem.“
621 569 730 652 Hugo
770 590 790 633 a
829 569 896 634 Sto
929 568 1110 649 Victore,
1150 571 1202 652 qui
1235 589 1280 633 suo

222 671 352 737 saeculo
381 670 466 736 alter
486 668 657 734 nominari·
668 669 789 733 meruit
810 668 1028 750 Augustinus,
1058 669 1143 734 hanc
1170 668 1283 734 eandem

225 792 264 835 ex
285 769 431 853 professo
453 767 652 833 lucidissime
675 767 809 850 exponit
830 767 1011 832 veritatem.
1021 767 1046 850 ¹)
1089 768 1134 832 At
1154 767 1284 831 brevitati

224 867 421 935 consulendo
444 873 478 932 et
501 867 543 931 ad
569 866 771 949 pagellarum
800 866 966 949 angustias
994 867 1200 931 attendentes
1219 866 1285 949 ojus·

195 982 200 988 '
225 968 298 1033 dom
319 965 519 1049 argumentis
542 964 741 1048 explicandis
763 965 929 1030 immorari
951 986 1017 1030 non
1038 987 1215 1047 possumus.

285 1067 339 1144 Iis,
362 1086 445 1148 quae
476 1065 516 1129 de
538 1065 762 1138 sanctissimae
785 1064 927 1146 Virginis
949 1085 1023 1128 cum
1051 1085 1075 1128 s.
1097 1064 1216 1147 Joseph
1233 1051 1291 1126 ma?

223 1167 376 1232 trimonio
406 1164 560 1242 diximus,
593 1164 756 1228 obstare
785 1164 973 1228 videntur
999 1163 1227 1228 nonnullorum
1250 1169 1287 1225 te-

225 1265 378 1330 stImonia
406 1263 558 1340 Patrum,
595 1262 651 1345 qui
686 1262 792 1344 prima
827 1261 935 1326 fronte
967 1261 1028 1326 hoc
1064 1261 1288 1326 matrimonium

224 1369 381 1446 negantes
402 1368 536 1444 pactum
562 1360 763 1426 solummodo
793 1360 837 1425 ad
857 1367 1004 1426 mutuam
1031 1360 1288 1424 cohabitationem

226 1463 417 1542 ordinatum¹
446 1460 636 1526 concedunt.
691 1460 830 1538 Quidam
863 1459 949 1523 enirn
983 1460 1115 1523 illorum
1147 1464 1287 1533 asserunt,

225 1563 256 1627 b.
271 1561 409 1626 Mariam
430 1581 495 1624 non
512 1560 644 1642 proprie
664 1580 733 1624 esse
754 1579 898 1637 uxorem,
918 1559 975 1623 sed
992 1564 1123 1623 tantum
1141 1577 1287 1641 sponsam3

124 1699 127 1706 ·
225 1682 360 1725 uxorem
389 1681 453 1723 non
482 1659 522 1723 de
543 1658 726 1741 praesenti,
759 1658 816 1722 sed
845 1658 951 1722 solum
979 1657 1019 1722 de
1046 1657 1177 1737 futur03
1205 1679 1227 1722 s.
1246 1656 1288 1720 Jo-

226 1759 305 1842 seph
333 1780 400 1824 non
427 1757 559 1840 proprie
591 1757 695 1820 virum
724 1756 804 1834 dici,
841 1777 914 1820 eum
943 1754 1012 1820 s'ola
1041 1757 1208 1838 opinione,
1237 1775 1289 1818 non

225 1879 260 1922 re
289 1858 360 1940 ipsa
390 1856 560 1934 maritum,
593 1855 748 1920 maritum
776 1862 908 1920 tantum
936 1856 1065 1921 nomine
1093 1855 1209 1935 fuisse,
1238 1875 1290 1918 non

227 1955 434 2022 conscientia.

276 2055 489 2119 vMentionem
507 2051 644 2118 facimus
660 2054 855 2136 praesertim
877 2053 1060 2136 Origenis
1081 2054 1130 2118 ita
1151 2054 1191 2118 de
1211 2075 1233 2117 s.
1247 2051 1291 2115 Jo-

226 2153 306 2236 seph
326 2151 541 2235 loquentisz2)
574 2151 658 2233 ,Qui
678 2173 761 2234 pene
788 2151 921 2216 licentia
948 2152 1105 2232 maritali,
1135 2153 1212 2217 licet
1232 2169 1290 2214 eam

225 2275 291 2318 non
323 2252 538 2334 contingeret,
574 2250 706 2316 futurae
738 2258 864 2330 tamen,
898 2257 936 2316 ut
967 2253 1164 2334 putabatur,
1196 2248 1291 2316 uxoris

227 2352 335 2417 omnia
355 2351 521 2417 noverat.“
562 2350 663 2415 Juxta
686 2372 760 2416 eum
781 2351 886 2416 Maria
914 2372 979 2415 non
1007 2350 1072 2415 fuit
1092 2372 1204 2416 revera
1223 2367 1292 2413 uxor

225 2449 339 2514 futura
366 2472 389 2514 s.
412 2448 559 2531 Josephi,
589 2449 646 2514 sed
666 2449 780 2514 futura
800 2450 967 2515 hominum
995 2450 1147 2532 opinione
1169 2455 1288 2515 tantum.

226 2548 303 2613 Ideo
326 2547 425 2613 etiam
444 2548 597 2630 Origenes
615 2569 680 2614 non
697 2554 856 2614 memorat
874 2548 1110 2630 ,maritalem,“
1129 2549 1186 2614 sed
1203 2565 1289 2631 ,pene

227 2647 431 2712 maritalem“
452 2647 627 2712 licentiam.

237 2775 238 2778 ¹
289 2747 420 2829 Origeni
450 2746 638 2830 plenissime
670 2747 833 2812 consentit
861 2747 1137 2813 Tertullianus
1170 2746 1291 2812 Mariam

227 2845 487 2929 ,desponsatam
510 2847 793 2930 quodammodo
816 2848 972 2929 1111111111(ί
993 2847 1206 2928 nominans.³)

287 2943 401 3028 Neque
432 2945 497 3010 alio
529 2946 636 3011 tendit
670 2968 693 3009 s.
725 2944 906 3011 Hilarius
938 2947 1144 3029 inquiensze)
1180 2944 1291 3027 ,Mater

226 3044 336 3128 potius
358 3043 494 3123 Christi,
524 3046 602 3129 quia
628 3046 663 3110 id
685 3051 772 3126 erat3
802 3067 868 3111 non
895 3067 979 3111 uxor
1000 3047 1135 3129 Josephi
1156 3053 1205 3112 est
1222 3064 1290 3109 nnn·

228 3150 356 3226 cupata,
380 3143 543 3226 quianon
566 3146 668 3210 erat.“

257 3323 258 3326 Ἴ
289 3243 412 3320 Quibus
434 3243 597 3309 addantur
618 3267 641 3309 s.
660 3245 908 3327 Epiphanius
933 3251 966 3309 et
987 3267 1011 3308 s.
1027 3245 1288 3328 Hieronymus,

227 3363 364 3425 quorum
395 3341 466 3421 ille,
501 3365 600 3426 quum
631 3344 781 3422 dixisset,
814 3343 936 3428 loseph
963 3350 1039 3427 post
1071 3366 1172 3408 annos
1202 3338 1288 3406 vidui-

226 3443 306 3508 tatis
327 3443 490 3524 accepisse
511 3442 664 3521 Mariam,
695 3442 875 3525 subjungit:
910 3441 1036 3523 ,Quum
1064 3449 1150 3508 esset
1170 3441 1288 3522 despon-

227 3548 300 3607 sata
320 3541 441 3606 Maria:
472 3562 538 3606 non
560 3541 655 3620 dicit,
686 3562 786 3624 quum
814 3540 1043 3623 nupsisset.“⁵)
1086 3541 1172 3624 Ergo
1193 3534 1289 3604 matri-

229 3702 425 3712 ——-.

294 3790 314 3855 ¹)
333 3789 373 3842 De
395 3789 426 3842 B.
444 3788 550 3842 Mariae
567 3787 735 3855 virginitate
756 3787 867 3842 libellos
890 3788 1055 3856 epistolaris.
1095 3789 1116 3853 2)
1134 3789 1211 3842 Hom.
1226 3784 1246 3850 1,
1265 3781 1288 3834 in

227 3870 351 3925 diversos
368 3877 397 3925 et
413 3871 449 3924 ad
466 3871 563 3926 verba:
587 3870 705 3924 Inventa
722 3873 771 3924 est.
814 3870 835 3936 8)
853 3868 914 3924 Lib.
933 3870 967 3927 de
984 3871 1093 3926 veland.
1110 3871 1178 3940 virg.
1195 3885 1233 3937 op.
1250 3862 1288 3920 vl.

225 3952 247 4020 ⁴)
265 3954 297 4006 In
315 3953 414 4008 Matth.
432 3969 475 4022 cp.
493 3952 514 4009 1.
547 3953 570 4020 ⁶)
587 3953 699 4007 Haeres.
718 3949 870 4020 LXXVIII,
888 3955 968 4038 1181
