2728 4560
553 339 613 399 249

59 502 187 567 monium
211 523 232 565 a
257 499 289 564 b.
311 499 418 564 Maria
445 520 519 563 oum
546 520 570 563 s.
593 498 715 582 Joseph
742 504 947 563 contractum
975 504 1122 581 negatur.

60 601 90 665 D.
114 600 326 684 Hieronymus
355 599 389 662 in
418 598 557 662 eundem
585 619 714 663 sensum
740 598 822 662 haeo
849 597 964 662 habet:
998 598 1125 680 „Quum

60 700 148 764 virum
169 698 327 776 audieris,
358 697 498 780 suspicio
521 696 585 762 tibi
605 718 670 761 non
697 697 814 761 subeat
834 697 1038 780 nuptiarum,
1068 697 1126 762 sed

59 798 214 862 recordare
243 796 489 862 consuetudinis
512 796 770 878 Soriptnmrum,
801 795 889 879 quod
917 796 1027 879 sponsi
1054 797 1125 876 viri,

61 904 86 962 et
103 919 236 981 sponsae
258 917 376 970 uxores
397 895 583 961 vocentur.“
594 897 618 978 ¹)

108 996 218 1080 Neque
240 996 338 1060 aliter
361 996 508 1079 loquitur
535 1018 559 1060 s.
582 995 936 1078 Chrysostomus:²)
964 995 1043 1078 „His
1066 996 1125 1078 igi-

60 1100 115 1174 tur,
136 1096 256 1180 inquit,
279 1095 428 1161 omnibus
451 1095 652 1173 declaratur,
675 1116 695 1158 a
716 1095 786 1158 Deo
810 1094 934 1158 uenisse
956 1094 1125 1176 Angelum,

60 1194 105 1275 qui
124 1195 239 1272 omnia,
263 1216 347 1277 quae
369 1193 525 1277 cogitavit
546 1199 580 1258 et
600 1194 708 1258 animo
729 1215 844 1276 passus
868 1199 919 1258 est
939 1192 1069 1275 Joseph,
1092 1193 1126 1276 iq

60 1292 187 1358 medium
208 1293 323 1358 attulit
350 1299 383 1358 et
406 1292 564 1375 exposuit.
607 1291 750 1374 Virginis
776 1299 889 1356 eutem
909 1293 1125 1376 pronunciato

61 1392 176 1456 nomine
196 1413 264 1457 non
283 1391 337 1455 hio
358 1390 468 1468 stetit,
497 1390 555 1454 sed
577 1389 705 1455 addidit
733 1391 959 1474 „conjugem
988 1393 1125 1470 11111111,α

59 1511 144 1571 quam
170 1512 235 1555 non
263 1491 311 1554 ita
341 1495 501 1568 vocasset,
531 1489 560 1553 si
587 1489 705 1553 vitiata
733 1488 859 1555 fuisset.
907 1490 1126 1574 „Conjugem“

59 1609 122 1653 vero
154 1589 205 1654 hio
242 1588 434 1672 „sponsam“
470 1594 579 1666 vocat,
618 1588 890 1671 quemadmodum
926 1596 960 1654 et
991 1611 1127 1672 generos

59 1708 160 1753 vocare
181 1688 265 1754 solet
287 1688 457 1770 Scriptura
478 1689 654 1770 „sponsos“
676 1693 753 1752 ante
775 1688 937 1771 nuptias.“

111 1785 178 1850 Huo
200 1807 330 1869 quoque
359 1792 487 1868 spectat
516 1787 739 1850 testimonium
767 1809 790 1850 s.
815 1787 1051 1870 Chrysologi
1073 1808 1126 1851 ex-

59 1903 155 1963 presse
173 1886 332 1968 negantis,
350 1885 489 1949 Mariam
506 1906 619 1949 revera
636 1885 806 1968 conjugem
825 1907 848 1949 s.
864 1885 999 1967 Josephi
1016 1885 1126 1949 fuisse.

60 1980 186 2065 „Joseph
217 1984 289 2061 ille,
322 1984 444 2068 inquit,
477 1986 615 2050 maritus
647 1985 715 2050 solo
748 1984 894 2063 nomine,
928 1983 1127 2048 conscientia

60 2100 181 2161 sponsus
203 2090 437 2166 praegnantem
458 2083 620 2149 fluctuans
643 2090 676 2148 et
697 2085 812 2149 anxius
834 2083 1045 2164 intuetur.“³)

114 2180 300 2246 Consentire
319 2182 471 2247 videntur
489 2205 513 2248 s.
530 2182 778 2265 Augustinus
797 2189 872 2247 ets.
890 2180 1126 2246 Bernardus.

61 2278 326 2360 „Matrimonium
356 2281 464 2364 inquit
493 2303 516 2346 s.
545 2282 700 2360 Antiates,
708 2283 736 2364 4)
766 2303 809 2350 ¹en
836 2281 897 2345 hoo
926 2281 1128 2364 appellatum

61 2384 117 2456 est,
144 2380 230 2462 quod
250 2401 317 2444 non
338 2380 379 2444 ob
409 2379 500 2444 aliud
521 2380 640 2445 debeat
661 2379 782 2444 femina
803 2379 941 2458 nubere,
971 2401 1069 2462 quam
1090 2385 1129 2443 ut

61 2485 153 2542 mater
188 2479 278 2544 fiat.“
338 2479 443 2544 Maria
481 2501 556 2545 vero
597 2487 709 2545 votum
747 2486 926 2562 perpetuae
965 2478 1130 2543 eastitatis

61 2579 198 2643 emiserat
233 2579 485 2662 castitatemque
523 2579 557 2642 in
595 2579 801 2644 matrimonio
839 2599 913 2642 oum
950 2599 973 2641 s.
1001 2576 1129 2659 Joseph

60 2674 130 2741 inito
151 2699 279 2743 servare
299 2677 418 2756 voluit,
449 2697 524 2760 ergo
546 2677 608 2742 hoo
638 2677 881 2742 matrimonium
900 2677 995 2760 juxta
1016 2697 1039 2740 s.
1063 2676 1129 2739 Au-

61 2777 211 2855 gustinum
234 2783 305 2842 erat
325 2775 461 2840 nullum.

113 2875 259 2942 Dootor
290 2875 517 2941 Mellifluus
548 2896 624 2940 vero
656 2897 680 2940 s.
708 2875 887 2957 Josephum
919 2873 1045 2956 „virum
1072 2895 1129 2938 no·

60 2973 166 3054 minat,
196 2995 262 3039 non
290 2975 368 3058 quia
395 2975 550 3054 maritus,
581 2975 638 3040 sed
660 2975 747 3059 quod
770 2975 866 3039 homo
894 2973 1026 3038 virtutis
1049 2980 1128 3052 eret,

60 3070 103 3133 vel
121 3074 243 3155 potius,
273 3074 351 3157 quia
369 3075 464 3157 juxta
493 3074 594 3139 alium
615 3074 856 3156 Evangelistam
884 3093 950 3136 non
977 3071 1026 3135 vir
1054 3071 1130 3136 sim·

59 3168 192 3250 pliciter,
215 3171 274 3236 sed
293 3173 343 3236 vir
364 3172 434 3255 ejus
456 3172 563 3237 dietus
586 3181 650 3238 est:
680 3173 796 3238 merito
819 3169 1017 3255 appellatur,
1042 3170 1130 3253 quod

18 3331 21 3338 ,
60 3271 228 3335 necessarie
250 3272 453 3354 putatur.“⁵)

113 3369 293 3453 Antequam
320 3370 363 3435 ad
384 3370 528 3454 singulos
557 3372 790 3455 respondemus
818 3377 945 3449 tenua,
973 3369 1132 3434 nonnulla

59 3470 162 3531 notatu
184 3467 289 3550 digna,
312 3468 430 3551 quibus
455 3469 505 3533 illi
526 3471 628 3553 magis
650 3471 865 3549 illustrentur,
888 3468 1131 3551 praemittenda

60 3562 206 3630 videntur.

115 3684 139 3726 a.
170 3665 243 3730 Non
271 3672 382 3748 potest
409 3668 535 3751 negari,
567 3669 646 3752 quin
675 3668 773 3733 verba
797 3667 1067 3753 ημνηστεύεσθαι
1097 3674 1131 3733 et

58 3811 240 3826 Q—

119 3895 137 3960 ¹)
162 3894 193 3951 In
218 3896 316 3952 matth.
343 3913 388 3966 ep.
414 3897 435 3952 1.
484 3898 505 3964 2)
531 3897 563 3951 In
589 3897 689 3976 Matth.
718 3898 791 3953 hom.
817 3897 866 3953 IV.
915 3899 936 3965 ³)
962 3897 1048 3953 Ssrm.
1076 3899 1132 3952 175.

59 3975 78 4038 ⁴)
94 3975 190 4033 Contra
206 3979 337 4034 Faustum
355 3977 403 4034 lib.
420 3979 494 4040 xlx,
512 3997 556 4049 op.
573 3984 613 4036 26.
647 3983 668 4048 ὅ)
686 3981 775 4046 Super
792 3981 891 4035 Missus
908 3980 982 4036 hom.
999 3983 1023 4034 2.
