2728 4554
556 381 616 442 399

113 555 137 613 3.
170 547 204 613 Si
234 568 258 610 s.
280 543 402 625 Joscph
428 541 610 607 visitationi
638 563 792 625 praesens
821 542 939 609 fuisset
967 551 1000 610 et
1030 545 1129 610 collo-

60 649 126 731 quio
146 647 176 710 b.
196 643 339 727 Virginis
361 663 435 706 oum
453 647 592 723 cognata
613 663 680 720 sua,
700 641 922 724 praedicasset
940 643 1008 708 sine
1028 645 1126 709 dubio

58 769 114 820 non
132 746 253 821 minus,
285 762 383 824 quam
403 739 573 804 Elisabeth
594 740 752 804 miracula
781 739 838 804 illa
859 741 1072 823 grandissima
1094 751 1128 809 et

58 867 78 910 s.
107 841 312 926 Evangelista
347 839 625 904 circumstantiam
660 839 744 904 hanc
780 846 870 904 certo
905 841 1027 906 certius
1060 863 1128 906 me·

59 949 216 1007 morasset.
251 973 258 988 ·

109 1048 135 1104 4.
168 1040 207 1104 11
228 1038 290 1102 hoc
311 1057 388 1100 casu
409 1035 509 1100 etiam
530 1055 595 1098 non
614 1034 718 1098 solum
736 1037 1008 1118 praesumendum
1032 1045 1128 1118 esset,

58 1139 134 1222 quod
165 1160 189 1203 s.
219 1134 342 1217 Joseph
372 1133 403 1196 b.
433 1133 600 1216 Virginem
633 1133 815 1212 reduxerit,
849 1136 907 1200 sed
939 1137 1037 1200 etiam
1068 1158 1130 1220 per

57 1246 153 1304 totum
183 1245 314 1318 tempus
346 1254 419 1297 oum
447 1233 505 1296 illa
536 1233 701 1298 manserit.
752 1234 923 1312 Rationes,
957 1256 1038 1317 quas
1070 1236 1129 1299 ad·

57 1336 180 1401 versarii
201 1334 368 1400 adducunt
389 1353 447 1414 pro
477 1331 636 1397 comitatu
657 1332 691 1395 in
712 1332 866 1412 abiendo,
896 1333 1006 1399 valent
1028 1334 1129 1399 etiam

57 1458 108 1518 pro
139 1434 298 1500 comitatu
329 1433 363 1496 in
394 1430 559 1496 redeundo
592 1453 630 1496 ao
659 1421 719 1514 pro
752 1453 804 1511 eo,
838 1431 926 1514 quod
956 1455 980 1497 s.
1006 1433 1128 1517 Joseph

57 1534 152 1598 tribus
180 1532 346 1596 mensibus
373 1531 408 1595 in
436 1531 530 1596 domo
558 1531 734 1595 Zachariae
761 1537 953 1596 moraretur.
974 1533 1040 1598 'At
1066 1533 1128 1598 hoo

58 1634 104 1696 vix
125 1633 212 1698 oredi
233 1637 359 1715 potest3
381 1650 457 1694 nam
1038 1641 1043 1652 ·

110 1753 137 1796 a.
182 1735 276 1796 tanto
321 1736 467 1811 tempore
513 1749 537 1792 s.
577 1727 699 1810 Joseph
741 1729 911 1794 advertere
952 1718 1129 1809 debuisset,

59 1851 201 1911 sponsam
230 1848 322 1892 suam
351 1847 420 1890 esse
449 1825 631 1909 gravidam3
664 1827 752 1908 quod
779 1849 854 1893 vero
883 1849 949 1892 non
977 1829 1130 1909 advertit,

58 1929 114 1992 nisi
133 1934 206 2010 post
228 1925 298 2008 ejus
319 1925 471 1993 reditum.
483 1925 517 1988 in
537 1924 710 1989 Nazareth.
1168 1991 1171 1998 Δ

111 2027 141 2090 b.
172 2026 354 2107 Pauperem
374 2019 522 2087 novimus
549 2045 573 2086 s.
595 2022 773 2105 Josephum
795 2031 829 2088 et
848 2025 988 2107 propriis
1009 2024 1131 2090 labori-

57 2123 110 2188 bus
140 2124 201 2188 sibi
229 2123 351 2187 victum
382 2129 633 2204 comparantem.
684 2121 769 2186 Num
801 2123 858 2187 ille
890 2145 966 2208 ergo
995 2131 1129 2207 poterat

57 2228 176 2286 tantum
201 2220 358 2302 temporis
387 2221 528 2302 spatium
556 2221 743 2303 impendere
771 2221 805 2284 in
834 2223 1039 2305 suscipiendo
1067 2219 1128 2287 tali

58 2320 181 2399 itinere,
220 2319 309 2403 quod
344 2340 418 2384 eum
452 2341 512 2402 per
549 2325 617 2384 tres
655 2341 782 2384 menses
821 2341 841 2383 a
879 2321 974 2385 domo
1015 2327 1048 2387 et
1086 2321 1128 2386 ab

60 2419 174 2484 officina
196 2409 257 2484 sua
278 2419 463 2502 separavit?

111 2517 159 2581 Ad
186 2523 378 2601 argumenta
406 2523 521 2582 contra
546 2516 630 2581 hano
659 2517 855 2582 sententiam
882 2518 1051 2601 proposita
1078 2538 1130 2582 re·

60 2617 262 2698 spondemus:

116 2745 143 2781 o.
179 2715 319 2780 Etiamsi
358 2738 382 2780 s.
421 2715 544 2799 Joseph
581 2715 612 2778 b.
644 2714 812 2798 Virginem
849 2736 916 2780 non
955 2715 1130 2781 comitatus

59 2813 162 2894 suerit,
192 2814 266 2879 ideo
296 2822 406 2880 tamen
434 2814 492 2878 illa
520 2836 585 2878 non
613 2814 701 2877 omni
730 2813 950 2878 consolatione
978 2815 1131 2898 omnique

59 2914 229 2979 ministerio
256 2913 321 2978 fuit
350 2912 518 2978 destituta.
561 2913 699 2995 Antiqui
719 2912 909 2978 testamenti
937 2934 1013 2977 arca
1039 2912 1132 2978 nulla

61 3031 124 3077 sera
153 3013 308 3096 nulloque
339 3012 446 3076 ferreo
479 3013 697 3076 instrumento
729 3010 794 3077 fuit
827 3011 952 3090 clausa,
986 3010 1059 3089 sed,
1092 3016 1133 3076 ut

61 3111 280 3176 animadvertit
315 3109 509 3193 perpulchre
542 3109 734 3174 Clemens
766 3109 1090 3188 Alexandrinus,
1104 3109 1129 3192 ¹)

61 3211 277 3292 semetipsam
299 3210 455 3292 religione
477 3208 700 3274 custodiebat:
724 3230 829 3272 nonne
848 3210 922 3292 jure
944 3209 1067 3291 optimo
1090 3208 1131 3272 de

61 3304 239 3373 beatissima
259 3308 392 3391 Virgine
421 3327 566 3372 asserere
594 3329 781 3390 possumus,
814 3307 878 3386 illi,
912 3325 1007 3372 arcae
1036 3306 1132 3389 longe

62 3407 274 3472 excellentiori
297 3413 331 3472 et
352 3405 555 3490 pretiosiori,
584 3405 713 3469 nullum
732 3405 849 3485 fuisse,
872 3406 988 3471 saltem
1010 3427 1050 3469 ex
1070 3405 1133 3469 hac

61 3506 191 3586 ratione,
227 3505 447 3570 necessarium
481 3503 642 3568 comitem.
696 3504 863 3586 ,Aderant
895 3503 1132 3586 (peregrinanti

62 3601 189 3687 Virgini)
219 3611 253 3669 et
281 3602 534 3669 innumerabiles
565 3601 693 3684 Angeli,
727 3609 839 3667 censet
872 3601 1131 3684 8111111111)

63 3701 168 3780 quibus
197 3708 410 3786 praeceptum
439 3706 526 3780 erat,
558 3705 597 3765 ut
626 3700 763 3766 Domino
793 3722 851 3768 suo
884 3723 922 3766 ao
951 3699 1132 3780 Conditori,

63 3801 246 3886 reginaeque
290 3801 489 3884 Angelorum
535 3799 678 3864 omnium
719 3800 914 3866 inservirent
956 3798 1133 3865 secundum

63 3942 244 3956 ψ

120 4017 281 4084 ¹)'Stromat
298 4017 348 4072 lib.
365 4017 398 4075 V.
431 4016 452 4084 ²)
470 4016 501 4072 L.
519 4030 543 4070 o.
560 4016 642 4071 tract.
660 4015 694 4083 X,
711 4018 777 4071 tom.
796 4014 846 4070 111.
