2718 4556
550 345 610 409 315

56 515 178 592 nuptam
197 508 298 574 fuisse
315 507 431 591 Lamy
453 496 677 576 demonstrare
699 513 838 574 conatur
859 507 959 572 etiam
975 508 1120 574 vocando

58 607 95 674 ad
128 608 232 691 leges
264 607 536 674 Hebraeorum
574 607 682 674 circa
724 607 929 672 connubia.
986 607 1119 690 ,Maria

53 706 162 789 inquit,
199 706 428 772 commorando
459 727 520 790 per
553 713 622 772 tres
661 727 787 772 menses
824 705 913 789 apud
948 713 1122 788 cognatm

53 827 133 870 suam
152 806 335 885 Elisabeth,
365 805 401 870 id
421 805 577 888 temporis
599 806 788 889 insumpsit,
819 806 907 890 quod
927 805 1045 889 puellis
1066 806 1121 872 de-

53 904 201 986 sponsatis
229 904 471 972 concedebatur
491 910 568 986 ante
598 904 774 970 solemnem
795 904 830 969 in
856 905 948 969 aedis
975 904 1120 988 conjugis

54 1001 298 1068 deductionem.“
351 1003 414 1069 Cui
446 1003 577 1086 quidem
617 1003 793 1068 concordat
824 1003 1039 1068 Maimonides
1070 1025 1121 1068 as·

53 1104 200 1184 serens:¹)
233 1101 366 1184 ,Puella
393 1123 459 1166 non
487 1101 600 1166 statim
627 1107 703 1184 post
731 1101 895 1184 sponsalia
926 1101 961 1166 in
989 1101 1121 1167 demum

53 1197 269 1285 conjugis‘fuit
290 1201 440 1280 deducta,
470 1200 580 1265 sedai
601 1200 712 1283 aliqua
733 1201 768 1265 in
789 1207 963 1284 parentum
984 1201 1121 1268 aedibus

53 1322 132 1366 mora
152 1301 216 1367 fuit
238 1301 420 1366 concessa'.“
458 1300 551 1366 Unde
574 1300 740 1366 concludit
757 1301 867 1383 Lamy,
887 1299 1026 1365 Mariam
1048 1322 1121 1366 cum

52 1399 160 1483 loseph
199 1400 364 1484 sponsalia
406 1406 536 1465 tantum
577 1399 792 1478 contraxisse,
839 1420 941 1483 quum
979 1399 1122 1482 Angelus

53 1501 192 1582 apparuit
220 1506 254 1566 et
274 1507 403 1582 tempus
424 1499 543 1582 puellis
572 1498 776 1581 desponsatis
805 1505 882 1564 ante
910 1497 1122 1564 celebrandas

53 1599 170 1682 nuptias
203 1621 390 1666 concessum
419 1599 647 1665 commorando
680 1599 768 1682 apud
797 1598 1021 1664 Elisabetham
1049 1619 1122 1682 cog·

11 1741 12 1744 κ
53 1691 153 1762 natam
173 1699 392 1781 insumpsisse.

106 1798 153 1862 Ad
180 1819 278 1881 quam
305 1797 530 1863 difficultatem
559 1798 681 1880 optime
708 1797 884 1880 respondet
907 1797 1122 1878 Graveson22)

56 1894 207 1979 ,Tempus
226 1897 314 1980 quod
331 1897 451 1980 puellis
467 1895 672 1980 desponsatis
690 1901 766 1962 ante
783 1895 960 1960 solemnem
976 1896 1010 1960 in
1025 1895 1123 1960 aedes

56 1995 186 2078 conjugis
207 1995 437 2061 deductionem
459 1995 713 2074 concedebatur,
745 1994 837 2080 nulla
858 1995 928 2079 lege
950 1995 1038 2078 apud
1059 1995 1123 2060 He-

57 2090 158 2159 braeos
177 2094 279 2160 fuisse
300 2095 481 2178 praefixum
503 2102 537 2160 et
558 2095 740 2179 aliquando¹
756 2094 854 2160 breve
876 2093 1053 2160 admodum
1072 2092 1123 2157 fu·

58 2189 122 2270 isse,
150 2201 187 2258 ut
206 2194 312 2278 liquet
334 2195 481 2278 exemplo
503 2195 721 2276 Rebeccae,³)
749 2193 807 2258 ubi
829 2194 963 2258 dicitnr:
991 2193 1123 2258 Fratres

58 2288 206 2358 Rebeccae
227 2295 420 2377 postulasse,
443 2315 485 2358 ne
501 2294 544 2359 ad
553 2294 656 2373 Isaac,
674 2293 727 2358 cui
742 2292 839 2360 modo
858 2291 968 2357 fuerat
985 2292 1124 2374 despon-

58 2397 118 2455 sata
133 2392 287 2474 Rebecca,
310 2394 536 2473 deduceretur,
553 2394 617 2458 nisi
631 2401 708 2477 post
724 2393 837 2458 decem
852 2393 938 2458 dies:
962 2391 1124 2474 ,Maneat

58 2487 207 2572 inquiunt,
237 2493 348 2577 puella
376 2493 492 2558 saltem
520 2493 632 2558 decem
659 2492 729 2558 dies
745 2491 845 2575 ,apud
866 2513 925 2557 nos
954 2497 988 2557 et
1008 2497 1126 2574 postea

58 2588 296 2667 proficiscetur.“
348 2592 487 2676 Tempus
523 2593 624 2658 etiam
654 2591 738 2658 illud
769 2591 888 2675 puellis
921 2590 1124 2674 desponsatis
1224 2635 1227 2642 ·

59 2707 230 2755 concessum
260 2691 352 2756 nulla
383 2692 472 2776 apud
498 2692 667 2756 Hebraeos
698 2691 799 2756 fuisse
831 2691 902 2773 lege
934 2688 1123 2773 praefixum,

59 2791 186 2853 testatur
205 2790 282 2855 Leo
305 2790 350 2855 de
371 2790 587 2872 nouenae)
616 2783 801 2872 ,Quasdam
823 2789 1034 2872 desponsatas
1055 2809 1124 2852 ma·
1165 2873 1168 2878 Ι

45 2905 124 2951 nere
149 2910 207 2972 per
235 2889 398 2972 integrum
429 2911 565 2969 annum,
599 2889 728 2967 scribit,
762 2889 844 2954 alies
871 2909 931 2972 per
958 2894 1124 2967 semestre,

60 2984 120 3064 plus
136 2989 249 3068 minua,
267 3010 327 3073 pro
346 2988 513 3055 voluntate
532 2994 566 3054 et
582 2987 814 3054 commoditate
831 2987 1125 3052 contrahentium.“

60 3081 179 3152 Obtinet
206 3088 304 3152 hodie
332 3088 457 3171 pariter
490 3087 578 3170 apud
604 3087 764 3164 ludaeos,
797 3092 835 3150 ut
856 3085 986 3168 puellae
1014 3086 1126 3170 oppig-

59 3192 178 3250 noratae
206 3194 362 3253 maneant
396 3187 562 3253 interdum
597 3208 654 3252 sex
689 3185 849 3251 mensium
884 3186 1007 3268 spatio,
1048 3187 1127 3269 quin

61 3287 87 3346 et
105 3304 184 3350 anno
214 3307 253 3350 ac
281 3286 428 3364 biennio,
462 3293 639 3368 antequam
661 3284 847 3368 conjugium
878 3284 1023 3363 ineatur3
1061 3305 1125 3368 quo

61 3385 199 3466 temporis
235 3385 422 3464 intervallo,
462 3385 490 3448 si
520 3383 605 3448 forte
637 3383 796 3466 pudorem
832 3405 927 3448 suum
957 3383 1127 3449 violaverit

61 3499 176 3563 sponsa,
208 3485 363 3551 adulterii
391 3503 448 3549 rea
475 3483 630 3561 habetur,
660 3482 711 3547 uti
740 3481 887 3565 exemplo
909 3482 1051 3548 Thamar
1077 3483 1126 3546 in-

61 3580 230 3665 telligimus.

69 3738 251 3754 *nnn—n·-

116 3831 133 3896 ¹)
149 3831 179 3885 ln
198 3833 290 3887 Tract.
308 3832 342 3886 dc
360 3830 484 3886 Connub.
502 3830 587 3884 Hebr.
605 3829 696 3898 apli,
714 3847 740 3883 n.
756 3831 794 3882 17.
828 3829 850 3894 ⁹)
869 3827 900 3882 L.
914 3843 938 3883 e.
953 3827 1018 3882 diss.
1031 3826 1053 3886 1.
1068 3827 1091 3896 ᾗ.
1104 3829 1127 3884 l.

62 3907 270 3972 ³)aen.xx1v.
303 3919 325 3976 ⁴)
343 3917 467 3970 Historia
483 3915 518 3970 de
536 3913 637 3969 ritibus
654 3913 824 3968 ludaeorum
842 3930 869 3982 p.
888 3911 936 3977 lV,
955 3929 998 3982 cp.
1015 3915 1039 3968 3.
1073 3912 1129 3968 cfr.

63 3989 156 4050 Selden.
173 3997 250 4052 Uxor
267 3995 409 4067 hebraica;
429 3999 563 4068 Barnage,
581 3997 644 4062 hist.
661 3997 726 4053 Jud.
744 3997 761 4052 l.
779 3997 812 4062 V,
830 4014 874 4066 cp.
894 3999 923 4052 le
940 4011 967 4050 n.
987 3997 1024 4050 12.
