2718 4556
745 359 804 420 348
851 397 853 402 .

232 521 406 600 virtutum,
446 519 570 602 gratim
607 519 794 584 sanitatum.
850 515 972 583 Meruit
1006 515 1239 582 secunditatem
1269 517 1300 580 in

233 620 429 702 virginitate,
459 618 705 683 maternitatem
725 615 785 681 filii
807 614 884 695 Dei,
914 616 1002 699 quod
1023 615 1067 680 sit
1088 615 1184 681 stella
1203 615 1300 693 maris,

233 725 330 802 porta
358 718 441 783 coeli
469 723 503 782 et
524 737 622 799 super
650 714 770 795 omnia,
801 715 888 798 quod
915 714 1043 780 divinae
1072 714 1300 780 misericordiae

167 819 192 842 “·
227 819 277 884 'sit
297 819 410 901 regina
431 822 465 882 et
486 816 597 898 regina
618 815 858 881 misericordiae
879 814 1096 879 nominetur.“

296 947 642 1014 Convenientissimum
680 969 778 1031 porro
819 947 899 1028 fuit,
940 947 1150 1012 beatissimae
1187 944 1301 1028 Virgini

198 1038 200 1042 ¹
233 1045 421 1111 annuntiari
447 1047 637 1130 mysterium
657 1047 718 1111 hoc
745 1047 779 1110 in
807 1067 845 1111 ea
865 1045 1113 1129 perficiendum,
1143 1051 1181 1110 ut
1202 1042 1300 1108 debito

235 1145 347 1210 ordine
374 1145 485 1227 prius
507 1146 612 1210 Deum
638 1152 775 1224 mente,
799 1167 897 1228 quarn
924 1165 1090 1228 corpore
1118 1144 1300 1225 conciperet.

236 1243 342 1322 Quare
375 1242 404 1307 d.
433 1245 734 1327 Augustinns;¹)
774 1245 927 1328 ,Beatior
952 1243 1009 1308 'est
1039 1241 1160 1320 Maria,
1196 1235 1300 1323 inquit,

166 1377 194 1417 μ
234 1342 443 1426 percipiendo
482 1341 579 1408 fidem
619 1343 755 1422 Christi,
798 1365 896 1426 quam
934 1341 1145 1424 concipiendo
1185 1359 1300 1404 carnem

236 1439 357 1505 Christi
379 1489 510 1506 .....
553 1438 703 1506 Materna
719 1442 957 1526 propinquitas
985 1440 1067 1505 nihil
1089 1439 1213 1504 Mariae
1238 1459 1301 1521 pro-

234 1538 364 1618 fuisset,
400 1540 463 1604 nisi
494 1538 625 1604 felicius
658 1540 823 1605 Christum
855 1541 968 1619 corde,
1002 1560 1100 1622 quam
1132 1559 1228 1602 carne
1256 1557 1301 1618 ge-

235 1639 386 1703 stasset.“
446 1638 569 1717 Quibus
608 1640 772 1704 consentit
813 1661 836 1703 s.
874 1639 950 1704 Leo
990 1638 1116 1703 diceus:
1130 1639 1156 1721 ρ)
1201 1635 1301 1719 ,Prius

176 1728 179 1735 ’
235 1737 266 1801 b.
289 1737 388 1820 Virgo
411 1738 576 1803 Christum
597 1735 677 1816 fide,
709 1759 807 1820 quarn
828 1758 924 1802 carne
947 1737 1112 1819 concepit,
1143 1736 1229 1820 quod
1247 1755 1301 1798 non

235 1834 403 1901 admonita
422 1836 543 1901 habere
565 1858 629 1901 non
650 1837 811 1918 poterat.“
876 1833 879 1844 '

300 1968 334 2033 si
361 1967 422 2033 hoc
451 1970 640 2052 mysterium
668 1970 702 2034 in
728 1969 916 2035 beatissima
935 1968 1068 2051 Virgine
1097 1969 1167 2034 sine
1195 1967 1301 2034 notitia

237 2074 406 2150 peractum
435 2069 527 2151 sique
555 2069 637 2133 illud
665 2070 756 2152 prius
784 2068 997 2152 corporaliter
1023 2066 1142 2132 fuisset
1170 2072 1299 2150 experta,

237 2166 316 2247 quin
337 2166 476 2245 sciverit,
507 2168 585 2250 quid
607 2175 641 2234 et
662 2167 747 2232 uude
770 2174 804 2232 et
825 2167 916 2250 cujus
937 2167 1043 2250 gratia
1067 2174 1168 2245 esset,
1197 2165 1298 2230 merito

238 2266 473 2342 conturbari
501 2288 714 2350 magnamque
742 2267 776 2330 in
803 2266 972 2330 tristitiam
1001 2263 1110 2328 delabi
1139 2265 1298 2329 debuisset.

238 2362 344 2441 Quare
370 2365 475 2447 juxta,
497 2387 521 2430 s.
551 2366 754 2450 Leoneml)
787 2363 994 2429 annuntiatio
1026 2364 1210 2428 necessaria
1238 2362 1298 2437 fuit,

237 2484 278 2526 no
299 2465 432 2546 superui
451 2465 566 2546 ignara
586 2465 713 2530 consilii
733 2465 776 2530 ad
795 2459 970 2529 inusit'atos
990 2468 1127 2546 paveret
1151 2461 1282 2528 effectus.

221 2634 223 2639 ·
297 2593 335 2658 Iu
356 2597 510 2678 mysterio
532 2597 767 2663 Incarnationis
795 2598 895 2662 etiam
915 2597 1005 2661 varia
1033 2601 1205 2661 contracta
1228 2597 1298 2666 suut,

237 2693 287 2758 uti
315 2715 340 2757 s.
362 2693 526 2760 Thomas
555 2697 696 2779 docet‚4)
725 2695 939 2780 sponsalia,
970 2716 1053 2778 quae
1081 2714 1218 2776 sponsae
1238 2711 1298 2756 oon-

237 2813 367 2856 sensum
398 2787 584 2876 requirunt:
625 2795 668 2860 Et
700 2795 830 2879 quidem
864 2795 1021 2877 imprimis
1059 2792 1222 2875 sponsalia
1251 2786 1298 2853 Dei

238 2913 311 2955 curn
328 2891 496 2957 humana
514 2899 657 2958 natura
678 2893 855 2958 secundum
873 2893 954 2957 illud
972 2891 1103 2974 Osee:⁵)
1127 2887 1297 2974 ,sponsabo

237 2996 271 3055 te
290 2989 370 3053 mihi
387 2989 421 3053 in
437 2989 531 3056 fidef‘
564 2993 689 3058 Deinde
708 2993 871 3077 sponsalia
890 2992 1010 3058 Christi
1032 3013 1116 3056 cum
1134 2985 1297 3055 Ecclesia

238 3092 272 3151 et
290 3087 430 3171 denique
452 3091 615 3172 sponsalia
632 3092 772 3174 Spiritus
791 3091 894 3156 sancti
916 3112 999 3156 cum
1016 3091 1197 3173 Dcipara,
1217 3103 1296 3171 quan

237 3185 425 3252 fecundavit
453 3189 629 3254 secundum
657 3189 753 3255 illud:
787 3190 963 3273 Spiritus
993 3195 1155 3253 sanctus
1184 3203 1296 3268 super·

237 3285 372 3350 veniet
407 3286 447 3351 in
484 3294 539 3368 te,
581 3293 620 3354 et
656 3290 785 3355 virtus
822 3287 1022 3353 Altissimi
1060 3279 1296 3351 obumbrabit

237 3383 395 3466 tibif‘sst
433 3385 603 3469 Sponsalia
634 3410 710 3454 vero
742 3389 914 3472 requirunt
945 3407 1081 3469 sponsae
1114 3400 1294 3450 consensum.

237 3482 323 3564 Ergo
344 3506 476 3550 necesse
504 3487 583 3567 fuit,
612 3494 651 3552 ut
672 3489 703 3552 b.
725 3488 838 3570 Virgo,
867 3507 927 3570 per
947 3485 1233 3548 Annuntiationem
1256 3475 1295 3540 rel

238 3581 481 3648 Revelationcm
502 3587 675 3666 instructa,
705 3587 807 3651 totius
835 3591 972 3648 naturae
993 3583 1155 3648 humanae
1175 3579 1293 3650 nomine,
1350 3599 1351 3666 f

238 3681 367 3746 nomine
395 3682 560 3752 Ecclesiae
592 3691 626 3751 et
653 3685 784 3768 proprio
817 3683 1015 3748 consentiret
1045 3681 1182 3746 nomine.
1228 3671 1294 3760 ,Qui
1350 3715 1351 3748 2

305 3913 324 3977 ι)
342 3913 403 3970 Lib·
425 3915 460 3969 de
480 3916 556 3986 Virg.
579 3933 622 3985 cp.
644 3917 667 3970 3.
710 3914 731 3984 Ξ)
749 3913 836 3969 Serm.
860 3913 894 3968 de
916 3914 979 3968 Nat.
998 3913 1118 3968 Domini.
1158 3912 1178 3978 8)
1194 3904 1290 3964 Serml

238 3993 273 4047 de
291 3993 383 4050 Nativ.
415 3996 438 4062 ⁴)
457 3997 507 4063 lll,
525 4018 550 4068 p.
569 4017 594 4067 q.
612 3997 699 4065 XXX,
716 4014 740 4052 a.
757 4001 781 4052 2.
798 4013 823 4053 o.
856 3999 877 4064 ⁶)
897 3996 988 4064 11,20.
1021 4000 1043 4063 ὅ)
1062 3995 1218 4061 Luc.1,35.
