2808 4556
764 361 825 422 636

249 543 368 606 genere
398 529 449 587 est
470 521 611 586 sollicita
640 528 674 586 et
695 521 779 586 coeli
806 527 980 604 terraeque
1001 521 1127 603 Regina
1155 543 1176 588 a
1199 523 1338 589 Domino

217 662 220 670 ·
250 621 431 688 constituta
452 641 491 684 ao
513 641 611 703 super
632 641 743 684 omnes
764 619 964 702 Angelorum
990 620 1105 686 choros
1128 622 1340 688 Sanctorum·

251 741 314 803 que
335 719 466 785 ordines
489 720 636 784 exaltata
656 718 790 783 adstans
812 741 832 786 a
855 718 978 784 dextris
996 719 1169 803 Unigeniti
1190 720 1268 786 Filii
1290 722 1339 786 sui

251 817 382 888 Domini
409 818 516 883 nostri
535 818 615 882 Jesu
644 817 767 882 Christi
795 818 951 882 maternis
980 819 1049 884 suis
1077 819 1233 901 precibus
1262 819 1340 884 vali·

225 916 381 982 dissime
413 917 584 998 impetrat,
618 922 652 980 et
681 915 769 999 qued
798 917 929 999 quaerit
959 917 1084 982 invenit
1115 939 1154 982 ae
1182 917 1364 983 frustrari·

250 1036 315 1080 non
337 1021 456 1097 potest.

313 1113 462 1197 Denique
485 1119 523 1177 ut
541 1111 584 1176 ad
605 1112 797 1177 universalis
813 1112 980 1178 Ecclesiae
1002 1114 1156 1179 notitiam
1174 1115 1259 1180 haec
1276 1115 1341 1180 No-

251 1218 321 1276 stra
333 1211 372 1275 de
380 1210 595 1276 Immaculata
607 1211 827 1294 Conceptione
841 1212 1050 1278 beatissimae
1058 1213 1203 1296 Virginis
1214 1215 1342 1280 Mariae

250 1308 398 1374 definitio
427 1309 625 1388 deducatur,
655 1310 715 1374 has
744 1310 948 1392 Apostolicas
977 1312 1114 1377 Nostras
1135 1312 1268 1377 Literas
1300 1312 1342 1378 ad

249 1415 444 1492 perpetuam
465 1407 515 1472 rei
535 1409 725 1472 memoriam
747 1416 859 1475 extare
880 1410 1055 1490 voluimus3
1083 1411 1283 1476 mandantes
1305 1419 1343 1476 ut

250 1509 367 1573 harum
395 1508 610 1591 transumptis
639 1529 696 1573 seu
726 1509 882 1591 exemplis
914 1510 1015 1572 etiarn
1043 1509 1211 1591 impressis
1241 1531 1342 1574 manu

252 1607 389 1691 alicujus
410 1607 541 1672 Notarii
561 1606 685 1688 publici
713 1607 906 1689 subscriptis
935 1614 969 1673 et
991 1607 1098 1690 sigillo
1124 1629 1289 1690 personae
1311 1611 1343 1673 in

251 1706 472 1771 ecclesiastica
494 1705 654 1789 dignitato
683 1705 883 1770 constitutae
905 1707 1039 1772 munitis
1069 1707 1183 1771 eadem
1205 1728 1342 1789 prorsus

249 1803 332 1868 fides
354 1804 395 1868 ab
418 1803 568 1880 omnibus
590 1803 794 1882 adhibeatur,
823 1825 906 1887 quae
928 1805 1008 1887 ipsis
1029 1806 1264 1888 praesentibus
1287 1806 1343 1871 ad·

172 1928 185 1950 .
251 1903 429 1982 biberetur,
453 1904 481 1968 si
502 1903 612 1968 forent
633 1901 798 1967 exhibitae
819 1902 870 1967 vel
892 1910 1051 1968 ostensae.

313 2000 405 2066 Nulli
426 2022 502 2084 ergo
523 2001 692 2065 hominum
717 2000 816 2065 liceat
836 2000 989 2082 paginam
1015 2001 1100 2066 hanc
1120 2002 1265 2067 Nostrae
1289 2004 1342 2068 de-

252 2099 455 2178 clarationis,
484 2098 762 2182 pronuntiationis
784 2119 822 2162 ac
844 2098 1043 2163 definitionis
1064 2099 1260 2183 infringere,
1293 2101 1342 2167 vel

254 2199 284 2262 ei
308 2220 391 2263 ausu
411 2199 587 2264 temerario
609 2197 775 2262 adversari
804 2205 837 2262 et
858 2198 1030 2262 contraire.
1075 2198 1109 2264 si
1131 2200 1205 2282 quis
1229 2207 1342 2266 autem

251 2297 313 2361 hoc
334 2303 500 2362 attentare
521 2295 792 2379 praesumpserit,
818 2295 1075 2378 indignationem
1104 2298 1342 2380 omnipotentis

253 2395 315 2459 Dei
347 2417 385 2460 ac
417 2396 590 2461 beatorum
621 2394 712 2458 Petri
744 2398 779 2458 et
809 2393 904 2457 Pauli
935 2396 1169 2478 Apostolorum
1201 2398 1275 2481 ejus
1308 2419 1341 2462 se

252 2495 381 2560 noverit
401 2494 617 2559 incursurum.

316 2591 438 2656 Datum
466 2592 588 2656 Rornae
617 2591 706 2674 apud
734 2597 884 2657 sanctum
905 2591 1039 2657 Petrum
1066 2594 1162 2658 Anno
1184 2595 1341 2660 lucarna-

251 2691 351 2755 tionis
370 2691 560 2756 Dominioae
580 2690 753 2756 Millesimo
776 2690 1044 2773 octingentesimo
1068 2692 1341 2775 quinquagesimo

253 2796 370 2872 quarto
398 2790 452 2855 VI.
486 2790 564 2854 Idus
596 2790 785 2855 Decembris
817 2792 910 2854 Anno
943 2790 1172 2857 MDCCOLIV.
1228 2791 1341 2858 Ponti-

252 2887 368 2952 ficatus
390 2888 503 2954 Nostri
524 2889 617 2953 Anno
639 2910 733 2953 nono.

643 3006 733 3087 Pius
759 3006 796 3088 P.
824 3007 861 3088 P.
888 3005 946 3090 IX.
