2728 4560
748 363 808 422 224

234 527 290 609 ,si
319 525 391 609 quis
422 524 613 606 conjugatus
641 522 712 587 vult
733 522 879 587 converti
907 521 952 586 ad
975 524 1219 602 monasterium,
1245 545 1295 588 non

236 633 286 692 est
314 623 534 706 recipiendus,
563 621 627 686 nisi
654 623 744 704 prius
773 643 793 686 a
821 622 957 705 conjuge
988 623 1211 687 castimoniam
1236 646 1296 706 pro·

234 724 349 788 fitente
377 722 488 787 fuerit·
507 720 686 785 absolutus
736 719 846 798 Nam,
880 721 913 784 si
941 720 1012 785 illo
1041 722 1212 802 vivente,
1238 723 1296 786 illa

214 845 303 907 ¹per
325 819 660 886 incontinentiam
680 809 805 884 alteri
823 821 1015 902 nupserit,
1035 823 1176 902 procul
1196 823 1296 887 dubio

179 931 182 934 ’
234 921 395 990 adultera
432 919 519 985 erit.
572 917 640 984 Nec
677 919 836 1001 recipitur
872 918 961 1001 apud
993 920 1115 998 Deum,
1155 923 1221 1006 ejus
1252 922 1300 986 viri

206 1085 209 1093 ,
235 1020 414 1098 conversio,
445 1019 536 1100 cujus
565 1018 714 1101 seqnitur
742 1019 921 1101 conjugalis
949 1018 1091 1084 foederis
1118 1023 1299 1103 prostitutio.

234 1119 328 1183 Tales
358 1119 458 1201 igitur
485 1125 564 1183 tunc
593 1118 660 1181 sine
689 1117 785 1200 culpa
813 1124 995 1200 sequuntur
1017 1117 1184 1185 Christum
1203 1122 1299 1186 relicto

234 1217 380 1294 saeculo,
411 1216 439 1281 si
464 1216 608 1280 habeant
635 1238 675 1280 ex
696 1217 769 1299 pari
797 1216 964 1281 voluntate
993 1219 1157 1284 castitatis
1185 1243 1300 1292 consen·

234 1318 336 1381 sum.“
371 1317 530 1381 Adultera
551 1316 609 1381 illa
626 1317 821 1406 nominatur,
841 1316 1006 1380 vinculum
1025 1339 1101 1400 ergo
1121 1319 1301 1385 matrimonii

236 1439 301 1482 non
324 1423 395 1480 erat
416 1415 568 1480 solutum.
819 1422 821 1426 ’

298 1522 325 1581 2.
357 1517 391 1582 si
412 1517 564 1598 conjuges
585 1515 657 1598 pari
678 1537 836 1580 consensu
863 1515 1000 1598 simplex
1022 1517 1186 1582 castitatis
1207 1523 1300 1582 rotun

236 1617 401 1694 emittunt,
425 1637 445 1680 a
465 1614 649 1680 redditione
672 1615 774 1680 debiti
795 1615 985 1680 liberantur.
1152 1689 1154 1694 .

299 1721 326 1779 3.
356 1715 593 1780 Contrahentes
614 1723 680 1778 non
707 1715 882 1780 actualiter
904 1714 1091 1797 obligantur
1118 1715 1161 1778 ad
1183 1715 1301 1780 redden·

236 1814 314 1878 dum
335 1814 496 1892 debitum,
526 1813 554 1876 si
575 1813 660 1877 alter
681 1813 869 1896 religionem
890 1813 1017 1896 ingredi
1037 1813 1130 1890 velit,
1160 1815 1222 1878 nisi
1240 1819 1300 1896 post

235 1921 361 1978 certum
382 1920 511 1995 tempus
532 1913 573 1976 ab
595 1912 740 1977 Ecclesia
761 1913 1007 1995 praescriptum.

297 2018 325 2076 4.
350 2012 384 2078 Si
404 2032 488 2075 nnus
511 2011 683 2094 conjugum
704 2010 902 2075 adulterium
923 2011 1131 2089 commiserit,
1153 2011 1222 2094 ipso
1241 2011 1301 2094 jure

235 2111 320 2174 alter
343 2132 363 2173 a
383 2109 567 2174 redditione
596 2109 701 2173 debiti
727 2109 937 2174 deliberatur.
982 2109 1108 2192 Conjux
1137 2111 1222 2174 enim
1241 2131 1302 2174 con-

234 2208 394 2272 trahendo
423 2230 488 2272 non
517 2229 587 2272 sese
616 2208 740 2290 obligat
768 2208 810 2272 ad
831 2208 1032 2273 reddendum
1062 2207 1223 2287 debitum,
1250 2208 1302 2273 nisi

236 2307 295 2372 sub
318 2308 503 2371 conditione
524 2306 601 2370 fidei
623 2307 801 2390 conjugalis
823 2307 1007 2371 servandae.
1046 2307 1112 2372 Ubi
1134 2330 1209 2392 ergo
1228 2308 1302 2371 fran-

235 2406 324 2488 gitur
344 2405 424 2469 fides
446 2405 512 2483 illa,
534 2405 698 2488 frangitur.
717 2413 751 2470 ct
770 2405 921 2488 praefata
942 2406 1108 2488 obligatio.

297 2504 421 2582 Quibus
456 2505 659 2587 praenotatis
695 2505 803 2569 thesin
837 2511 982 2568 nostram
1018 2507 1229 2588 sequentibus
1258 2506 1302 2570 de·

235 2611 453 2668 monstramus
475 2604 689 2690 argumentis:

297 2725 325 2768 a.
350 2705 384 2769 si
398 2704 462 2768 dno
480 2709 557 2768 sunt
571 2702 803 2784 inseparabilia
822 2709 855 2766 et
870 2701 1051 2766 necessario
1068 2722 1222 2780 connexa,
1237 2710 1303 2767 tunc

236 2824 426 2880 consensuS,
458 2802 514 2884 qui
542 2802 584 2866 ad
605 2823 705 2865 unum
732 2800 838 2865 fertur
867 2800 1033 2883 explicite,
1063 2801 1106 2864 ad
1128 2803 1218 2867 aliud
1236 2799 1304 2866 ferri

235 2901 333 2966 debet
365 2901 481 2980 saltem
513 2900 679 2982 implicite.
728 2900 803 2964 Jam
830 2920 905 2963 vero
936 2899 1110 2982 conjugum
1143 2920 1303 2965 consensus

235 3001 417 3065 necessario
449 2999 548 3064 debet
577 2999 656 3063 ferri
688 2999 840 3081 explicite
871 2999 904 3062 in
936 2999 1100 3064 vinculum
1132 2999 1303 3083 conjugale,

236 3120 311 3182 ergo
333 3099 516 3164 necessario
546 3098 644 3162 debet
670 3097 751 3161 ferri
779 3119 816 3161 eo
846 3097 916 3179 ipso
946 3098 1062 3163 saltem
1090 3099 1245 3182 implicite
1269 3095 1304 3161 ad

107 3191 110 3196 ’
225 3198 468 3281 'obligationem
499 3197 675 3261 radicalem
710 3196 868 3260 reddendi
900 3197 1062 3277 debitum3
1100 3220 1178 3263 nam
1209 3199 1261 3262 illa
1288 3217 1305 3259 a

234 3298 362 3362 vinculo
384 3297 530 3380 separari
555 3297 684 3380 nequit,
715 3296 765 3360 uti
786 3319 885 3379 supra
914 3297 1037 3362 dictum
1066 3303 1125 3362 est.
1170 3297 1305 3362 Vidimus

236 3398 337 3475 enim,
367 3397 401 3460 in
423 3403 536 3462 mutuo
559 3417 730 3478 corporum
759 3395 901 3459 dominio
924 3397 983 3460 sub
1006 3396 1133 3461 vinculo
1155 3394 1306 3479 conjugali

235 3497 402 3561 insolubili
419 3518 586 3562 remanere
608 3495 783 3560 radicalem
804 3496 1035 3578 obligationem
1056 3496 1099 3559 ad
1117 3495 1306 3560 reddendum

235 3595 396 3673 debitum,
426 3595 489 3660 etsi
510 3595 665 3677 obligatio
695 3595 833 3660 actualis
861 3616 926 3659 non
954 3595 1083 3660 existat.
1126 3592 1306 3658 Essentialis

235 3700 286 3758 est
309 3695 493 3758 contractui
519 3694 718 3759 matrimonii
745 3694 884 3758 intentio
914 3694 1073 3776 implicita
1101 3695 1135 3757 in
1157 3694 1305 3776 copulam,

235 3815 335 3877 quum
366 3800 484 3858 natura
521 3815 580 3858 sua
612 3793 780 3856 ordinetur
812 3794 1055 3858 matrimonium
1093 3793 1136 3858 ad
1166 3811 1306 3876 procrea·

235 3893 358 3957 tionem
383 3893 494 3976 prolis.
538 3893 645 3970 Quare
672 3892 773 3957 etiam
799 3914 823 3956 s.
846 3892 1109 3975 Augustinus:
1143 3890 1305 3973 ,Nuptiae

234 3991 350 4075 inquit,
373 3999 411 4056 ut
431 3992 521 4074 ipsae
543 3990 706 4074 nuptiales
728 3991 860 4056 tabulae
881 3992 1024 4057 clamant
1044 3991 1222 4056 liberorum
1240 4008 1307 4072 pro·
