2730 4564
567 365 624 424 165

69 531 161 590 tatem
188 525 493 592 centuriatores
519 523 914 606 Magdeburgenses1)
943 530 1133 602 asserentes,

69 624 94 688 b.
124 625 287 709 Virginem
318 625 352 688 in
384 625 455 707 ipsa
489 623 739 706 desponsatione
773 623 912 688 aliarum
944 643 1136 706 sponsarum

70 744 150 788 more
188 724 311 788 nubere
348 743 447 806 seque
480 722 513 786 in
550 720 625 786 viri¹
640 728 840 804 potestatem
870 728 974 786 totam
1006 721 1137 786 tradere

68 821 234 887 intendisse
262 823 325 901 ita,
358 828 396 886 ut
428 843 502 886 eum
533 842 571 886 eo
592 821 704 892 ,etiam
736 821 884 903 copulam
911 820 1031 884 habere
1060 841 1135 884 con-

68 922 196 986 sentiret
232 921 404 986 camalam.
458 920 551 998 Quod
585 920 613 984 si
646 939 757 983 verum
795 925 895 998 esset,
932 918 991 984 illa
1027 919 1134 984 animo

69 1019 175 1084 saltem
195 1021 284 1103 virgo
313 1026 347 1084 et
368 1026 458 1085 casta
481 1040 550 1084 esse
579 1018 737 1083 desiisset.
780 1018 889 1083 Etiam
911 1018 1096 1083 Calvinus
1109 1017 1134 1100 2)

67 1116 141 1183 hanc
176 1119 371 1202 virginitatis
402 1119 594 1202 purissimae
626 1119 885 1200 praerogativam
921 1139 1038 1200 negare
1069 1139 1136 1181 non

67 1214 230 1283 haesitavit
256 1218 383 1282 dicens:
417 1217 472 1300 ,Si
494 1217 599 1280 Maria
626 1238 692 1280 non
720 1215 875 1282 voluisset
904 1217 981 1281 dare
1003 1237 1135 1299 operam

68 1318 260 1397 generationi
287 1317 480 1396 liberorum,
510 1316 666 1381 voluisset
687 1315 824 1380 illudere
845 1316 978 1394 marito,
1002 1315 1078 1379 dum
1100 1337 1135 1380 se

68 1435 156 1496 passa
186 1424 235 1482 est
263 1416 440 1500 copulari.“
490 1416 542 1480 Ita
568 1414 718 1498 judicant
744 1415 902 1479 haeretiei
929 1416 984 1480 isti
1012 1414 1052 1479 de
1079 1415 1135 1479 be-

68 1515 204 1581 atissima
223 1517 372 1600 Virgine,
403 1515 515 1598 ,cujus
542 1515 723 1597 virginitati
748 1515 843 1597 juxta
869 1513 1027 1578 Basiliam
1047 1513 1136 1596 Mag-

67 1634 145 1693 unm,
155 1617 179 1697 ³)
207 1615 290 1678 nihil
315 1615 451 1698 aequale
481 1621 514 1679 et
543 1613 758 1678 ad-effectum
781 1613 920 1696 Spiritus
949 1613 1054 1677 sancti
1082 1634 1137 1677 ex*

70 1711 242 1794 cipiendum
273 1713 365 1778 nulla
396 1715 482 1777 inter
512 1713 658 1777 homines
690 1713 816 1794 puritas
850 1711 959 1794 aptior
989 1711 1136 1795 potuerit

70 1813 224 1892 reperiri.“
268 1812 392 1890 Contra
411 1811 594 1876 haereticos
616 1811 791 1875 statuimus
813 1810 934 1875 thesin:

554 2003 586 2087 g,
609 2000 636 2067 1.

92 2153 125 2219 B.
151 2156 268 2239 Virgo
295 2156 373 2238 jam
401 2155 447 2219 ab
475 2154 562 2238 ipso
591 2177 684 2220 usus
713 2154 884 2219 rationis
912 2153 1114 2236 principio

137 2253 291 2319 firmum
320 2260 359 2318 et
388 2253 616 2318 absolutum
642 2253 784 2318 habuit
811 2253 1060 2337 propositum

342 2352 851 2436 virginitatisservandae.
961 2416 964 2423 ,

126 2497 283 2565 Probatur
304 2507 329 2565 1.
346 2523 390 2566 ex
408 2523 431 2564 a.
449 2500 592 2565 Thema
610 2500 787 2582 dicente:4)
810 2500 1007 2582 ,Virginitas
1023 2499 1056 2562 in
1067 2498 1136 2563 Ma-

70 2599 115 2660 tre
133 2598 190 2663 Dei
209 2601 385 2683 praecipue
407 2600 520 2664 debuit
540 2600 694 2682 pollere,“
714 2599 802 2683 quod
818 2599 851 2662 in
869 2598 1007 2663 articulo
1029 2599 1133 2680 primo

70 2692 201 2775 ejusdem
223 2698 423 2780 quaestionis
444 2699 563 2781 probat
582 2706 718 2782 propter
745 2703 898 2781 quatuor:
928 2719 976 2780 ,a
999 2696 1137 2778 Propter

71 2790 298 2875 dignitatem
325 2795 457 2861 Patris
487 2796 652 2861 Christum
672 2796 849 2874 mittentis,
880 2803 919 2861 ut
940 2795 1028 2860 solus
1051 2801 1137 2866 esset

70 2888 165 2957 Pater.
206 2894 236 2959 b.
260 2895 397 2978 Propter
424 2897 716 2978 proprietatem
743 2895 846 2974 Filii,
877 2903 914 2960 ut
942 2896 1029 2960 solus
1050 2901 1137 2959 esset

70 2994 207 3074 proprius
229 3001 263 3059 et
283 2995 406 3078 absque
429 2994 584 3059 divisione
606 2994 712 3059 cordis
733 3000 907 3058 amaretur.
950 3016 976 3058 c.
998 2992 1137 3075 Propter

71 3087 348 3158 humanitatem
380 3093 531 3158 Christi
556 3100 749 3178 exemptam
781 3094 822 3158 ab
854 3092 1029 3157 infectione
1054 3112 1137 3155 con-

71 3192 277 3272 cupiscentiae
296 3200 330 3258 et
346 3193 474 3276 peccati
492 3193 667 3275 originalis.
706 3193 736 3257 d.
759 3192 897 3275 Propter
915 3213 993 3269 noe,
1015 3197 1137 3255 utnon

73 3307 106 3350 ex
131 3292 294 3357 voluntate
323 3291 445 3370 carnis,
475 3292 532 3356 sed
555 3312 594 3356 ex
616 3292 684 3356 Deo
714 3292 860 3357 dicamur
887 3291 1018 3374 geniti.“
1060 3288 1137 3353 Pro-

70 3389 200 3466 positum
228 3412 304 3455 vero
336 3390 512 3455 liberorum
540 3389 742 3473 generationi
776 3411 907 3473 operam
935 3389 1034 3454 dandi
1060 3388 1136 3452 huic

70 3486 252 3569 virginitatis
270 3489 465 3573 perfectioni
486 3491 587 3556 obest.
629 3491 714 3572 Ergo
733 3491 921 3556 beatissima
938 3491 1042 3572 Virgo
1055 3511 1136 3553 nun-

71 3604 156 3665 quam
187 3588 375 3654 incumbere
409 3589 511 3655 voluit
543 3589 721 3654 liberorum
753 3589 970 3673 generationi,
1009 3587 1065 3652 sed
1101 3588 1136 3650 in

71 3683 253 3768 virginitatis
275 3689 444 3770 proposito
466 3709 594 3770 semper
614 3689 801 3771 permansit.

74 3832 254 3847 *—

126 3915 145 3981 ¹)
163 3917 239 3971 Ceut
258 3916 283 3982 I,
304 3916 352 3972 lib.
371 3915 412 3982 11,
436 3933 478 3986 cp.
497 3920 536 3972 10.
578 3919 599 3985 ²)
617 3916 648 3971 In
666 3917 796 3973 Hermon.
816 3918 921 3988 Evang.
963 3919 984 3984 ⁸)
1003 3917 1083 3973 Hom.
1100 3917 1136 3972 de

71 3990 133 4051 hum.
150 3996 251 4053 Christi
267 4015 361 4068 gener.
395 4002 416 4064 ⁴)
433 3999 484 4066 III,
501 4017 528 4068 p.
546 4017 571 4068 q.
590 4000 718 4066 XXVIII,
736 4017 759 4054 a.
776 4004 800 4054 4.
