2814 4548
591 395 648 454 611

70 555 183 615 aetate
205 552 310 635 major
329 552 432 618 fuerit
452 552 575 618 Jacobc
598 555 738 638 majore,
769 556 826 640 qui
855 564 927 622 erat
948 580 1050 643 nepos
1072 561 1161 626 illius

71 670 111 714 ex
140 650 270 716 Salome
300 673 411 717 sorore
438 659 602 736 natusque
630 660 706 736 post
726 655 886 720 Joannem
907 656 1160 741 Evangelistam‚

70 748 210 814 fratrem
231 772 335 815 suum.
377 751 476 816 Ratio
498 759 598 830 certa,
629 775 688 817 cur
707 752 769 818 hoc
791 776 856 819 non
879 755 1031 821 obstante
1054 758 1163 823 Minor

71 848 259 930 appellatus
292 851 335 914 sit
362 850 504 916 Jacobus
533 851 687 934 Alphaei,
727 853 800 918 dari
831 855 954 938 nequit.
1010 855 1162 922 Forsitan

70 946 214 1012 Jacobus
241 949 403 1013 Zebedaei
431 950 536 1032 major
563 951 766 1030 nominatur,
798 954 854 1037 qui
881 954 973 1037 prior
993 954 1161 1038 Apostolis

71 1054 306 1112 annumeratus
344 1047 499 1130 priorque
538 1070 559 1114 a
595 1048 666 1114 Deo
706 1058 841 1116 vocatus
881 1052 942 1132 sit,
981 1053 1034 1118 vel
1074 1055 1162 1137 quod

72 1145 223 1210 Christus
250 1146 409 1211 Dominus
438 1167 512 1211 eum
540 1147 615 1229 plus
644 1149 805 1217 dilexerit.
855 1151 933 1218 Fuit
962 1152 1048 1216 enim
1077 1175 1162 1218 unus

72 1265 112 1308 ex
139 1244 206 1309 illis
234 1245 356 1325 tribus,
386 1266 469 1329 quos
491 1246 643 1312 Salvator
671 1248 833 1330 gloriosae
854 1250 1162 1334 Transfigurationis

72 1348 107 1406 et
129 1342 297 1409 Orationis
325 1365 404 1409 suae
425 1344 460 1408 in
482 1351 592 1410 monte
615 1345 747 1425 Oliveti,
780 1353 959 1432 antequam
987 1372 1007 1415 a
1027 1351 1162 1416 Judaeis

71 1442 420 1525 comprehenderetur,
456 1449 559 1508 testes
588 1464 658 1508 esse
687 1445 800 1511 voluit.
850 1447 998 1513 lacobus¹
1022 1449 1163 1532 Alphaei

73 1562 89 1606 e
120 1548 237 1606 contra
265 1543 371 1607 minor
397 1541 485 1607 forse
515 1541 637 1607 dicitur
665 1543 790 1627 absque
811 1546 879 1612 nlla
909 1569 983 1612 curn
1010 1548 1075 1613 alio
1098 1549 1162 1614 sin·

71 1640 181 1723 gulari
212 1641 472 1724 comparatione,
506 1641 584 1723 quia
615 1665 734 1725 parvus
767 1665 904 1728 corpore
935 1646 1017 1726 fuit3
1050 1653 1162 1713 textus

72 1759 211 1822 graecus
234 1761 308 1804 eum
330 1761 412 1824 pure
435 1743 596 1824 ,ycrxpost
618 1742 775 1808 nominat.

135 1837 198 1903 llic
220 1839 384 1923 Cleophae
412 1839 513 1920 filius,
544 1863 610 1925 qua
632 1842 846 1907 consobrinus
869 1842 1001 1909 Domini
1021 1844 1161 1929 irater1)

70 1939 145 2022 ejus
166 1938 362 2021 appellatus,
378 1940 655 2024 Jerosclymorum
674 1941 846 2007 ordinatus
867 1941 931 2008 luit
947 1944 1128 2027 Episcopus
1136 1947 1162 2027 ²)

70 2057 159 2101 anno
188 2037 310 2102 Christi
338 2039 505 2122 trigesimo
535 2040 659 2124 quinto.
702 2041 801 2106 Rexit
830 2041 1000 2107 ecclesiam
1028 2064 1088 2126 per
1116 2044 1162 2107 vi-

70 2136 158 2220 ginti
193 2143 267 2202 octo
307 2159 408 2204 annos
444 2161 548 2222 usque
583 2140 626 2204 ad
657 2161 778 2205 annum
815 2140 990 2222 septimum
1022 2141 1162 2207 Neronis

72 2235 182 2300 Anani
204 2236 401 2318 Sadducaei,
425 2238 517 2321 cujus
536 2238 630 2322 jussu
651 2238 692 2304 de
721 2238 837 2322 templi
863 2239 1039 2322 pinnaculo
1068 2261 1162 2324 prae·

73 2334 247 2417 cipitatuS,
281 2337 449 2419 lapidatus
482 2344 515 2403 et
542 2336 631 2403 fuste
663 2337 797 2403 fullonis
826 2359 1000 2421 percussus
1025 2339 1121 2404 obiit.
1135 2341 1161 2423 ³)

142 2550 162 2616 ¹)
179 2550 210 2603 ln
230 2551 310 2619 epist.
327 2551 363 2604 ad
381 2553 440 2607 Gal.
463 2569 506 2623 cp.
525 2557 548 2609 1.
566 2571 586 2608 s.
604 2552 790 2620 Hieronymus
814 2549 898 2604 uliam
916 2551 1007 2606 adhuc
1024 2553 1163 2607 rationem

71 2631 169 2699 affert,
194 2647 244 2687 eur
261 2633 372 2686 Domini
396 2635 484 2689 frater
501 2635 659 2689 nominatus
683 2635 733 2699 sit,
758 2649 859 2702 nempe
876 2638 1011 2703 „propter
1035 2637 1164 2705 egregios

70 2731 165 2768 mores
189 2720 218 2769 et
242 2716 490 2786 incomparabilem
514 2718 599 2772 fidem
624 2717 845 2787 sapientiamque
869 2733 924 2770 non
949 2718 1101 2784 modicam,
1136 2724 1165 2774 et

70 2796 149 2866 quod
170 2798 275 2866 primus
300 2799 326 2853 ei
350 2801 486 2853 ecclesiae
504 2800 668 2869 praetuerit,
681 2816 763 2868 onae
786 2799 876 2868 prima
900 2800 928 2852 in
947 2798 1086 2854 Christum
1104 2817 1164 2855 cre·

71 2881 144 2934 dens
168 2896 203 2933 ex
220 2881 340 2936 Judaeis
359 2881 445 2937 fuerit
469 2883 666 2952 congregata.“
699 2882 807 2936 Eadem
832 2881 891 2936 fere
916 2882 1035 2951 legimus
1060 2883 1090 2937 in
1114 2884 1164 2939 lib.

69 2963 134 3017 adv.
152 2964 332 3018 Joviniannm
350 2965 398 3019 lib.
417 2965 438 3031 l,
457 2980 501 3034 cp.
517 2967 558 3032 24,
576 2965 624 3018 ubi
649 2983 670 3019 s.
689 2965 796 3018 Doctor
813 2965 853 3018 ita
871 2963 982 3020 scribit:
1010 2966 1164 3031 „Transea-

71 3063 135 3100 mus
159 3047 194 3100 ad
211 3047 359 3114 Jacobum,
385 3049 433 3118 qui
457 3048 543 3103 frater
559 3048 672 3103 Domini
696 3048 852 3115 dicebatur,
877 3051 973 3103 tautae
997 3049 1165 3116 sanctitatis,

70 3133 223 3197 tantaeque
244 3129 370 3198 justitiae
396 3137 425 3186 et
447 3136 600 3200 perpetuae
625 3131 811 3198 virginitatis,
836 3136 868 3186 ut
892 3130 1029 3198 Josephus
1054 3148 1164 3200 quoque

70 3211 222 3266 historicus
237 3212 408 3266 Judaeorum
427 3218 543 3282 propter
557 3213 638 3283 hujus
654 3231 752 3268 necem
767 3214 927 3268 subversam
942 3213 1164 3282 Hierosolymam

71 3295 205 3350 referat.“
245 3297 266 3363 ²)
284 3295 422 3349 Eusebius
445 3296 533 3350 refert
557 3295 631 3364 (hist.
656 3296 725 3350 eccl.
747 3297 796 3351 lib.
819 3299 835 3348 2
860 3311 903 3365 cp.
926 3294 960 3362 1),
985 3296 1122 3350 Jacobum
1148 3313 1164 3351 a

71 3378 173 3441 Petro,
199 3377 306 3432 Jaccbo
322 3379 427 3448 majore
453 3383 483 3434 et
498 3379 608 3435 Joanne
626 3379 798 3448 Episcopum
817 3379 1055 3446 Jerosclymorum
1073 3378 1165 3448 desig·

70 3463 170 3515 natum
195 3460 289 3530 fuisse3
317 3460 372 3514 elio
396 3478 463 3516 vero
485 3463 547 3516 loco
572 3461 630 3529 (lib.
649 3464 664 3516 7
682 3479 725 3530 cp.
746 3463 786 3528 19)
813 3461 888 3514 idem
913 3462 1035 3531 scriptor
1058 3468 1164 3530 narrat,

70 3544 210 3600 Jacobum
236 3545 270 3598 ab
296 3545 358 3614 ipso
384 3545 526 3600 Salvatore
556 3551 585 3600 et
609 3546 751 3615 Apostolis
777 3545 899 3614 primum
925 3544 1164 3614 ierosolymorum

71 3628 237 3696 episcopum
257 3627 440 3682 constitutum
464 3645 532 3684 esse.
567 3629 593 3683 S.
611 3628 822 3698 chrysostomus
845 3629 885 3695 (in
903 3628 983 3696 epist.
1000 3626 1023 3682 I.
1044 3628 1080 3682 ad
1103 3629 1165 3684 Cor.

69 3711 147 3766 hom.
157 3711 200 3778 38)
218 3714 305 3780 putat,
324 3727 387 3764 aum
404 3728 461 3765 non
478 3712 619 3767 schristo
636 3712 718 3766 simul
736 3716 765 3766 et
782 3712 934 3780 apostolis,
953 3711 1003 3765 sed
1021 3728 1037 3764 a
1054 3711 1165 3766 Christo

69 3798 184 3850 tantum
206 3795 384 3863 impositione
401 3812 533 3849 manuum
551 3796 723 3864 Episcopum
746 3795 851 3849 factum
877 3811 943 3848 esse.
978 3794 1081 3848 Eidem
1099 3811 1164 3848 con·

71 3877 200 3933 sentiunt
213 3878 388 3947 Epiphanius
405 3877 490 3944 (haer.
503 3879 537 3931 78
550 3877 574 3946 ξ.
587 3877 623 3943 7),
635 3878 797 3944 Hieronym.
816 3875 863 3943 (ad
877 3876 935 3931 Gal.
949 3893 993 3945 cp.
1007 3877 1033 3942 1)
1050 3877 1164 3944 aliique.

69 3961 93 4027 ³)
111 3960 153 4014 De
170 3966 261 4016 morte
284 3962 342 4031 ejus
360 3961 498 4014 Eusebius
515 3960 565 4016 lib.
582 3963 599 4013 2
615 3959 679 4015 hist.
697 3961 766 4014 eccl.
784 3975 827 4028 cp.
845 3961 878 4013 23
895 3961 935 4013 ita
956 3959 1069 4014 scribit:
1096 3961 1163 4026 „Ju-

71 4045 158 4099 daeo·
176 4061 239 4114 sps,
264 4062 319 4114 qua
334 4045 516 4100 constitutum
535 4044 565 4097 in
584 4042 610 4099 d.
627 4043 707 4098 Pauli
724 4057 822 4098 necem
840 4045 1008 4180 οοιεςεηιιειὲἰ1
1031 4041 1164 4111 dejectos,
