2718 4556
563 331 623 392 293

70 490 228 572 quivero,
257 491 436 574 praecipua
457 490 572 554 saltem
601 498 773 573 exparte,
802 490 1038 568 assentiantur,
1069 511 1133 554 non

67 588 185 669 paucos.
228 589 323 667 Quod
350 596 389 654 ut
416 590 558 672 liqueat,
590 589 912 654 animadvertendum
940 595 1005 667 est,
1033 596 1071 653 ut
1099 589 1134 653 hi

67 687 101 750 de
121 688 239 752 Mariae
262 696 295 753 et
316 689 450 770 losephi
478 675 839 773 conjugio'loquantur,
870 711 934 752 non
957 688 1134 753 seeundum

67 807 186 882 morem,
206 788 263 870 qui
278 787 436 852 Hebraeis
459 794 539 866 erat,
559 788 616 853 sed
638 789 693 871 qui
715 788 808 852 nobis
831 794 889 865 est,
908 788 942 850 in
963 787 1134 851 connubiis
1236 843 1241 852 .

64 885 230 966 jungendis,
254 886 407 969 quodque
429 908 627 970 consequens
650 893 708 965 est,
730 908 789 970 pro
811 908 875 950 uno
898 881 997 969 atque
1020 885 1133 950 eodem

65 982 193 1048 habeant
221 986 390 1066 ,accipere
422 987 577 1050 uxorem“
611 994 644 1050 et
673 986 812 1068 ,ducere
844 987 1015 1063 uxorem,“
1048 1003 1132 1067 quae

66 1081 120 1145 duo
140 1089 246 1147 tamen
264 1083 423 1148 Hebraeis
442 1085 598 1150 distincta
617 1092 711 1150 erant
729 1107 766 1148 ac
785 1092 945 1167 separata.
979 1085 1132 1150 Ceterum

65 1179 141 1245 hisce
158 1181 308 1247 Patribus
331 1190 365 1248 et
385 1183 599 1266 scriptoribus
619 1205 745 1248 mecum
767 1185 806 1248 de
826 1183 952 1248 duobus
974 1175 1131 1261 convenit,

66 1301 139 1361 quae
164 1281 242 1346 satis
270 1283 351 1346 mihi
369 1281 463 1347 sunt.
507 1284 614 1347 Unum
642 1290 691 1348 est
712 1283 794 1347 illud
815 1283 974 1372 Matthaei
998 1283 1130 1352 verbum

65 1388 219 1464 παρελαβε
241 1382 407 1464 ,aceepit“
426 1383 681 1465 haudquaquam
700 1384 780 1448 item
801 1383 835 1446 in
854 1382 1004 1446 hocloco
1024 1381 1130 1445 valere

65 1487 96 1543 ut
115 1503 193 1562 ,non
221 1481 364 1544 1111111311α
393 1481 444 1544 vel
473 1483 652 1562 „retinuit“
682 1483 732 1546 vel
755 1483 932 1563 „servavit“
962 1481 1012 1544 vel
1042 1480 1131 1544 aliud
1182 1529 1184 1532 -

65 1580 133 1660 quid
151 1581 265 1644 horum
286 1581 404 1658 simile,
435 1581 492 1644 sed
513 1581 546 1644 in
568 1604 659 1645 suam
689 1582 751 1645 sibi
772 1581 936 1662 propriam
964 1577 1130 1664 notionem

66 1698 125 1742 esse
151 1679 379 1762 accipiendam.
424 1680 572 1744 Alterum
603 1689 652 1744 est
681 1703 700 1744 a
729 1681 896 1744 hlatthaeo
925 1679 1057 1742 narrari·
1074 1677 1130 1741 Jo-

66 1779 185 1859 sephum
216 1801 281 1844 non
312 1779 417 1860 prim,-
451 1779 508 1842 sed
536 1786 611 1861 post
643 1779 725 1843 illud
758 1779 917 1842 somnium
949 1777 1052 1855 egisse
1084 1775 1128 1853 id,

67 1878 142 1956 quod
178 1879 275 1944 verbo
315 1886 482 1960 παρελαβε
521 1880 688 1961 ,accepit“
728 1878 859 1960 proprie
899 1874 1128 1956 significatur.“'

64 1973 213 2041 Hactenus
234 1976 402 2042 Patritius.
423 1972 426 1979 ’

116 2079 140 2138 3.
178 2077 228 2140 Ad
261 2077 489 2142 stabiliendam
519 2078 603 2141 hanc
636 2077 833 2142 sententiam
865 2074 1048 2156 allegantur
1079 2093 1128 2135 se-

66 2174 183 2252 queutia
215 2197 343 2258 quoque
376 2199 400 2240 s.
428 2177 623 2258 Matthaei¹)
651 2176 764 2240 verba:
798 2173 964 2257 ,loseph
996 2177 1127 2236 autem

65 2270 113 2333 vir
138 2274 233 2355 ejus,
265 2296 380 2356 quum
409 2282 515 2340 esset
539 2276 687 2358 justus,
718 2282 756 2340 et
782 2273 910 2339 nollet
940 2292 1021 2334 eam
1051 2277 1127 2334 tra-

69 2368 212 2452 ducere,
242 2374 371 2438 voluit
397 2375 554 2439 occulte
583 2375 788 2439 dimittere
808 2373 918 2438 11111.α
952 2371 982 2436 S.
1006 2367 1127 2450 loseph

65 2469 159 2536 videns
180 2473 209 2536 b.
229 2473 396 2556 Virginem
417 2481 648 2556 praegnantem
672 2482 706 2538 et
727 2474 839 2550 sciens,
862 2470 948 2554 qnod
970 2469 1040 2550 ipsc
1061 2486 1127 2530 non

66 2571 247 2650 cognovisset
277 2593 362 2650 eam,
395 2573 501 2636 noluit
531 2594 602 2637 eam
630 2573 801 2637 traducere
833 2573 853 2634 i.
883 2592 908 2634 e.
938 2569 1056 2632 ducere
1086 2565 1126 2629 de

66 2664 144 2732 domo
166 2678 305 2752 patema
326 2671 360 2734 in
382 2671 512 2735 domum
534 2693 625 2736 suam
647 2674 698 2753 (ac
719 2671 851 2754 nuptias
873 2691 946 2733 cum
966 2667 1024 2730 illa
1044 2664 1127 2729 eele-

66 2762 158 2850 brare)
179 2790 235 2833 seu
258 2770 291 2832 in
312 2776 510 2852 potestatem
532 2772 689 2853 accipere.
734 2771 820 2852 ,Iste
843 2776 893 2833 est
914 2788 989 2831 vero
1011 2764 1125 2828 modus

64 2860 200 2946 loquendi
232 2869 356 2950 jurium
394 2870 618 2952 antiquorum,
656 2871 763 2953 inquit
801 2869 989 2933 Testatus
1027 2863 1125 2926 Abu·
1155 2940 1157 2945 .

64 2959 211 3049 lensis,²)
235 2968 322 3050 quod
344 2969 384 3034 ad
407 2969 476 3047 hoo,
497 2969 584 3052 quod
605 2970 848 3034 matrimonium
870 2968 913 3032 sit
934 2965 1123 3048 legitimum,

64 3063 162 3128 mulier
194 3066 292 3131 debet
321 3089 390 3132 esse
419 3069 486 3132 viro
517 3069 640 3133 tradita
669 3076 702 3133 et
730 3069 771 3132 ab
804 3090 841 3138 eo
870 3066 1031 3132 traducta.
1081 3063 1124 3128 Et

63 3157 135 3225 istud
155 3172 203 3228 est
224 3165 372 3248 accipere
395 3188 466 3231 eam
487 3169 626 3251 proprie,
649 3175 807 3252 qnantum
832 3168 874 3232 ad
894 3163 1123 3248 potestatem.“

64 3258 154 3336 ,Haec
175 3265 285 3328 uxoris
310 3267 534 3349 ,acceptio“
557 3268 641 3332 ritus
664 3275 744 3345 erat,
764 3268 859 3331 docet-
880 3264 1087 3341 Patritius,
1097 3263 1122 3343 ³)

63 3377 138 3438 quo,
156 3370 193 3426 ut
223 3363 272 3427 ita
303 3364 424 3444 dicam,
458 3367 665 3431 sanciebatur
693 3368 747 3450 jus
778 3365 894 3431 utendi
925 3385 1026 3428 uxore
1055 3363 1122 3444 jam

63 3454 152 3524 dueta.
208 3462 271 3539 Qui
308 3463 348 3528 de
386 3467 584 3530 matrimonii
620 3467 844 3530 Hebraeorum
881 3470 998 3546 agunt,
1037 3461 1122 3525 hunc

62 3554 144 3622 ritum
173 3582 288 3625 uocare
321 3563 427 3630 solent
459 3565 777 3646 „deductionem‘
810 3565 936 3640 uxoris,
970 3561 1027 3626 sed
1056 3581 1122 3624 non

63 3656 126 3720 satis
145 3667 227 3741 apte.
272 3661 367 3726 Ritus
390 3665 475 3727 enim
497 3665 591 3728 istius
613 3672 712 3747 caput
733 3679 798 3729 non
818 3665 851 3726 in
874 3684 912 3727 eo
935 3668 1014 3738 erat,
1035 3659 1122 3742 quod

62 3753 99 3816 vir
121 3780 266 3840 uxorem,
297 3783 395 3844 quam
425 3762 577 3841 duxerat,
608 3764 647 3827 de
675 3770 813 3846 paterna
840 3763 937 3845 hujus
965 3760 1059 3823 domo
1087 3758 1122 3821 in

116 3973 284 4044 ι1111111111,
304 3979 342 4032 19.
377 3979 397 4044 ²)
416 3977 447 4030 ln
466 3995 562 4047 evang.
581 3979 679 4034 Matth.
714 3979 774 4046 1)11
802 3995 824 4034 c.
844 3982 981 4047 pag.8n.
1000 3983 1023 4034 7.
