2728 4560
756 345 818 408 234

216 530 405 600 consensu
432 513 546 572 sancta
574 513 608 572 et
634 507 728 572 licita
756 513 822 585 est,
852 527 917 572 101
941 512 1053 572 tamen
1081 507 1251 584 1011111110,
1275 506 1309 570 vi-

246 595 381 686 delicet,
411 606 582 672 referendo
610 606 856 672 matrimonium
883 606 927 670 ad
954 605 1054 670 finem
1081 605 1132 669 illi
1158 605 1308 688 positive

246 708 464 786 contrarium,
499 705 606 790 qualis
636 713 688 771 est
718 705 878 788 impedire
905 705 1047 788 prolem3
1080 726 1240 788 quumque
1262 704 1309 768 hae

245 802 450 873 conditiones
477 807 568 871 licite
589 813 705 888 postea
734 811 942 889 apponantur
970 811 1046 888 post
1075 809 1309 868 consummatum

245 906 497 984 matrimonium,
520 907 639 971 mirum
660 928 726 972 non
747 914 806 984 est,
826 906 855 971 si
874 906 970 970 initio
992 905 1178 988 appositae,
1201 903 1308 988 quando

214 1089 217 1094 Δ
245 1005 490 1070 matrimonium
518 1006 740 1084 contrahitur,
770 1027 836 1070 non
864 1005 983 1070 tollant
1009 1005 1228 1068 necessarium
1252 1024 1309 1068 eon·

245 1125 376 1169 sensum
398 1111 431 1169 et
448 1111 685 1188 consequenter
703 1127 762 1169 nee
780 1104 1025 1169 matrimonium
1045 1103 1154 1185 ipsum
1171 1102 1309 1168 11111011(ί

311 1207 338 1267 3.
366 1203 458 1268 Inter
475 1203 658 1286 baptizatos
677 1225 771 1268 omne
790 1201 1035 1268 matrimonium
1053 1223 1128 1266 cum
1146 1203 1309 1268 conditione

246 1303 349 1366 tacita
371 1303 584 1380 contrahitur,
602 1309 640 1367 ut
660 1308 778 1366 neuter
799 1300 841 1366 ad
857 1300 1060 1366 reddendum
1079 1301 1225 1368 debitum
1239 1309 1310 1366 tene·

246 1407 337 1479 atur,
376 1402 404 1465 si
436 1409 513 1466 ante
551 1401 863 1465 consummationem
902 1400 1102 1465 matrimonii
1142 1402 1310 1484 religionem

246 1500 373 1583 ingredi
394 1501 481 1565 velit.
526 1501 611 1584 Ergo
640 1500 796 1583 obligatio
822 1498 980 1564 reddendi
1002 1499 1106 1565 debiti
1128 1523 1194 1566 non
1221 1507 1265 1564 est
1282 1497 1311 1560 de

246 1599 390 1664 essentia
421 1600 620 1664 matrimonii
658 1599 873 1664 contrahendi
911 1605 944 1664 et
975 1599 1134 1681 obligatio
1172 1596 1311 1664 contraria

246 1697 296 1761 illi
324 1720 390 1762 non
421 1706 592 1782 repugnat.
644 1699 738 1764 Unde
770 1700 934 1783 sequitur,
966 1698 1068 1762 talem
1099 1698 1311 1782 obligationem

246 1819 305 1862 seu
337 1799 557 1864 conditionem
592 1820 760 1882 nunquam
791 1798 926 1883 petendi
963 1799 1111 1863 debitum
1150 1792 1311 1862 contractui

246 1897 353 1961 valide
381 1899 504 1981 apponi
524 1920 632 1981 posse,
664 1899 792 1963 etiamsi
814 1899 966 1982 conjuges
994 1897 1185 1980 religionem
1205 1890 1312 1977 ingredi

246 2016 312 2060 non
343 1997 553 2068 intenderint
606 1998 750 2064 Intentio
788 1997 874 2062 enim
901 1996 1092 2079 religionem
1129 1990 1313 2079 ingrediendi

246 2116 311 2159 non
340 2095 452 2174 efficit,
481 2103 520 2162 ut
547 2096 691 2161 conditio
720 2097 778 2160 illa
805 2095 1006 2160 matrimonii
1033 2095 1196 2160 essentiae
1223 2093 1311 2158 minus

246 2195 298 2259 vel
317 2196 421 2278 magis
443 2202 611 2278 repugnet,
635 2195 693 2261 sed
715 2195 820 2260 solum
842 2193 949 2272 efficit,
972 2201 1020 2283 ut,
1044 2195 1175 2277 quando
1197 2215 1234 2258 ea
1253 2212 1312 2256 con·

247 2294 328 2358 ditio
356 2317 423 2359 non
455 2303 505 2360 est
533 2295 700 2378 apposita,
735 2294 884 2359 debitum
916 2298 993 2358 ante
1022 2293 1313 2358 consummationem

246 2393 316 2475 sine
336 2393 501 2477 injustitia
521 2395 626 2476 possit
646 2394 768 2477 negari.
838 2393 840 2399 ⁴
1100 2383 1101 2386 ¹

208 2529 213 2538 ·
309 2493 477 2558 Diversam
497 2493 551 2558 hic
572 2515 642 2559 esse
664 2492 838 2570 rationem,
869 2491 1080 2574 respondebit
1100 2491 1237 2557 fortasse
1256 2487 1312 2572 qui·

248 2592 362 2674 spiam,
375 2591 594 2658 conditionem
610 2592 696 2657 enim
710 2592 801 2655 illam
817 2612 884 2655 101
897 2588 1055 2654 reddendi
1067 2589 1314 2672 debitum,qua1n

247 2692 400 2775 conjuges
422 2691 612 2774 religionem
639 2691 767 2774 ingredi
792 2688 1001 2755 intendentes
1027 2689 1233 2754 matrimonio
1252 2706 1313 2750 con·

248 2791 409 2856 trahendo
447 2811 611 2875 apponere
647 2791 789 2872 possint,
828 2790 868 2854 de
899 2789 973 2872 jure
1005 2789 1191 2854 contractui
1225 2787 1314 2852 inesse

246 2890 487 2968 matrimoniali,
508 2911 602 2955 secus
622 2911 698 2954 vero
720 2911 791 2956 esse
813 2889 853 2954 de
875 2887 1078 2967 conditione,
1101 2910 1201 2971 quam
1219 2885 1313 2952 uolen-

246 2996 298 3054 tes
318 2989 445 3072 ingredi
466 3010 624 3054 consensu
645 2995 759 3054 mutuo
781 2993 956 3072 apponant.

309 3088 379 3154 Hoc
393 3089 580 3154 nullatenus
594 3089 713 3172 placet,
727 3088 804 3173 quia
821 3087 908 3171 quod
923 3086 1066 3152 conditio
1081 3084 1195 3168 aliqua
1208 3082 1314 3162 exlege

246 3189 387 3272 positiva
410 3188 509 3253 alicui
532 3188 715 3254 contractui
736 3187 823 3266 insit,
842 3209 907 3251 non
929 3185 1034 3264 efficit,
1056 3192 1095 3250 ut
1115 3185 1204 3250 illius
1224 3200 1315 3247 esseu-

247 3289 315 3353 tiae
342 3289 446 3372 magis
474 3288 621 3354 minusve
651 3295 826 3372 repugnet,
860 3287 918 3351 sed
946 3285 1067 3363 solum,
1102 3291 1141 3349 ut
1168 3306 1188 3349 a
1215 3287 1313 3348 mutuo

248 3388 514 3452 contrahentium
545 3409 704 3452 consensu
736 3387 838 3470 magis
870 3386 1015 3451 minusve
1046 3384 1200 3467 pendeat.
1211 3384 1233 3465 ¹)
1279 3377 1315 3443 Et

246 3486 330 3552 haec
351 3488 484 3571 quidem
507 3487 547 3552 de
568 3485 699 3569 priori
720 3485 885 3550 sententia
905 3483 1075 3549 sufficiant

311 3586 517 3670 Inquiramus
544 3609 631 3652 nunc
659 3591 850 3669 argumenta
879 3583 921 3648 ab
950 3583 1056 3648 altera
1075 3589 1171 3665 parte
1192 3580 1313 3666 prolata

248 3685 596 3770 quibusmatrimonia
622 3685 683 3750 sub
705 3683 892 3749 conditione
913 3681 961 3764 ,si
988 3679 1136 3746 debitum
1155 3702 1215 3746 nec
1234 3683 1314 3763 petas

316 3920 336 3982 ¹)
354 3916 408 3972 Cfr.
427 3915 559 3972 Coninch.
577 3914 646 3984 disp.
662 3917 696 3968 24
712 3913 778 3970 dub.
795 3917 820 3969 2.
853 3913 946 3970 Gobat
960 3916 1043 3968 11101.
1060 3914 1136 3967 101.
1153 3913 1210 3968 466.
1240 3909 1314 3964 01111.

249 4000 332 4054 Pnlao
349 4001 420 4070 disp.
437 4003 453 4055 2
470 4017 497 4070 p.
515 4002 546 4054 11
564 3997 588 4068 ξ.
605 4001 621 4052 4
638 4005 692 4056 oet.
