2728 4560
540 380 601 438 239

100 540 366 626 Comparantibus
403 538 497 604 nobis
535 546 729 622 argumenta
766 539 807 603 ab
845 545 985 621 utraque
1021 549 1117 624 parte

51 643 212 727 proposita,
252 639 415 704 sententia
446 639 538 720 prior
568 637 785 720 praeferenda
819 657 889 701 esse
921 637 1051 702 videtur
1083 647 1118 706 et

52 745 161 826 quidem
183 741 211 805 si
230 739 269 804 de
289 737 361 802 aliis
383 737 478 801 silere
497 736 635 801 velimus
653 736 846 814 rationibus,
873 735 941 818 jam
963 757 1010 816 ec,
1029 738 1116 821 quod

51 844 110 907 inde
135 846 307 924 sequatur,
340 835 585 900 matrimonium
618 835 720 900 etiam
751 856 772 900 a
799 835 946 917 personis
978 836 1117 920 simplici

52 941 192 1006 castitatis
213 945 289 1003 roto
312 934 480 1001 obstrictis
503 955 599 1016 posse
621 934 785 1013 contrahi,
809 933 982 1000 dummodo
1004 936 1038 1000 in
1059 938 1116 1002 illo
1192 964 1194 968 ·

52 1037 254 1104 contrahendo
273 1035 523 1118 jusdumtaxat
546 1039 708 1097 remotum
730 1039 763 1097 et
784 1055 849 1097 non
870 1035 1117 1116 proximumad

52 1140 180 1221 copulam
202 1135 266 1201 sibi
287 1133 429 1199 tradant.
472 1130 546 1196 Non
575 1131 703 1210 obstat,
733 1132 820 1215 quod
841 1139 952 1198 votum
980 1135 1117 1218 simplex

51 1238 193 1303 castitatis
215 1233 383 1317 impediat,
399 1231 570 1315 quominus
589 1231 833 1295 matrimonium
854 1231 967 1296 licite
989 1240 1118 1299 contra·

49 1337 144 1417 hatur,
175 1356 275 1420 quum
303 1332 370 1397 tale
398 1337 510 1396 votum
538 1331 626 1395 inter
654 1330 889 1416 impedimenta
917 1333 1117 1398 matrimonii

50 1435 243 1519 impedientia
284 1436 483 1496 numeretur.
530 1429 660 1493 ‘Illicite
706 1430 950 1495 matrimonium
986 1439 1117 1498 contra-

49 1535 178 1614 heretur,
208 1535 236 1598 si
257 1532 291 1596 in
311 1529 369 1594 illo
396 1527 618 1593 contrahendo
643 1549 709 1592 non
731 1534 862 1592 tantum
880 1530 934 1613 jus
955 1538 1118 1597 remotum

41 1635 83 1699 ‘ad
101 1635 246 1720 copulam
273 1629 474 1706 traderetur,
504 1627 561 1692 sed
585 1627 685 1693 etiam
706 1627 898 1711 proximum.
941 1629 1014 1694 Non
1040 1651 1116 1696 vero

49 1734 155 1799 tradito
183 1731 248 1796 nisi
273 1731 346 1813 jure
375 1734 500 1793 remoto
530 1727 630 1792 etiam
657 1727 775 1793 licite
803 1748 864 1811 per
891 1749 925 1792 se
953 1729 1116 1812 loquendo

49 1831 274 1897 matrimonium
313 1828 461 1892 iniretur.
521 1825 738 1890 Nihilominus
780 1826 945 1892 rarissimo
986 1833 1117 1894 tantum

50 1932 196 2012 personis,
227 1948 310 2012 quae
331 1927 393 1991 hoc
415 1931 528 1991 votum
555 1925 747 2003 emiserunt,
777 1926 1021 2016 matrimonium
1042 1949 1118 1993 con·

49 2030 162 2095 trahere
193 2026 413 2112 permittitur,
448 2025 525 2108 quia
556 2031 668 2089 votum
702 2045 761 2106 per
793 2024 944 2090 accidens
971 2026 1116 2108 periculo

50 2130 208 2211 exponitur
223 2125 418 2192 violationis.
464 2123 608 2206 Simplex
630 2123 793 2192 castitatis
811 2130 923 2189 votum
945 2145 1021 2208 ergo
1044 2148 1117 2190 cum

49 2228 238 2302 matrimonio
261 2224 384 2308 optime
405 2229 633 2305 starepotest,
651 2221 748 2286 sicuti
771 2222 871 2286 etiam
891 2229 985 2306 patet
1006 2225 1040 2288 in
1061 2225 1118 2290 be·

50 2327 197 2392 atissimac
218 2324 361 2407 Virginis
384 2329 418 2388 et
439 2345 464 2387 s.
482 2321 605 2404 loseph
625 2321 842 2401 matrimonia
865 2322 908 2387 ad
930 2325 1018 2407 quod
1039 2347 1118 2390 con·
1229 2316 1233 2325 ’

50 2425 242 2491 siderandum
260 2425 329 2507 jam
348 2445 435 2487 nuno
456 2421 677 2517 transibimus.

51 2657 232 2721 confunditur,
257 2655 358 2710 scribit
373 2654 530 2710 Ballerinns
547 2654 565 2709 l.
583 2670 607 2709 c.
623 2670 686 2723 pag.
704 2656 720 2708 5
737 2655 777 2709 10.
811 2653 944 2723 Nunquid
960 2672 1017 2709 non
1033 2673 1119 2727 aeque

51 2737 194 2809 obligantur
211 2740 342 2809 conjuges
359 2737 395 2792 ad
413 2737 539 2793 debiturn
555 2754 608 2792 nec
626 2737 795 2806 exigendum
812 2755 865 2792 nec
883 2737 1069 2806 reddendum,
1093 2741 1117 2795 si

50 2821 119 2875 ambo
134 2822 249 2877 solemni
271 2826 337 2876 voto
358 2835 388 2874 ss
405 2819 537 2890 religioso
559 2818 652 2874 ordini
672 2821 852 2890 mancipent?
877 2821 917 2876 Et
939 2821 963 2874 si
983 2820 1118 2892 obligatio

49 2900 107 2957 haec
120 2905 160 2972 jns
176 2906 205 2958 in
223 2919 324 2972 eorpus
341 2903 455 2958 alterius
472 2903 644 2968 excluderet,
658 2918 773 2956 curnam
790 2907 833 2958 est
846 2904 958 2960 adulter
975 2910 1004 2960 et
1020 2910 1119 2961 eontra

48 2985 168 3052 justitiam
184 2991 284 3058 peccat
301 3003 397 3040 eorum
413 2986 558 3052 alteruter,
574 2986 622 3055 qui
640 2990 789 3040 extraneae
804 3003 940 3056 personae
958 2989 1118 3044 commisce·

50 3071 120 3125 atur?
144 3072 246 3126 Rursus
267 3069 292 3124 si
313 3069 449 3139 obligatio
466 3087 523 3124 non
543 3069 677 3138 exigendi
698 3074 747 3123 aut
767 3069 904 3125 reddendi
926 3073 1055 3140 copulam
1071 3090 1118 3127 ex·

50 3150 126 3207 cludit
142 3153 183 3221 jns
199 3155 230 3208 in
248 3152 362 3206 alterins
378 3169 492 3222 corpus,
516 3152 655 3222 quomodo
676 3153 801 3206 validum
825 3154 880 3208 erit
900 3155 1118 3222 matrimonium,

50 3234 147 3298 quando
168 3235 334 3290 contrahant
356 3235 410 3291 duo
433 3236 554 3304 simplici
576 3240 642 3290 voto
666 3236 801 3291 castitatis
822 3235 973 3292 adstricti?
1002 3237 1119 3292 Conclu-

51 3314 147 3373 damus:
173 3317 276 3390 pacisci
301 3318 413 3386 quidem
442 3335 499 3372 non
526 3322 619 3387 potest
644 3318 812 3372 contrahens
843 3319 878 3372 de
906 3317 954 3386 iis,
985 3336 1056 3388 qnae
1082 3337 1117 3374 ex

50 3403 152 3454 naturae
173 3401 269 3456 ordine
293 3401 389 3456 abesse
412 3417 428 3453 a
449 3404 597 3454 contractu
620 3404 773 3468 nequeunt,
797 3405 826 3454 et
849 3417 884 3454 ex
906 3401 934 3455 vi
957 3405 1117 3456 contractus

49 3485 105 3534 sunt
119 3482 309 3544 inalienabilia.
325 3483 480 3552 cujusmodi
498 3488 540 3538 est
553 3484 597 3552 jns
614 3483 644 3536 in
662 3499 762 3552 corpus
780 3484 904 3550 alterium
924 3488 953 3539 at
970 3484 999 3536 in
1017 3484 1118 3552 quibus

49 3577 104 3617 usus
120 3567 285 3636 estquidam
302 3568 409 3633 licitus,
427 3566 476 3620 sed
494 3583 551 3621 non
568 3567 719 3634 imperatus
737 3570 785 3620 ant
800 3565 1000 3634 inalienabilis,
1017 3567 1117 3622 falsum

51 3651 93 3710 est,
109 3649 298 3706 contrahentes
314 3666 370 3706 non
387 3665 467 3718 posse
485 3648 692 3704 abdicationem
709 3649 840 3717 pacisci.“

422 3849 720 3866 ΛΛΛΛΛΛΛΛΛΛΛΛΛΜΛΛΛΛΛΙ
