2728 4554
735 371 797 430 450

226 531 366 615 quidem,
394 536 590 600 nontamen
611 536 771 607 meretur,
802 535 840 594 ut
861 551 978 594 novum
1006 530 1132 615 aliquid
1159 536 1222 618 ejus
1240 559 1288 602 no-

226 631 312 694 mine
334 629 517 712 aggrediar,
547 628 605 693 sed
625 628 686 692 hoc
715 628 834 706 solum,
864 634 903 693 ut
923 629 1010 716 quod
1032 631 1176 716 alioquin
1194 635 1286 700 facere

226 729 448 806 institueram,
477 749 536 810 per
557 726 648 791 illam
667 725 802 805 faciam,
830 727 881 791 nti
902 726 1049 810 loquitur
1076 732 1286 816 Kosterus1)

226 829 287 893 hoc
316 827 459 910 allegans
488 825 686 909 exemplum:
720 826 754 890 Si
781 827 1000 916 pauperculus
1029 831 1190 915 quispiam
1210 833 1290 898 faber

227 927 388 993 murarius
410 927 564 1008 'exiguum
584 925 665 988 mihi
686 923 824 989 officium
846 925 1056 1007 exhibuisset,
1078 952 1144 995 non
1164 939 1290 997 meretur

228 1025 284 1090 1111
306 1026 451 1109 quidem,
480 1031 518 1089 ut
538 1025 607 1106 ejus
636 1024 817 1107 occupandi
845 1025 952 1107 gratia
977 1046 1097 1090 novum
1124 1031 1288 1095 aedificium

230 1132 393 1203 extrnnm,
423 1125 457 1189 in
485 1144 554 1207 quo·
578 1122 775 1205 perficiendo
803 1121 860 1186 1111
881 1123 1003 1188 victum
1023 1133 1137 1208 paret3
1168 1130 1223 1193 sed
1239 1129 1287 1192 hoc

229 1231 339 1289 tamen
366 1223 484 1287 mereri
511 1223 653 1301 videtur,
682 1228 720 1287 ut
749 1222 777 1286 si
805 1221 988 1286 aedificium
1017 1226 1161 1291 excitare
1189 1228 1290 1292 consti·

228 1323 374 1401 tuissem,
403 1322 505 1405 ipsius
525 1322 637 1404 potius
658 1343 756 1404 quam
778 1320 915 1386 alterius
936 1328 1013 1388 utar
1034 1345 1143 1406 opera.
1186 1327 1289 1391 Existit

229 1442 326 1505 porro
354 1442 381 1485 e.
401 1421 496 1504 juxta
517 1421 654 1486 citatum
675 1427 842 1486 auctorem
864 1422 963 1486 etiam
984 1422 1178 1506 significatio
1199 1426 1289 1492 meriti

231 1520 405 1585 admodum
432 1520 673 1603 impropriam
692 1541 825 1603 prorsus
846 1523 988 1603 passiva,
1018 1544 1102 1606 quae
1124 1525 1166 1588 ad
1185 1525 1289 1589 nullam

230 1620 338 1684 1111111
358 1615 474 1683 referri
493 1619 689 1683 mercedem:
712 1619 740 1683 si
760 1623 876 1701 nempe
897 1619 955 1683 1111
975 1641 1027 1684 res
1050 1621 1171 1687 dicitur
1189 1621 1288 1687 mereri

231 1725 290 1784 aut
311 1718 408 1801 digna
429 1739 514 1796 esse,
544 1718 597 1782 cui
618 1718 719 1800 gratis
740 1717 934 1782 beneficium
960 1719 1100 1803 alicujus
1122 1722 1289 1805 dignatione

230 1823 425 1901 praestatur.
476 1817 527 1882 Sic
560 1817 600 1880 de
633 1817 745 1881 Crucis
777 1816 864 1899 ligno
897 1816 986 1881 canit
1013 1818 1175 1884 Ecclesia:
1210 1820 1291 1902 ,Sola

232 1915 329 1999 digna
354 1915 462 1994 fuisti,
494 1923 627 1998 portare
658 1916 820 1979 talentum
852 1915 1001 1994 1111111111;α
1040 1916 1074 1980 in
1106 1917 1191 2001 ligno
1220 1919 1289 1982 enim

233 2015 376 2097 dignitas
398 2021 432 2078 et
453 2014 605 2078 meritum
626 2035 691 2078 non
711 2014 928 2078 inveniuntur.

293 2113 323 2178 b.
357 2113 567 2196 Atheologis
597 2112 717 2195 duplex
745 2113 929 2195 assignatur
956 2113 1126 2178 meritum:
1159 2115 1290 2178 meritum

233 2214 277 2277 de
310 2233 480 2294 congruo
514 2218 547 2276 et
575 2211 728 2275 meritum
756 2209 801 2274 de
834 2210 1037 2292 condigno.
1089 2212 1236 2276 Meritum
1260 2211 1291 2274 de

233 2335 374 2396 congruo
396 2319 531 2378 vocatur
553 2311 644 2389 illud,
668 2310 754 2393 quod
775 2310 961 2374 nonhabet
982 2310 1214 2392 aequalitatem
1233 2330 1291 2374 cum

233 2410 376 2493 praemio
406 2411 439 2474 in
467 2410 591 2488 valore,
620 2409 677 2473 sed
706 2408 931 2474 tantummodo
961 2409 1126 2491 quandam
1154 2433 1221 2475 cum
1247 2408 1290 2472 illo

233 2509 476 2592 proportionem
498 2529 545 2586 eo,
575 2508 661 2591 quod
688 2508 945 2590 „congruum“
974 2508 1017 2572 sit
1039 2509 1231 2592 dantemque
1250 2507 1292 2570 de·

234 2615 315 2686 cent,
339 2629 419 2690 opus
440 2606 506 2672 1111
528 2607 738 2671 remunerari.
781 2606 952 2670 Fundetur
978 2628 1055 2689 ergo
1078 2608 1226 2672 meritum
1244 2607 1291 2669 hoc

234 2707 379 2771 amicitia
401 2707 502 2788 magis
524 2711 558 2770 et
575 2705 784 2784 liberalitate,
804 2727 901 2788 quam
915 2706 1054 2789 justitia,
1074 2713 1113 2772 ut
1137 2728 1229 2791 quum
1248 2725 1291 2768 rex

234 2811 422 2889 promoveat
438 2804 575 2896 militem
592 2805 635 2869 ad
651 2805 798 2884 honores,
817 2805 859 2869 ad
875 2804 1082 2871 nobilitatem
1099 2806 1149 2871 vel
1165 2806 1292 2871 dominus

234 2904 367 2987 aliquod
395 2903 436 2966 ab
469 2905 572 2967 amico
605 2905 766 2986 accipiens
799 2904 1005 2987 obsequium,
1039 2904 1121 2969 illud
1153 2903 1293 2987 praemiat

235 3003 393 3086 dignitate
416 3002 564 3085 obsequii
585 3002 727 3082 valorem
749 3003 872 3067 centies
894 3009 1078 3086 superante.
1121 2999 1290 3067 Meritumi

237 3108 352 3168 contra
381 3101 420 3165 de
442 3101 600 3183 condigno
629 3101 786 3184 importat
813 3101 1090 3186 1,0011111811111111
1118 3103 1248 3167 valorem
1265 3104 1290 3160 et

236 3201 469 3284 aequalitatem
497 3221 569 3264 cum
590 3200 734 3282 praemio
764 3201 941 3265 secundum
967 3208 1092 3267 rectam
1121 3199 1290 3284 1111111111-

236 3307 303 3365 tem
324 3298 594 3376 aestimationem,
616 3305 655 3363 ut
676 3321 775 3382 quum
796 3301 894 3365 militi
916 3300 1013 3364 detur
1033 3300 1232 3383 stipendium.

296 3397 451 3461 Meritum
473 3396 513 3460 de
534 3397 694 3480 condigno
722 3399 862 3482 requirit
883 3399 1016 3482 aliquod
1039 3400 1100 3464 Dei
1121 3405 1242 3482 pactum
1259 3393 1289 3456 de

236 3495 435 3578 acceptando
458 3516 556 3577 opere
578 3496 619 3560 ad
638 3498 827 3580 praemium.
867 3499 954 3562 Deus
977 3499 1071 3578 enim,
1089 3505 1199 3582 utpote
1218 3493 1288 3558 inde·

235 3595 379 3678 pendens
401 3594 442 3658 ab
464 3593 609 3675 homine,
639 3618 704 3660 non
726 3603 857 3662 tenetur
878 3598 920 3673 ad
940 3597 1122 3680 praemium
1142 3598 1286 3676 acceptare

237 3695 306 3778 ejus
328 3713 436 3788 opera,
461 3713 544 3776 quae
566 3693 628 3758 sibi
652 3694 711 3760 sub
734 3696 882 3778 pluribus
904 3696 977 3761 aliis
999 3697 1176 3761 debeantur
1194 3688 1287 3762 titulis,
1350 3685 1351 3692 ’

235 3801 318 3877 puta
338 3792 445 3858 titulis
468 3794 650 3875 creationis,
671 3796 904 3880 redemptionis
918 3803 986 3862 110.
1029 3794 1213 3880 Requiritur
1229 3787 1286 3853 ideo
1317 3879 1319 3886 y
1350 3869 1351 3882 χ

303 4007 322 4074 ¹)
339 4008 381 4062 De
397 4007 456 4064 vita
472 4012 501 4065 et
516 4009 644 4065 laudibus
661 4010 797 4080 Deiparac
814 4009 919 4068 Mariae
937 4011 1071 4080 Virginis,
1088 3999 1286 4079 praef.pag.13·
1350 3991 1351 4048 i
