2808 4556
779 374 839 434 634

262 538 365 620 ipsius
386 533 530 617 Virginis
553 532 806 616 Conceptionem
835 533 976 612 sancire,
1008 532 1144 597 definire
1174 538 1272 615 atque
1300 533 1345 596 ita

261 633 474 719 pientissimis
493 633 646 698 catholici
665 633 753 699 orbis
775 632 945 698 desideriis
963 632 1171 716 Nostraeque
1193 632 1228 696 in
1245 632 1345 714 ipsam

262 735 501 801 sanctissimam
532 733 699 816 Virginem
730 732 849 814 pietati
888 732 1078 797 satisfacere
1117 751 1155 796 ae
1188 729 1286 795 simul
1315 730 1345 794 in

262 835 338 918 Ipsa
359 833 571 916 Unigenitum
591 832 711 897 Filium
739 852 835 896 suum
860 831 1035 895 Dominum
1055 830 1214 895 Nostrum
1240 830 1346 895 Jesum

264 933 430 998 Christum
448 931 551 1014 magis
572 937 672 1018 atque
694 930 796 1012 magis
814 929 1038 1008 honorificare,
1058 950 1160 1011 quum
1182 929 1217 992 in
1233 928 1346 992 Filium

262 1031 434 1109 redundet,
450 1029 610 1114 quidquid
625 1030 758 1094 honoris
774 1035 807 1093 et
817 1028 925 1092 laudis
941 1029 974 1092 in
985 1028 1127 1093 Matrem
1140 1028 1346 1110 impenditur.

325 1129 432 1207 Quare
453 1135 629 1211 postquam
657 1148 824 1210 nunquam
845 1127 1080 1192 intermisimus
1108 1127 1142 1190 in
1163 1127 1346 1192 humilitate

263 1236 297 1293 et
321 1228 446 1310 jejunio
474 1227 619 1310 privatas
641 1225 780 1290 Nostros
809 1231 843 1290 et
871 1224 1021 1307 publicas
1041 1224 1210 1290 Ecclesiae
1239 1245 1348 1309 preces

264 1327 333 1390 Deo
362 1326 454 1390 Patri
485 1346 545 1407 per
573 1325 693 1389 Filium
721 1325 801 1407 Ejus
833 1324 965 1402 offerre,
999 1331 1037 1389 ut
1067 1324 1211 1406 Spiritus
1241 1323 1349 1390 Sancti

262 1426 384 1490 virtute
416 1429 560 1489 mentem
588 1423 743 1488 Nostram
775 1423 915 1505 dirigere
948 1429 982 1487 et
1014 1421 1207 1487 confirmare
1241 1421 1350 1505 digna-

262 1533 370 1605 retur,
400 1524 575 1607 implorato
604 1524 775 1588 universae
804 1523 955 1587 coelestis
977 1510 1095 1586 Curiae
1123 1521 1292 1603 praesidio
1319 1527 1349 1583 et

262 1623 420 1688 advocato
449 1645 524 1687 cum
552 1622 727 1704 gemitibus
750 1621 913 1685 Paraclito
938 1620 1063 1703 Spiritu
1092 1640 1198 1702 eoque
1228 1620 1277 1684 sic
1299 1617 1350 1682 ad-

262 1723 409 1804 spirante
431 1722 473 1786 ad
494 1722 652 1785 honorem
674 1721 814 1786 Sanctae
837 1726 871 1785 et
891 1719 1082 1784 Individuae
1103 1717 1290 1794 Trinitatis,
1312 1714 1350 1779 ad

263 1820 362 1885 decus
385 1828 418 1885 et
440 1827 668 1885 ornamentum
689 1819 831 1902 Virginis
854 1805 1094 1900 Deiparae,'ad
1117 1815 1350 1880 exaltationem

262 1917 355 1982 Fidei
391 1918 589 1983 catholicae*
609 1925 643 1983 et
675 1917 881 1982 Christianae
913 1916 1092 1998 Religionis
1127 1922 1348 1997 augmentum,

262 2017 462 2081 auctoritate
492 2008 623 2080 Domini
651 2016 765 2080 Nostri
792 2016 871 2081 Jesu
901 2014 1038 2092 Christi,
1068 2013 1245 2078 beatorum
1269 2014 1350 2096 Apo-

262 2115 423 2180 stolorum
444 2115 534 2179 Petri
562 2121 597 2178 et
618 2114 711 2179 Pauli
740 2135 778 2178 ac
808 2114 930 2178 Nostra
959 2112 1178 2191 declaramus,
1209 2131 1350 2195 pronun-

263 2215 383 2279 tiamus
406 2221 440 2279 et
461 2213 633 2278 definimus

326 2312 516 2390 doctrinam,
541 2333 624 2396 quae
646 2317 746 2389 tenet,
776 2310 1001 2375 beatissimam
1021 2309 1191 2392 Virginem
1213 2309 1351 2374 Mariam

262 2411 297 2474 in
313 2410 418 2493 primo
440 2411 577 2476 instanti
598 2431 676 2476 suae
696 2409 926 2492 Conceptionis
947 2408 1047 2473 fuisse
1069 2408 1231 2492 singulari
1253 2408 1352 2474 omni-

262 2510 408 2592 potentis
424 2510 486 2573 Dei
504 2509 610 2592 gratia
629 2516 663 2573 et
679 2507 858 2590 privilegi0,
876 2507 999 2571 intuitu
1017 2506 1212 2570 meritorum
1229 2505 1351 2572 Christi

264 2607 442 2672 Salvatoris
463 2607 597 2672 humani
618 2607 755 2689 generis,
775 2606 817 2670 ab
839 2605 927 2670 omni
949 2605 1116 2688 originalis
1138 2605 1258 2687 culpae
1280 2604 1351 2669 labe

262 2711 509 2788 praeservatam
543 2706 736 2783 immunem,
774 2725 843 2770 esse
879 2725 899 2768 a
930 2704 999 2768 Deo
1036 2703 1217 2768 revelatam
1254 2712 1350 2786 atque

261 2803 384 2868 idcirco
412 2804 453 2868 ab
484 2803 634 2868 omnibus
660 2802 812 2867 fidelibus
837 2801 975 2866 firmiter
1005 2807 1264 2885 constanterque
1288 2822 1352 2866 cre

263 2901 412 2965 dendam.
456 2901 664 2984 Quapropter
692 2901 800 2983 siqui
827 2921 920 2964 secus
948 2921 987 2964 ae
1014 2921 1035 2964 a
1054 2899 1157 2964 Nobis
1179 2900 1352 2966 definitum

262 3006 321 3078 est,
353 2999 442 3082 quod
463 3000 551 3064 Deus
573 3007 714 3078 avertat,
745 2999 1025 3110 praesumpserint
1046 2999 1144 3064 corde
1166 3001 1303 3077 sentire,
1332 3001 1353 3062 ii

262 3099 414 3162 noverint
435 3120 473 3163 ac
494 3120 592 3181 porro
615 3099 730 3177 scient,
753 3119 787 3162 se
809 3097 941 3180 proprio
959 3097 1083 3180 judicio
1105 3097 1350 3165 condemnatos
1392 3167 1393 3172 η

262 3197 515 3280 naufragium
488 3219 575 3262 circa
592 3197 690 3262 fidem
706 3217 820 3280 passos
839 3217 909 3261 esse
928 3202 963 3260 et
979 3196 1021 3260 ab
1039 3196 1111 3260 unit
1097 3201 1168 3260 tate
1184 3196 1351 3261 Ecclesiae
1392 3245 1393 3258 ,

263 3296 420 3362 defecisse
443 3319 480 3362 ac
498 3304 672 3380 praeterea
693 3297 813 3362 facto
804 3317 874 3379 ipso
897 3317 955 3360 suo
981 3301 1085 3360 semet
1102 3295 1218 3376 poenis
1240 3316 1261 3359 a
1280 3296 1350 3378 jure
1392 3297 1393 3394 l

261 3401 368 3460 sttatu
370 3396 396 3459 is
354 3393 497 3479 tsubj'
488 3417 574 3460 rcere
593 3396 621 3460 si
640 3394 727 3478 qnod
745 3394 844 3459 corde
860 3395 1015 3472 sentiunt,
1033 3393 1132 3458 verbo
1142 3399 1210 3459 aut
1228 3395 1393 3476 scripto

262 3493 313 3558 vel
335 3493 399 3558 alio
422 3496 536 3578 quovis
558 3501 694 3559 externo
716 3494 812 3559 modo
835 3492 1018 3576 significare
1040 3491 1112 3556 ausi
1133 3491 1269 3558 fuerint.

324 3592 498 3675 Repletum
531 3594 663 3677 quidem
691 3599 742 3658 est
773 3592 892 3676 gaudio
922 3614 959 3657 os
986 3591 1144 3657 Nostrum
1174 3599 1209 3656 et
1238 3592 1350 3675 lingua

261 3689 384 3756 Nostra
405 3692 617 3770 exultatione,
637 3697 737 3775 atque
756 3689 954 3755 humillimas
976 3689 1201 3772 maximasque
1220 3691 1349 3755 Christo

260 3787 341 3852 Jesu
363 3788 501 3854 Domino
531 3789 651 3855 Nostro
681 3790 807 3872 agimus
836 3794 871 3854 et
899 3809 1027 3871 semper
1054 3809 1189 3871 agemus
1218 3790 1350 3872 gratias.

262 3885 351 3968 quod
383 3887 542 3970 singulari
573 3910 632 3953 suo
665 3886 823 3953 beneficio
855 3881 957 3952 Nubis
991 3887 1071 3952 lieet
1101 3888 1350 3952 immerentibus

261 3987 462 4051 concesserit
482 3987 569 4054 hunc
589 3989 747 4053 honorem
777 3994 877 4072 atque
899 3988 983 4053 hanc
1004 3987 1142 4070 gloriam
1165 3995 1201 4054 et
1220 3988 1350 4054 laudem
