2728 4560
561 335 621 395 263

59 503 196 575 eatenus,
226 501 265 560 ut
286 495 391 577 possit
412 494 511 559 alteri
533 495 612 559 dare
640 494 675 558 in
695 501 891 578 perpetuam
920 495 1006 560 vitae
1028 495 1131 560 socie-

59 603 150 662 tatem
186 601 220 660 et
251 593 350 658 fidem
381 599 495 658 mutuo
534 593 741 672 servandam,
781 594 868 658 sicut
899 594 985 660 alter
1015 600 1131 677 peccet

59 701 160 760 contra
188 694 352 778 justitiam
381 691 481 757 fidem
511 692 689 776 frangendo
722 698 781 756 aut
809 693 895 758 vitae
928 693 1128 759 societatem.

60 795 160 859 Servat
188 794 251 858 sibi
277 793 330 875 jus
359 793 394 856 in
423 793 588 875 copulam,
620 793 706 858 sicut
726 793 831 875 possit
851 801 1051 876 potestatem
1079 795 1131 858 sui

59 893 188 976 corporis
221 892 321 956 alteri
352 891 484 956 tradere
516 913 581 955 non
615 891 658 955 ad
689 893 933 974 generationem
964 893 1065 976 prolis
1096 893 1131 956 in

59 1000 123 1057 actu
153 991 294 1057 secundo
327 991 417 1056 licite
450 991 678 1069 exercendam,
715 990 773 1055 sed
805 991 848 1055 ad
881 1013 952 1056 eam
986 994 1021 1056 in
1053 999 1130 1058 actu

58 1093 148 1173 primo
174 1091 381 1156 retinendam
410 1097 444 1155 et
472 1090 685 1168 exercendam
713 1091 800 1154 circa
827 1091 926 1155 fidem
954 1098 989 1156 et
1016 1091 1131 1156 indivi-

59 1191 142 1255 duam
172 1192 260 1256 vitae
298 1191 506 1254 societatem:
546 1190 706 1254 instantia
744 1197 795 1256 est
826 1190 956 1255 evidens
988 1191 1023 1254 in
1055 1197 1130 1256 voto

59 1291 215 1368 castitatis,
240 1289 328 1373 qnod
349 1287 388 1352 fit
409 1289 496 1352 intra
517 1288 769 1353 matrimonium.

110 1395 137 1453 4.
163 1390 327 1454 Probatur
348 1386 462 1452 eadem
483 1388 604 1451 veritas
621 1388 809 1452 testimonio
832 1411 856 1452 s.
874 1387 1128 1471 Augustini.¹)

59 1489 174 1569 „Etiam
189 1495 320 1553 servata
336 1487 409 1570 pari
426 1507 585 1550 consensu
603 1486 813 1565 continentia,
832 1487 940 1570 inquit
958 1509 981 1551 s.
998 1487 1129 1565 Doctor‚

57 1607 139 1667 posse
159 1608 351 1670 permanere
372 1585 545 1668 vocarique
567 1585 766 1668 conjugium,
788 1607 854 1650 non
874 1587 1038 1668 permixto
1060 1607 1130 1650 cor-

59 1687 136 1766 poris
156 1708 248 1764 sexu,
279 1686 337 1750 sed
359 1684 522 1750 custodito
550 1686 669 1749 mentis
698 1683 850 1750 affectu.“
892 1684 1033 1750 Possunt
1054 1706 1130 1768 ergo

61 1785 197 1868 conjuges
232 1785 442 1849 matrimonio
476 1785 545 1867 jam
583 1790 749 1848 contracto
786 1790 899 1848 votum
934 1783 1131 1866 virginitatis

61 1885 210 1964 emittere,
241 1885 321 1968 quin
349 1885 548 1949 matrimonii
577 1884 718 1948 essentia
749 1905 786 1948 eo
814 1889 938 1966 pereat.
988 1882 1132 1946 Plurima

60 1983 141 2047 nobis
168 1989 282 2048 extant
311 1983 460 2066 exempla
487 1990 675 2048 sanctorum
709 1983 898 2066 conjugum,
932 1981 989 2065 qui
1016 1987 1131 2045 mutuo

62 2102 204 2147 consensu
233 2083 433 2165 virginitatis
461 2089 537 2147 voto
570 2103 639 2147 sese
672 2081 933 2159 obstrinxerunt,
966 2081 1017 2145 uti
1044 2079 1132 2144 infra

62 2180 234 2246 videbimus
280 2181 345 2248 Sed
366 2181 394 2246 si
415 2181 621 2246 matrimonio
644 2181 713 2263 jam
734 2187 902 2246 contracto
930 2180 997 2245 tale
1018 2185 1131 2243 uotum

64 2280 156 2344 emitti
169 2287 279 2364 potest
302 2282 371 2345 sine
393 2281 593 2345 matrimonii
609 2281 814 2359 detrimento,
833 2287 912 2344 tuuc
935 2279 1033 2343 etiam
1054 2285 1132 2342 ante

63 2379 289 2444 matrimonium
320 2379 577 2444 contrahendum
612 2379 879 2462 nupturientibus
910 2379 1132 2461 virginitatem

63 2485 239 2560 perpetuam
259 2499 375 2543 vovere
397 2479 489 2558 licet,
520 2481 599 2563 quin
625 2479 825 2544 matrimonii
848 2479 989 2544 essentia
1016 2499 1053 2544 eo
1076 2477 1132 2543 de-

64 2582 203 2642 struatur.
255 2577 379 2642 Eadem
412 2578 498 2642 euim
530 2584 580 2642 est
611 2578 753 2643 essentia
785 2577 833 2641 rei
864 2578 898 2642 in
929 2576 1001 2642 fieri
1033 2585 1067 2643 et
1097 2579 1133 2642 in

63 2673 137 2742 facto
165 2699 252 2757 esse;
281 2678 310 2742 si
338 2678 406 2742 tale
435 2685 547 2744 votum
577 2700 643 2743 non
671 2684 834 2761 repugnat
861 2675 1069 2742 matrimonio
1097 2677 1133 2740 in

63 2771 137 2840 facto
154 2798 232 2856 esse,
249 2783 329 2841 tunc
345 2777 432 2841 idem
449 2777 622 2842 dicendum
639 2778 702 2842 erit
719 2777 759 2842 de
776 2777 982 2841 matrimonio
999 2777 1034 2840 in
1049 2775 1133 2840 fieri.

115 2875 162 2939 Ad
182 2876 456 2959 speciosissimum
480 2877 562 2940 illud
583 2876 791 2941 beatissimae
812 2875 954 2958 Virginis
976 2881 1010 2939 et
1031 2896 1055 2939 s.
1077 2875 1133 2940 Jo-

65 2973 131 3054 seph
156 2975 341 3057 conjugium
368 2975 484 3040 melius
511 2975 743 3040 illustrandum
768 2976 838 3039 sine
866 2974 965 3039 dubio
987 2995 1052 3038 non
1073 2974 1134 3039 abs

65 3090 91 3134 re
108 3073 173 3152 erit,
193 3095 234 3138 ex
251 3096 386 3139 numero
403 3096 580 3159 permagno
600 3096 712 3140 eorum
734 3075 915 3157 conjugum,
934 3073 990 3157 qui
1007 3081 1134 3155 specta-

64 3167 209 3236 tissimum
226 3173 351 3238 Mariae
370 3180 404 3238 et
416 3174 435 3238 J
438 3173 538 3257 oseph
553 3173 737 3256 exemplum
751 3173 920 3240 imitantes
938 3175 973 3238 in
983 3174 1133 3257 conjugio

65 3281 241 3354 perpetuam
262 3281 471 3339 servaverunt
493 3274 730 3358 virginitatem,
759 3273 887 3356 aliquos
915 3274 1032 3338 saltem
1058 3295 1132 3358 pro-

66 3389 179 3449 ponere.

118 3472 177 3536 Sed
196 3473 288 3555 prius
310 3472 495 3551 audiamus,
526 3472 687 3555 quomodo
715 3494 755 3537 ss.
777 3471 892 3537 Patres
919 3477 953 3536 et
975 3472 1133 3537 Doctores

66 3567 214 3636 Ecclesiae
240 3573 304 3636 hac
333 3572 373 3636 de
401 3593 438 3636 re
466 3571 688 3655 cogitaverint.
733 3572 771 3636 D.
799 3571 1046 3653 Augustinus
1075 3571 1133 3635 im-

67 3669 165 3747 primis
193 3672 296 3749 omni,
330 3692 396 3755 qua
423 3693 484 3754 par
513 3677 581 3749 est‚·
611 3671 706 3736 modo
736 3671 770 3734 in
802 3669 948 3752 epistolis
977 3670 1044 3734 suis
1072 3670 1133 3735 hoc

67 3757 247 3850 virginitatis
289 3770 389 3836 etiam
431 3770 609 3853 conjugalis
649 3777 761 3834 votum
801 3769 916 3834 laudat
954 3769 1133 3854 elevatque.

67 3907 247 3922 5——

125 3986 143 4047 ¹)
161 3979 220 4044 Lib,
238 3987 273 4054 11,
292 3987 327 4041 de
345 4003 470 4041 consens.
487 3986 594 4055 Evang.
613 4003 655 4055 cp.
675 3991 688 4041 1
706 4003 735 4042 n.
750 3989 774 4042 2.
