2730 4564
389 853 631 992 sectio
667 853 734 989 Π.

222 1085 279 1169 DE
305 1083 342 1168 S.
368 1082 577 1166 ΙΙΙΙΙΡΑΙΙΙΙΙ
602 1081 908 1168 ΙΙΙΙΙΙΙΙΝΙΤΔΤΙΙ.

460 1263 555 1329 „Heec
577 1262 665 1317 Deum
690 1223 761 1317 coeli
783 1261 987 1332 Dominamque
1010 1268 1103 1319 terrae

414 1367 416 1372 ·
492 1345 579 1415 Virgo
597 1345 728 1414 concepit
744 1345 908 1415 peperitque
926 1343 1023 1415 Virgo,

461 1430 552 1497 Atque
593 1432 657 1497 port
695 1432 807 1498 pentum
846 1428 950 1482 meruit
989 1445 1101 1484 munere

492 1511 659 1566 Inviolatu.“

728 1575 799 1630 Rab.
817 1575 907 1630 Maur.

93 1711 134 1775 De
163 1711 420 1792 incontaminata
457 1733 481 1776 s.
515 1711 677 1793 Deiperee
709 1707 896 1790 virginitate
927 1713 1104 1790 antequam

49 1810 159 1890 aginus,
187 1811 301 1893 paucis
328 1812 446 1876 saltem
475 1811 633 1876 disserere
662 1808 774 1886 liceat,
803 1807 837 1871 in
865 1828 1005 1890 quonam
1030 1808 1102 1890 pul-

27 1907 198 1975 cherrimae
230 1910 327 1994 hujus
358 1911 489 1976 virtutis
520 1909 678 1976 consistet
714 1912 883 1985 natura,
922 1906 1101 1989 quantique

49 2007 187 2087 ethnici,
222 2009 337 2092 quenti
368 2017 402 2074 et
433 2015 547 2074 vetus
580 2015 614 2073 et
644 2026 785 2071 novum
815 2010 1102 2070 testamentum

49 2125 101 2169 ean
119 2107 254 2173 fecerint
275 2107 470 2191 faciantque.

481 2286 584 2419 Gap.
615 2285 641 2393 Ι.

232 2489 290 2557 nr
312 2489 600 2559 incurrere
622 2489 670 2556 nr
691 2487 883 2557 eumne.

88 2653 237 2732 Cestitnn,
270 2655 305 2719 in
325 2655 457 2739 proprio
479 2676 575 2720 seusu
597 2660 742 2737 sumpta,
776 2654 930 2718 virtutem
943 2652 1100 2736 *designat

47 2752 187 2831 moralem,
220 2775 281 2836 per
309 2777 407 2838 quam
434 2755 475 2819 ab
504 2754 627 2819 illicitis
660 2753 764 2818 cernis
792 2752 1014 2835 voluptatibus
1043 2753 1099 2816 ab·

46 2849 189 2930 stinemus,
211 2852 311 2918 licitis
332 2853 457 2918 modice
479 2854 610 2918 utimur.
654 2852 737 2929 Quia
758 2851 875 2929 virtus,
898 2850 1099 2915 voluntarius

47 2953 79 3011 est
94 2950 235 3030 habitus,
265 2951 300 3015 in
321 2952 442 3031 anime,
470 2959 627 3035 tanquam
648 2952 682 3016 in
709 2950 855 3034 subjecto
878 2971 935 3013 suc
959 2949 1099 3014 existens

47 3041 206 3133 habensque
234 3071 352 3133 corpus
379 3071 439 3133 pro
467 3051 605 3115 materie
633 3057 675 3115 et*
692 3072 752 3133 pro
781 3048 941 3130 subjecto,
971 3048 1005 3112 in
1034 3070 1098 3131 quo

46 3155 196 3213 exercetur.
234 3148 406 3232 Proprium
428 3150 513 3214 enim
534 3157 584 3214 est
601 3151 736 3229 animae,
755 3149 917 3232 corporeis
934 3149 984 3214 uti
1000 3170 1098 3213 mem-

46 3239 90 3309 bris
117 3248 294 3313 secundum
324 3248 485 3313 rationem
517 3270 556 3312 ac
592 3248 723 3313 modum
754 3248 795 3312 ab
828 3247 941 3312 eadem
972 3249 1098 3313 ratione

46 3348 263 3430 praescriptum.
317 3346 497 3430 „castitas
537 3347 645 3431 inquit
678 3347 921 3414 Benedictus
956 3347 1061 3426 xlv„
1073 3347 1097 3432 ¹)

46 3439 119 3510 utus
153 3451 205 3511 est
240 3445 419 3510 cernelium
457 3445 663 3529 voluptatum
700 3447 915 3526 moderatus,
956 3446 996 3511 de
1032 3468 1098 3531 qua

46 3537 246 3626 postolare
284 3544 544 3628 „Mundemus
577 3569 650 3612 nos
684 3547 732 3612 eb
767 3547 874 3613 (imni
907 3547 1097 3630 inquina-

46 3651 145 3710 nento
167 3643 300 3709 caruis
322 3650 361 3710 et
383 3645 574 3728 spiritus“
596 3646 678 3729 et:³)
708 3645 911 3730 „Quietem
932 3653 971 3711 et
992 3652 1097 3711 tran-

50 3769 220 3790 X.—

90 3843 104 3907 ¹)
126 3843 167 3898 De
193 3858 338 3898 servorum
359 3841 412 3896 Dei
433 3843 641 3898 beatificatione
667 3849 696 3899 et
719 3845 865 3900 beatorum
889 3843 1097 3898 canonisaticue

45 3911 77 3971 lib.
89 3921 130 3994 111,
148 3941 192 3995 cp.
209 3925 256 3992 24;
274 3925 324 3980 cfr.
341 3925 422 3980 Aries
439 3923 475 3980 d'e
492 3925 651 3980 Imitetiune
668 3925 699 3981 B.
717 3926 756 3982 M.
773 3927 806 3985 V.
823 3945 851 3998 p.
868 3929 925 3982 185.
964 3927 985 3994 Ι)
1002 3928 1018 3980 2
1035 3925 1097 3980 Cor.

46 3994 86 4068 ΙΙΙ
99 4009 117 4063 1.
151 4010 172 4076 θ)
192 4011 206 4062 1
225 4007 297 4064 nim.
313 4005 351 4074 11,
367 4011 391 4064 2.
