2730 4564
703 359 758 418 132

184 524 329 608 corporis
361 521 462 603 lege.“
493 519 640 585 similia
671 518 772 584 babet
793 535 828 582 s.
861 517 1111 600 Epiphanius
1144 517 1194 582 ita
1228 518 1275 583 lo-

185 623 337 710 quens:¹)
361 621 442 702 „Hic
464 626 522 696 est,
547 618 699 702 quivere
721 618 851 700 aperuit
872 624 1003 682 uterum
1024 615 1169 681 matris.“
1258 615 1259 620 ’

245 724 368 788 Verum
389 720 424 784 hi
446 725 556 783 textus
585 717 618 780 in
641 738 679 781 eo
709 738 805 782 sensu
834 722 910 780 sunt
930 714 1149 798 intelligendi,
1181 714 1273 798 quod

186 824 335 892 Christus
373 819 403 884 b.
442 817 585 900 Virginis
622 822 771 881 uterum·
791 815 973 898 aperuerit,
1014 814 1204 898 praebendo
1225 863 1226 866 η
1244 816 1275 880 ei

185 920 458 996 faecunditatem,
489 917 574 980 sicut
602 914 727 980 dicitur·
751 915 786 978 in
808 915 953 980 Genesis
971 913 1054 978 libro
1068 915 1093 995 2)
1123 913 1276 994 ,vulvam

186 1020 357 1088 claudere“
377 1055 417 1064 -
436 1016 661 1098 „concluserat
680 1016 836 1080 Dominus
859 1036 986 1079 omnem
1005 1013 1135 1079 vulvam
1156 1013 1276 1079 domus
1359 1071 1360 1106 ,

184 1119 375 1187 Abimelech
411 1124 549 1200 propter
587 1117 716 1192 Saram,
758 1135 892 1178 uxorem
930 1113 1102 1178 Abrahae“
1137 1151 1178 1160 —
1217 1115 1276 1197 qui

101 1205 104 1211 ’
184 1220 331 1286 sterilem
353 1217 470 1282 reddit.
513 1215 608 1281 Unde
631 1222 665 1280 et
687 1214 716 1278 d.
740 1214 1003 1296 Hieronymus
1021 1213 1065 1278 de
1087 1213 1275 1296 aperitione

184 1320 298 1386 vulvae
319 1318 479 1401 loquitur:
510 1315 625 1398 ,Solus
648 1313 806 1393 Christus,
829 1313 944 1397 inquit,
954 1314 980 1397 ³)
1010 1313 1137 1379 clausas
1158 1320 1276 1397 portas
1360 1373 1361 1398 ,

184 1419 299 1485 uuluae
331 1415 497 1499 virginalis
534 1413 680 1496 aperuit,
719 1433 802 1496 quae
835 1419 946 1477 tamen
984 1412 1112 1477 clausae
1148 1413 1276 1495 jugiter

185 1516 482 1601 permanserunt.“·
513 1512 627 1596 Neque
657 1512 802 1590 dissona,
833 1532 917 1594 quae
945 1511 1034 1594 apud
1062 1535 1086 1576 s.
1114 1512 1275 1577 Ambro-

186 1617 286 1680 sium
311 1613 475 1697 leguntur.
519 1612 600 1694 ,llic
623 1610 724 1690 solus,
748 1611 862 1676 scribit
884 1610 923 1674 de
946 1610 1118 1693 chrisost)
1142 1614 1276 1695 aperuit

186 1715 251 1780 sibi
272 1714 407 1778 vulvam.
450 1711 518 1776 Nec
546 1711 679 1775 mirum:
710 1711 766 1794 qui
788 1711 874 1775 enim
903 1711 1032 1776 dixerat
1052 1733 1111 1794 per
1132 1713 1276 1796 prophe-

186 1822 269 1879 tam:
303 1812 515 1895 „Priusquam
543 1817 576 1876 te
605 1809 781 1874 formarem
809 1810 843 1873 in
870 1816 979 1888 utero,
1010 1812 1084 1875 novi
1112 1817 1146 1876 te
1177 1819 1211 1877 et
1241 1814 1275 1877 in

187 1913 281 1978 vulva
309 1912 424 1976 matris
457 1909 655 1976 sanctificavi
684 1911 747 1976 te.“
798 1910 860 1988 Qui
889 1931 964 1993 ergo
997 1911 1124 1975 vulvam
1153 1913 1277 1977 sancti·

185 2012 296 2078 ficavit
312 2011 471 2088 alienam,
499 2015 537 2074 ut
557 2015 748 2074 nasceretur
768 2009 937 2092 propbeta,
960 2009 1016 2074 bic
1035 2017 1093 2088 est,
1117 2011 1175 2094 qni
1196 2032 1277 2094 ape·

139 2141 142 2148 ·
185 2112 255 2177 ruit
277 2111 390 2175 matris
419 2130 496 2173 suae
526 2108 668 2187 vulvam,
699 2114 736 2173 ut
764 2108 991 2173 immaculatus
1021 2110 1155 2174 exiret.“
1198 2111 1276 2176 Jam

186 2233 264 2276 vero
298 2211 363 2275 ista
400 2207 527 2292 apertio
559 2207 654 2289 juxta
692 2207 721 2270 d.
754 2207 973 2288 Thomam5)
1012 2229 1078 2273 non
1109 2209 1276 2292 significat

190 2309 326 2374 claustri
346 2307 480 2391 pudoris
509 2307 645 2390 virginei
672 2308 919 2388 reserationem,
950 2306 1007 2372 sed
1036 2308 1143 2372 solum
1171 2309 1278 2392 prolis

189 2409 313 2473 exitum
335 2408 375 2472 de
397 2415 493 2472 utero
513 2407 637 2470 matris.
674 2406 780 2487 Quare
802 2406 889 2471 idem
910 2428 934 2471 s.
953 2407 1186 2473 Ambrosius
1209 2410 1276 2474 alio

185 2506 292 2588 10000)
315 2507 408 2571 dicit:
432 2506 543 2588 ,Bona
564 2512 661 2587 porta
684 2504 797 2583 Maria,
821 2526 904 2588 quac
926 2505 1038 2570 clausa
1059 2513 1130 2571 erat
1152 2514 1189 2572 et
1209 2530 1276 2574 non

190 2605 415 2692 aperiebatur;
437 2603 589 2669 transivit
606 2624 666 2686 per
687 2624 759 2667 eam
776 2603 933 2682 Christus,
951 2605 1091 2670 sednon
1111 2608 1276 2689 aperuit.“

249 2704 312 2790 Hic
333 2710 445 2768 autem
465 2701 659 2780 notandum,
684 2701 853 2769 Christum
871 2703 1055 2781 Dominum,
1079 2705 1142 2769 etsi
1163 2705 1276 2771 clauso

190 2810 285 2868 utero
307 2802 473 2886 peperisse
496 2801 640 2866 dicamus
661 2801 691 2866 b.
711 2801 885 2885 Virginem,
908 2801 1116 2868 nihilominus
1139 2805 1277 2869 eadem

188 2903 314 2968 editum
347 2923 416 2966 esse
445 2901 525 2979 via,
560 2922 625 2983 qua
656 2900 802 2986 reliquae
831 2907 952 2966 matres
981 2923 1056 2967 suos
1083 2905 1277 2986 parturiunt

187 3000 306 3080 foetus,
325 3022 390 3065 non
411 3007 531 3078 autem,
552 3006 590 3064 ut
612 3000 745 3084 quidam
767 2999 965 3080 fabulantur,
984 3023 1044 3084 per
1065 3002 1202 3068 oculos
1225 3003 1277 3069 vel

188 3122 248 3183 per
269 3100 377 3165 latus
398 3099 513 3164 matris
536 3097 681 3164 effusum.
717 3100 871 3165 Testatur
887 3100 948 3165 hoc
970 3123 994 3166 s.
1010 3100 1031 3165 J
1038 3122 1184 3166 oannes
1204 3103 1276 3167 Da·

188 3219 410 3288 massanus:
428 3198 641 3286 ,Conceptia
664 3200 809 3283 inquit,⁷)
832 3200 964 3284 quidem
985 3222 1044 3284 per
1065 3223 1177 3266 aurem
1200 3225 1276 3267 oon-

187 3297 279 3382 tigit;
312 3298 496 3388 procreatio
513 3304 637 3385 ‘autem
658 3320 718 3381 per
746 3306 980 3381 campartem,
1011 3322 1076 3383 qua
1103 3299 1213 3366 foetus
1241 3303 1277 3367 in

187 3397 293 3462 lucem
317 3397 405 3461 exire
428 3401 672 3486 consueverunt.
715 3395 859 3462 Tametsi
884 3419 949 3462 non
971 3399 1090 3478 desint,
1121 3400 1276 3484 quicum

187 3517 248 3578 per
270 3495 332 3560 Dei
352 3496 518 3579 genitricis
540 3495 628 3560 latus
651 3494 782 3560 fluxisse
804 3496 1024 3563 fabulentur.“
1067 3500 1275 3564 Renovavere

190 3595 329 3659 eundem
351 3617 494 3660 errorem
516 3593 761 3676 Anabaptistae.

255 3761 276 3826 ¹)
292 3760 405 3814 Haeres.
424 3760 576 3815 Lxxvru.
619 3761 641 3827 ²)
661 3761 729 3816 Gen.
749 3761 813 3825 XX,
832 3764 871 3817 18.
914 3764 936 3830 ³)
956 3763 987 3817 ln
1005 3763 1116 3831 dialogo
1134 3767 1157 3816 2.
1175 3769 1276 3819 contra

189 3841 282 3908 Pelag.
315 3844 338 3910 ⁴)
356 3840 389 3896 ln
406 3842 473 3896 Luc.
491 3857 534 3912 ep.
553 3843 588 3897 Il.
628 3843 649 3911 ⁶)
667 3844 716 3909 Ill,
736 3863 762 3914 p,
780 3863 806 3916 q.
824 3847 857 3900 28
874 3861 897 3901 a.
914 3849 930 3900 2
948 3846 983 3900 ad
1002 3845 1036 3901 1.Ι
1057 3847 1079 3912 ⁶)
1096 3846 1136 3901 De
1154 3847 1275 3903 institut.

188 3925 268 3994 Virg.
286 3942 328 3994 ep.
346 3928 370 3980 8.
414 3927 435 3991 7)
454 3927 495 3980 De
517 3926 573 3980 fide
596 3926 754 3982 orthodoxa
776 3929 823 3983 lib.
842 3929 895 3993 lV,
919 3945 962 3999 cp.
982 3932 1025 3998 ¹53
1050 3930 1100 3984 cfr.
1118 3931 1275 3986 C'olvenerii

188 4006 389 4063 Kalendarium
406 4007 437 4062 B.
455 4008 493 4062 M.
512 4009 543 4063 V.
563 4013 629 4064 tom.
648 4010 683 4077 ll,
701 4028 727 4079 p.
744 4013 801 4066 418.
