2730 4564
772 329 829 388 110

257 511 316 574 per
343 490 423 554 haec
453 494 594 571 quatuor
620 487 766 568 symbola
795 489 866 570 „via
895 490 1037 571 aquilae,
1068 492 1210 573 colubri,
1243 499 1331 576 navia,

256 589 318 653 viri
338 589 372 652 in
394 585 635 652 adolescentia“
657 586 835 651 secundum
857 588 983 671 aliquot
1001 591 1177 673 scriptores
1198 603 1333 677 quatuor

258 688 437 752 dominicae
459 684 688 767 Conceptionis
709 687 866 768 mysteria
887 686 1067 770 significare
1088 691 1244 757 intendit.
1282 695 1332 759 Via

256 787 317 852 viri
354 787 387 850 in
425 784 645 849 adolescentia
681 791 732 848 est
768 787 936 868 conceptio
974 786 1095 853 Christi
1131 790 1164 852 in
1197 792 1331 875 Virgine,

257 907 340 969 quae
367 905 443 949 vero
473 883 717 948 adolescentula
748 890 811 962 est,
841 884 964 950 femina
991 886 1049 951 illa
1077 888 1183 953 virum
1207 891 1332 955 circnm-

257 986 352 1050 dans:
381 984 443 1048 hoc
469 1004 588 1048 novum
616 983 738 1047 crearit
760 984 848 1048 Deus
876 985 910 1049 in
938 992 1036 1050 terra.
1080 987 1138 1052 Uti
1166 991 1283 1074 aquila
1307 993 1332 1055 in

256 1105 332 1149 acre
349 1083 469 1160 volans,
489 1081 623 1146 coluber
639 1082 785 1164 inpetro
803 1105 929 1167 repens,
946 1085 1037 1149 navis
1055 1085 1090 1149 in
1104 1088 1190 1151 mari
1208 1111 1331 1153 currens

256 1205 316 1248 nec
334 1204 399 1261 aer,
416 1188 552 1264 petram,
570 1201 660 1244 mare
679 1180 827 1246 dividunt
845 1203 905 1246 nec
923 1184 1082 1248 transitus
1101 1185 1151 1249 vel
1169 1187 1331 1252 minimum

256 1284 388 1368 quidem
409 1283 599 1364 relinquunt
620 1281 806 1364 vestigium,
836 1283 885 1347 ita
907 1283 1055 1349 Christus
1084 1293 1266 1368 conceptus
1293 1295 1332 1350 est

257 1384 297 1448 dc
317 1383 450 1465 Virgine
472 1383 541 1446 sine
563 1380 631 1444 ulla
653 1381 848 1463 virginitatis
870 1382 1021 1448 laesione.
1066 1384 1167 1448 Recte
1191 1385 1331 1450 Christus

257 1487 466 1565 comparatur
487 1480 632 1562 aquilae3
661 1480 854 1544 sicutenim
882 1481 1011 1564 aquilae
1040 1482 1167 1546 volatus
1197 1491 1251 1549 est
1271 1506 1330 1566 per-

256 1581 439 1646 nicissimus
467 1579 510 1643 ad
538 1579 718 1643 tollendam
744 1579 915 1661 praedam,
949 1581 997 1645 ita
1026 1581 1175 1647 Christus
1208 1584 1244 1647 in
1276 1605 1330 1649 mo

255 1687 367 1745 mento
397 1679 564 1744 descendit
593 1680 626 1743 in
653 1679 795 1761 Virginis
824 1686 954 1745 uterum
982 1681 1023 1745 ad
1050 1681 1209 1764 praedam
1237 1683 1330 1747 aufer·

255 1781 390 1845 rendam
411 1778 550 1844 diabolo.
594 1777 737 1843 Coluber
763 1779 949 1844 nominatur
970 1780 1118 1845 Christus
1144 1803 1206 1846 seu
1234 1783 1330 1847 colens

256 1880 397 1958 umbras,
418 1879 494 1962 quia
510 1899 569 1960 per
585 1877 867 1942 obumbrationem
885 1879 1025 1961 Spiritus
1043 1901 1066 1943 s.
1084 1881 1334 1963 concipiebatur,

256 1979 316 2042 Est
345 1977 485 2060 denique
516 1976 607 2040 navis
640 1976 708 2040 sine
739 1973 891 2059 vestigio,
925 1978 1002 2060 quia
1034 1977 1170 2043 docente
1206 2003 1231 2045 s.
1262 1971 1334 2054 Am}

256 2077 405 2155 brosio‚
418 2077 442 2158 ¹)
472 2074 622 2157 „homine
645 2081 811 2157 assumpto
833 2075 977 2140 Verbum
1000 2077 1061 2141 Dei
1082 2078 1169 2142 inter
1191 2079 1329 2146 homines

256 2177 402 2241 nascitur
423 2175 492 2250 sine
520 2174 571 2237 sui
593 2173 807 2239 diminutione
835 2182 869 2240 et
890 2175 994 2240 Maria
1020 2184 1156 2259 generat
1176 2179 1250 2243 sine
1272 2201 1328 2243 cor·

256 2274 440 2357 ruptione.“
483 2273 619 2356 Sapiens
649 2294 725 2354 ergo
755 2272 862 2337 dicere
891 2275 1009 2353 voluit,
1040 2297 1074 2340 se
1104 2276 1241 2358 quidem
1269 2300 1327 2360 per·

257 2373 385 2439 difficile
410 2371 496 2436 'scire
518 2392 612 2454 posse
634 2371 718 2435 viam
747 2371 892 2455 aquilae,
923 2374 1007 2438 viam
1036 2375 1162 2438 colubri
1192 2383 1230 2441 et
1257 2378 1327 2441 riam

255 2473 362 2552 navis3
390 2470 447 2536 sed
468 2471 598 2553 penitus
619 2470 778 2552 ignorare,
802 2471 963 2553 quomodo
985 2472 1134 2537 Christus
1155 2474 1327 2540 inclausum

255 2571 398 2655 Virginis
420 2576 552 2634 uterum
573 2570 736 2651 ingressus
761 2575 795 2633 et
817 2570 893 2634 inde
912 2592 1059 2654 egressus
1081 2573 1140 2651 sit3
1163 2574 1325 2656 quomodo,

255 2679 294 2737 ut
315 2693 339 2735 s,
360 2668 594 2749 Bernardi2)
623 2668 731 2732 uerbis
759 2676 907 2749 utamur,
938 2672 1102 2752 „intrante
1131 2679 1167 2738 et
1198 2681 1326 2740 exeunte

256 2770 395 2836 Domino
418 2775 516 2851 porta
538 2767 706 2832 orientalis
727 2767 838 2832 clausa
856 2769 979 2852 jugiter
999 2775 1220 2854 perseveret.“
1332 2853 1333 2862 ἵ

317 2869 427 2933 Etiam
454 2873 570 2930 auctor
597 2864 693 2931 Gale
723 2867 919 2949 Raaeia,³)
952 2870 1052 2935 verba
1080 2893 1178 2954 super
1208 2874 1326 2956 prolata

255 2968 297 3034 ad
318 2967 470 3052 Messinm
492 2965 607 3030 refert:
641 2965 723 3046 „via
752 2964 881 3048 aquilae
908 2968 944 3030 in
971 2969 1068 3034 coelis
1097 2976 1147 3035 est
1173 2993 1234 3036 rex
1256 2972 1326 3036 Mes·

218 3099 221 3102 ·
255 3067 337 3146 sias,
367 3067 423 3150 qui
444 3071 519 3148 post
539 3065 724 3147 passionem
745 3085 837 3129 suam
864 3066 1020 3132 ascendet
1047 3068 1082 3131 in
1110 3070 1255 3150 coelum;
1285 3070 1326 3133 u's

254 3167 345 3231 navis
366 3166 400 3229 in
421 3164 528 3229 inedio
550 3164 662 3242 maris,
691 3163 744 3227 hic
771 3163 886 3227 itidem
908 3170 958 3229 est
984 3187 1042 3230 rex
1063 3167 1215 3248 Messias,
1246 3169 1325 3251 cujus

254 3267 323 3331 vita
351 3266 435 3330 siout
463 3263 554 3328 navis
582 3262 616 3326 in
644 3261 751 3326 medio
780 3263 879 3327 maris
906 3263 1101 3346 agitabitur3
1131 3266 1184 3331 via
1211 3265 1325 3332 colubri

254 3387 354 3449 super
381 3371 524 3447 petram,
553 3361 606 3426 hic
636 3368 687 3425 est
716 3360 815 3425 etiam
842 3361 991 3442 Messias,
1022 3365 1078 3447 qui
1106 3387 1140 3429 se
1168 3366 1272 3431 faciat
1297 3369 1324 3427 nt

255 3464 439 3541 colubrum,
462 3484 559 3545 quem
580 3461 706 3544 Moyses
729 3481 827 3543 super
847 3468 975 3543 petram
995 3465 1119 3546 posuit,
1141 3473 1181 3530 ut
1202 3466 1324 3530 duceret

253 3562 339 3627 filios
360 3561 463 3627 Israel
483 3561 518 3625 in
539 3567 663 3625 terram
684 3565 845 3638 sanctam3
866 3560 918 3624 ria
934 3562 1082 3644 „Ghever
1097 3565 1253 3630 Bealma“
1270 3565 1288 3628 i.
1304 3585 1323 3624 e.

254 3662 315 3726 viri
343 3662 394 3726 vel
421 3660 517 3725 sortis
549 3661 583 3724 in
611 3660 751 3742 virgine,
784 3658 836 3723 hio
867 3681 996 3745 quoque
1028 3672 1079 3730 est
1106 3666 1194 3730 Deus
1224 3683 1332 3738 amans,

321 3892 341 3959 ¹)
358 3891 414 3948 Cir.
428 3891 595 3959 Reismyller
618 3905 722 3943 corona
743 3889 887 3943 stellarum
910 3891 1067 3950 duodecim.
1107 3898 1130 3963 2)
1148 3896 1180 3951 ln
1197 3895 1323 3966 purificat

253 3976 284 4032 B.
302 3975 340 4030 M.
358 3974 392 4033 V.
410 3991 491 4029 serm.
508 3977 532 4029 3.
566 3974 586 4038 ¹⁹¹)
605 3971 689 4042 Apud
707 3971 866 4027 Golatinum
883 3973 932 4031 lib.
950 3975 1012 4043 Vll,
1028 3993 1072 4048 op.
1091 3981 1131 4035 15.
