2730 4564
746 349 806 410 120

231 511 383 595 ceptione
407 509 581 576 concurrit.
621 509 715 588 Quod
735 530 811 576 vero
835 509 878 575 ad
898 510 977 575 rim
997 510 1173 578 activam
1195 512 1320 579 attinet

231 610 430 676 formantem
457 610 648 692 sanguinem
668 616 886 688 menstruum,
915 615 1023 674 totum
1043 610 1151 676 idest
1171 612 1321 678 tribuen-

233 711 310 776 dum
342 709 470 774 divinae
502 709 633 790 virtuti3
669 732 745 775 nam
777 709 865 774 solus
897 709 1038 792 Spiritus
1070 716 1205 776 sanctus
1238 711 1321 776 illud

232 808 357 888 effecit3
390 815 424 873 et
453 829 554 892 quum
583 829 635 872 res
663 805 703 872 de
724 829 815 872 more
836 829 857 872 a
877 807 983 873 forma
1011 808 1259 890 denominetur,
1290 817 1322 876 et

232 909 280 974 vis
312 908 370 974 illa
398 929 497 990 agens
526 907 647 972 habeat
678 928 712 972 so
741 914 893 991 respectu
922 908 1096 987 materiae,
1128 915 1168 974 ut
1197 909 1320 975 forma:

234 1015 325 1073 recte
347 1007 518 1090 conceptio
539 1006 737 1072 absolute
768 1005 890 1071 dicitur
917 1028 1043 1089 supra
1065 1014 1273 1088 naturam,
1296 1010 1321 1074 si

234 1108 366 1192 quidem
395 1107 497 1186 actio,
532 1113 571 1171 ut
598 1105 758 1172 naturalis
787 1107 830 1171 sit
859 1128 897 1182 ac
927 1106 1072 1184 dicatur,
1104 1113 1256 1188 oportet,
1286 1115 1321 1172 ut

234 1207 323 1291 quod
344 1207 427 1290 agit,
459 1206 503 1270 sit
531 1205 682 1271 naturale
711 1211 745 1270 et
773 1206 913 1270 materia
942 1207 1140 1271 naturaliter
1161 1205 1323 1290 disposita

234 1307 253 1370 i.
285 1327 311 1370 e.
341 1327 407 1370 non
438 1305 595 1370 resistens
627 1305 716 1369 ultra
744 1305 827 1370 vires
860 1306 1003 1388 agentis3
1036 1327 1135 1388 supra
1166 1313 1322 1372 naturam

233 1425 309 1469 vero
338 1404 424 1496 actio
454 1404 513 1468 illa
541 1403 678 1482 dicitur,
712 1425 809 1487 quam
838 1425 937 1486 agens
970 1425 1069 1487 supra
1099 1412 1257 1470 naturam
1286 1429 1321 1471 ao

234 1503 380 1568 divinum
407 1502 458 1567 vel
479 1503 514 1566 in
541 1503 680 1567 materia
707 1503 821 1585 inepta
850 1501 962 1582 efficit,
991 1510 1030 1568 ut
1058 1505 1093 1568 in
1120 1504 1320 1570 formatione

233 1603 378 1685 corporis
400 1601 490 1666 Adae
512 1623 553 1666 ex
574 1602 662 1680 luto,
689 1601 777 1684 quod
798 1601 833 1664 in
854 1622 888 1666 se
911 1601 1060 1684 ineptum
1081 1609 1153 1668 erat
1175 1626 1215 1693 ac
1237 1606 1320 1670 rude

233 1700 276 1766 ad
297 1721 415 1784 corpus
435 1701 631 1765 humanum:
660 1700 712 1765 rel
733 1700 798 1764 alio
820 1699 931 1778 mode,
961 1707 1000 1766 ut
1020 1703 1159 1767 materia
1181 1705 1227 1769 sit
1252 1706 1321 1787 qui·

231 1801 309 1866 ‘dem
329 1801 490 1865 naturalis
512 1805 546 1865 et
567 1799 765 1865 naturaliter
790 1805 872 1882 apta
893 1806 993 1883 atque
1016 1800 1191 1884 disposita;
1221 1823 1320 1886 agens

232 1922 309 1966 vero
330 1922 396 1965 non
417 1901 461 1965 sit
481 1891 642 1978 naturale,
665 1899 723 1962 sed
745 1897 891 1962 divinum
918 1920 956 1963 ac
978 1921 1077 1982 supra
1097 1907 1263 1982 naturam,
1286 1909 1321 1966 ut

234 2000 262 2065 si
281 2001 378 2065 homo
405 1999 597 2064 febricitans
617 1997 776 2063 miraculo
798 2019 835 2063 ac
857 2006 992 2081 repente
1019 2006 1154 2064 sanetur
1174 2022 1195 2065 a
1217 2001 1319 2080 febri3

233 2121 309 2164 nam
329 2099 426 2164 homo
449 2104 499 2163 ost
519 2105 640 2163 natura
667 2119 727 2162 sua
754 2097 938 2180 subjectum
966 2097 1173 2182 dispositum,
1204 2107 1244 2166 ut
1269 2124 1320 2166 cu·

234 2205 341 2277 retur,
371 2198 485 2263 eadem
510 2197 640 2262 ratione
661 2202 866 2261 menstruum
886 2196 1011 2262 Mariae
1039 2204 1159 2262 natura
1180 2221 1241 2263 sua
1266 2223 1320 2283 ap-

234 2303 305 2361 tum
324 2302 396 2362 erat
413 2296 456 2360 ad
471 2295 611 2362 formam
627 2296 762 2361 humani
780 2295 925 2379 corporis
943 2296 1180 2380 suscipiendam
1198 2299 1321 2364 virtute

235 2395 366 2460 seminis
387 2394 505 2460 virilis:
535 2394 680 2460 formans
701 2402 812 2460 tamen
833 2394 898 2461 fuit
921 2395 1024 2460 virtus
1046 2396 1163 2476 divina,
1185 2419 1225 2462 ac
1246 2420 1320 2482 pro·

97 2485 99 2489 ’
173 2507 174 2512 ’
234 2494 311 2560 inde
333 2495 503 2578 conceptio
530 2495 604 2578 ipsa
625 2495 748 2560 Christi
767 2517 842 2560 vere
868 2493 934 2559 fuit
953 2494 1062 2560 divina
1089 2500 1189 2578 atque
1211 2499 1321 2579 prodi·

102 2667 111 2686 ·
234 2594 345 2678 gialis,
379 2615 576 2677 quamquam
604 2593 635 2658 b.
657 2592 756 2677 Virgo
779 2593 903 2659 Christi
927 2592 994 2658 fuit
1022 2599 1129 2658 mater
1148 2597 1319 2673 naturalis,

236 2698 270 2758 et
289 2692 443 2782 formatio
467 2692 598 2775 quidem
616 2691 707 2757 Adae
729 2692 916 2776 prodigiosa
935 2691 1001 2757 fuit
1022 2713 1062 2756 ex
1083 2699 1200 2776 agente
1222 2716 1321 2778 supra

234 2797 403 2870 naturam,¹
434 2799 468 2856 et
489 2792 627 2856 materia
655 2792 784 2874 inepta,
814 2813 930 2875 nempe
952 2792 1075 2857 lutum:
1108 2797 1144 2856 at
1164 2790 1319 2858 sonnatio

237 2890 382 2973 corporis
404 2890 526 2955 Christi
547 2896 676 2956 tantum
698 2913 739 2956 ex
759 2892 863 2975 primo
887 2913 987 2974 supra
1007 2897 1159 2956 naturam
1181 2895 1319 2971 exstitit,

236 2989 364 3054 ratione
396 2994 507 3054 tamen
537 2989 667 3055 unionis
700 3012 775 3055 cum
813 2990 923 3055 divina
954 2989 1056 3056 Verbi
1086 2989 1257 3073 hypostasi
1289 2999 1321 3056 et

235 3087 416 3172 gratiarum
447 3087 675 3170 plenitudinis,
709 3089 751 3154 ad
780 3111 879 3173 quam
910 3089 1088 3154 terminata
1119 3095 1170 3154 est
1197 3090 1320 3155 Christi

235 3187 422 3269 conceptio,
452 3187 555 3254 multo
585 3197 641 3254 est.
656 3189 882 3254 admirabilior
909 3194 944 3252 et
965 3189 1191 3269 excellentior,
1223 3213 1320 3274 quam

236 3286 295 3351 illa
315 3285 436 3350 Adae.“
479 3287 647 3352 Hactenus
670 3286 847 3352 Salmeron.
893 3285 1070 3369 Conceptio
1092 3287 1215 3354 Christi
1241 3289 1321 3354 licet

237 3406 313 3468 ergo
344 3406 384 3448 ex
397 3384 554 3467 pluribus
575 3385 682 3450 titulis
703 3386 890 3468 prodigiosa
918 3384 1020 3451 fuerit
1046 3407 1084 3451 ac
1114 3387 1318 3466 miraculosa,

237 3488 393 3566 exparte
414 3490 525 3549 tamen
545 3485 662 3550 Matris
683 3483 791 3568 quoad
813 3483 1031 3548 substantiam
1051 3486 1249 3550 nominanda
1273 3495 1322 3552 est

236 3583 406 3649 naturalis.

300 3688 328 3748 3.
367 3683 491 3748 Jesus
528 3683 724 3748 Christus
763 3703 856 3748 num
890 3683 1031 3766 possit
1067 3683 1152 3747 dici
1187 3683 1320 3748 Filius

239 3782 428 3866 Spiritus
457 3782 620 3847 sancti?

299 3881 572 3964 Respondendum
599 3901 648 3946 ne
656 3881 808 3964 gativo.
851 3881 911 3946 Ille
940 3881 1026 3946 enim
1053 3902 1119 3947 non
1146 3888 1197 3946 est
1220 3881 1320 3946 Filius

238 3981 380 4068 Spiritus
400 4003 435 4060 s.,
459 3980 516 4064 qui
543 3980 578 4044 in
605 3980 853 4046 similitudinem
875 3981 1016 4064 Spiritus
1038 4003 1062 4045 s.
1084 4000 1150 4045 non
1171 3979 1320 4063 procedit
