2728 4554
757 344 817 405 380

248 502 397 568 omnibus
426 502 499 568 aliis
527 501 703 568 virtutibus
732 508 890 568 ornatam.
934 504 1102 581 Quomodo
1131 527 1206 588 ergo
1230 505 1307 572 fimo

244 600 390 682 judicare
408 599 571 684 potuisset
586 601 718 684 judicio,
738 623 811 668 eam
828 609 939 668 votum
959 602 1097 668 violasse
1113 603 1307 670 adulterium·

246 721 309 783 que
332 699 551 765 commisisse?
582 699 655 765 Huc
676 700 812 780 accedit,
836 701 923 784 quod
944 723 968 765 s.
990 701 1128 784 Joseph,
1152 703 1179 767 si
1199 704 1228 768 b.
1248 705 1307 768 Vir-

245 799 352 881 ginem
391 799 432 863 ob
472 798 670 863 adulterium
709 800 875 864 dimittere
914 800 1085 879 voluisset,
1127 823 1199 866 eam
1229 803 1308 885 juxta

245 898 349 980 legem
363 899 387 980 1)
417 921 490 963 oum
510 897 622 962 libello
643 899 773 981 repudii
803 898 970 964 debuisset
990 899 1157 965 dimittere
1185 921 1242 966 nec
1266 923 1307 966 oc·

246 997 333 1062 culte
356 1018 427 1061 eam
449 988 617 1062 dimittere
637 998 808 1080 potuisset
1206 1054 1209 1061 .

306 1095 498 1179 Mysterium
524 1097 762 1164 Incarnationis
794 1118 817 1161 s.
846 1096 988 1180 Josepho
1017 1119 1151 1180 prorsus
1179 1099 1312 1181 ignotum

244 1194 346 1260 fuisse
374 1195 513 1278 ideoque
541 1217 606 1260 non
637 1195 678 1259 ob
705 1195 925 1259 humilitatem
953 1217 1010 1260 seu
1039 1196 1079 1260 ob
1111 1197 1307 1262 reverentiam

247 1316 323 1377 erga
343 1294 566 1359 beatissimam
586 1294 753 1377 Virginem
782 1315 853 1358 eam
881 1295 1046 1360 dimittere
1068 1295 1221 1374 voluisse,
1247 1295 1306 1359 luce

246 1393 365 1458 clarius
394 1413 434 1457 ex
461 1394 568 1458 verbis
589 1393 708 1476 Angeli·
733 1394 775 1458 ad
804 1415 828 1458 s.
850 1393 1027 1476 Josephum
1056 1401 1202 1476 apparet.
1242 1393 1276 1476 ,J
1280 1415 1306 1457 o·

246 1491 356 1574 seph,
386 1491 451 1555 fili
481 1487 811 1575 David,'inquit,²)
843 1493 926 1557 noli
955 1493 1112 1572 timere,
1142 1493 1305 1576 accipere

245 1591 408 1655 Mariam
430 1591 635 1673 conjugem
656 1597 778 1670 tuam;
807 1591 910 1673 quod
933 1591 1034 1655 enim
1056 1592 1168 1662 inea
1190 1598 1305 1656 natum

246 1695 321 1768 est,
355 1690 399 1754 de
430 1689 585 1772 Spiritu
617 1695 755 1754 sancto
789 1690 878 1754 est.“
911 1678 1070 1772 'Angelus
1099 1711 1174 1754 eum
1200 1691 1305 1773 primus

245 1788 341 1854 docet
362 1789 551 1872 mysterium
579 1787 619 1852 de
647 1787 859 1870 conceptione
881 1787 1088 1866 miraculosa,
1120 1809 1197 1870 ergo
1223 1810 1245 1852 s.
1263 1787 1305 1852 Jo-

246 1887 327 1969 seph
370 1887 452 1951 illud
496 1893 594 1951 antea
638 1886 783 1950 nescivit.
851 1885 885 1951 Si
928 1908 952 1950 s.
993 1886 1116 1968 Joseph
1161 1887 1305 1951 dimittere

244 1986 399 2051 voluisset
435 1986 467 2050 b.
500 1984 682 2074 Virginem,
723 2006 820 2067 quam
859 2006 879 2048 a
911 1975 1097 2066 Spiritus.
1135 1991 1305 2068 conceptam

245 2085 390 2164 sciverit,
421 2084 563 2168 Angelus
591 2083 634 2147 ad
662 2082 885 2166 repellendum
913 2084 982 2167 ejus
1011 2084 1164 2148 timorem
1190 2104 1305 2167 prorsus

244 2185 354 2267 inepte
383 2184 534 2248 dixisset:
567 2182 696 2264 ,Quod
727 2183 827 2246 enim
858 2182 897 2245 in
926 2203 970 2246 ea
1003 2189 1139 2246 natum
1168 2190 1240 2261 est,
1269 2181 1304 2244 de

246 2283 400 2366 Spiritu
446 2287 584 2347 sancto
633 2282 723 2346 est.“
786 2281 816 2346 S.
855 2281 978 2363 Joseph
1019 2288 1098 2346 tunc
1144 2281 1305 2346 certissime

244 2381 481 2464 respondisset:
514 2381 583 2445 Imo
611 2385 747 2463 propter
774 2379 858 2445 hanc
891 2401 1021 2445 oausam
1053 2401 1126 2445 eam
1158 2381 1304 2445 dimittere

244 2479 385 2562 obligor3
424 2479 592 2562 indignum
624 2480 710 2544 enim
740 2500 792 2544 me
823 2479 928 2544 habeo
960 2479 1115 2544 familiari
1152 2502 1224 2544 cum
1256 2477 1304 2543 tali

242 2599 382 2660 persona
402 2578 619 2661 insignissima
640 2576 862 2643 contubernio.

309 2677 425 2759 Opinio
447 2677 528 2742 haec
556 2698 706 2760 magnam
734 2699 863 2760 quoque
892 2677 1027 2742 ascribit
1055 2700 1078 2742 s.
1101 2678 1240 2761 Josepho
1259 2676 1304 2739 in·

242 2776 460 2858 prudentiam.
515 2775 548 2840 Si
587 2777 673 2840 enim
711 2776 921 2859 conceptione
958 2776 1156 2842 miraculosa
1193 2777 1303 2860 cognita

141 2919 143 2923 -
242 2874 274 2938 b.
296 2873 462 2956 Virginem
482 2873 638 2939 voluisset
660 2874 839 2953 dimittere,
861 2895 926 2938 non
947 2874 1052 2938 solum
1073 2876 1303 2958 grandissimum

242 2971 324 3036 illud
345 2972 533 3054 mysterium
554 2973 703 3061 omnibus
723 2963 975 3051 notum'faoere,
996 2974 1053 3038 sed
1071 2975 1173 3056 etiam
1189 2973 1301 3058 publico

241 3071 436 3136 intendisset
448 3073 567 3154 exponi
583 3073 757 3155 opprobrio
774 3094 812 3137 ac
829 3073 1031 3155 contemptui
1044 3073 1213 3156 conjugem
1227 3088 1301 3136 suan

309 3238 330 3304 ¹)
349 3237 397 3304 „si
415 3239 555 3308 acceperit
568 3237 651 3293 homo
668 3255 784 3292 uxorem
802 3242 831 3292 et
847 3238 977 3292 habuerit
991 3253 1052 3290 eam
1070 3242 1099 3292 et
1112 3255 1168 3292 non
1184 3232 1303 3290 invenerit

241 3321 361 3390 gratiam
383 3327 448 3376 ente
474 3324 568 3376 oculos
593 3323 650 3391 ejus
673 3327 789 3391 propter
813 3322 933 3389 aliquam
958 3320 1133 3375 foeditatem:
1159 3319 1257 3374 scribet
1276 3313 1300 3366 li·

241 3403 345 3479 bellum
361 3404 486 3472 repudii,
512 3409 540 3459 et
557 3404 637 3459 dabit
653 3405 682 3457 in
699 3422 782 3458 manu
804 3405 892 3469 illius,
918 3408 947 3457 et
964 3403 1088 3456 dimittet
1106 3419 1167 3456 eam
1185 3402 1219 3455 de
1234 3401 1300 3453 domo

241 3487 315 3540 sua.“
349 3486 460 3541 Deuter.
479 3487 577 3552 XXlV,
594 3491 616 3542 l.
650 3487 789 3541 Libellum
806 3486 880 3539 hunc
898 3486 1008 3555 publice
1026 3501 1119 3538 coram
1135 3485 1226 3552 judice
1242 3479 1300 3535 etin

240 3569 330 3623 forma
347 3569 494 3638 judiciaria
522 3570 618 3624 dotum
643 3569 742 3633 luisse,
770 3576 841 3623 teste
864 3570 973 3622 Beoauo
994 3568 1139 3636 (Analogia
1164 3565 1258 3620 veteris
1276 3574 1300 3612 ³0

240 3652 306 3706 novi
322 3651 493 3706 Testamenti
510 3669 572 3720 pag.
585 3654 635 3706 425
651 3652 718 3707 edit.
732 3651 905 3716 Leodiensis)
923 3649 1073 3706 verisimile
1091 3656 1142 3715 est,
1160 3649 1220 3716 quia
1235 3645 1299 3698 dctus

240 3735 293 3789 fuit
310 3751 403 3788 coram
424 3735 542 3789 testibus
566 3739 594 3789 et
614 3735 680 3804 quia
703 3735 778 3803 apud
794 3735 932 3788 Romanos
956 3733 1104 3802 repudium
1125 3733 1209 3785 fiebat
1223 3740 1298 3782 coram

236 3817 341 3888 judice,
354 3823 386 3872 ut
399 3822 477 3886 patet
493 3836 528 3872 ex
542 3818 603 3886 jure
621 3818 696 3871 civili
710 3818 752 3872 tit.
765 3817 800 3871 de
812 3817 950 3882 divortiis,
963 3817 1011 3870 ubi
1025 3815 1108 3868 etiam
1122 3814 1190 3868 haec
1202 3807 1298 3866 formula

239 3898 315 3965 apud
332 3900 469 3953 Romanos
491 3900 594 3954 usitata
616 3917 678 3966 „res
695 3905 756 3954 tuas
778 3906 889 3966 curato,
910 3915 955 3953 res
976 3905 1038 3954 tues
1060 3899 1113 3952 tibi
1136 3898 1248 3952 babeto“
1263 3890 1297 3942 de·

240 3981 379 4036 scribitur.
412 3982 433 4049 2)
450 3982 550 4038 Matth.
567 3982 589 4048 l,
606 3986 647 4038 20.
