2730 4564
719 362 777 421 134

205 543 266 588 nec
298 522 333 586 in
364 526 463 604 partu
496 519 674 603 quidquam
708 520 829 586 doloris
862 521 1048 586 existeret.“
1099 521 1292 588 Plenissime
1357 506 1361 527 ¹

204 621 294 686 hisce
316 619 480 686 consentit
502 618 651 684 Ductor
671 618 901 704 Angelicus:
924 620 1047 702 „Dolor
1063 622 1292 705 parturientis,

204 720 328 802 inquit,
343 719 366 801 ¹)
409 723 563 783 causatur
602 739 641 782 ex
680 720 848 801 apertione
889 712 1070 798 meatuum,
1110 741 1170 804 per
1210 713 1294 804 quos

204 819 312 901 proles
341 817 522 901 egreditur3
556 817 680 882 dictum
709 825 758 882 est
788 825 913 896 autern,
944 819 1032 902 quod
1061 818 1213 884 Christus
1244 826 1294 884 est

111 979 112 984 ,
206 939 354 1002 egressus
377 937 424 982 'ex
452 916 562 981 clauso
593 922 687 982 utero
715 916 847 995 Matris,
879 924 912 982 et
942 918 987 982 sic
1015 917 1106 982 nulla.
1134 918 1294 984 violentia

205 1015 385 1098 apertionis
422 1021 589 1080 meatuum
621 1014 668 1078 ibi
699 1014 803 1081 fuerit*
838 1023 872 1081 et
902 1021 1038 1098 propter
1069 1017 1130 1082 hoc
1166 1017 1201 1081 in
1236 1018 1293 1083 illo

203 1121 302 1198 partu
330 1114 439 1180 nullus
470 1113 535 1178 fuit
567 1113 673 1191 dolor,
707 1115 792 1179 sicut
820 1136 880 1179 nec
909 1115 1020 1197 aliqua
1051 1116 1254 1199 corruptio.“
1268 1120 1292 1198 2)

206 1215 369 1280 Probatur
390 1215 491 1279 thesis
513 1219 625 1278 nostra

268 1318 296 1378 3.
329 1313 487 1378 ratione
516 1312 753 1396 theologica.

267 1412 415 1477 Christus
448 1433 488 1476 ex
519 1411 651 1494 Virgine
685 1413 775 1476 nasci
811 1413 945 1494 potuit
980 1413 1105 1495 hocque
1142 1412 1291 1479 decuit.
1363 1420 1364 1423 ’

204 1511 330 1591 Potuit,
366 1511 638 1594 quemadmodum
671 1513 756 1576 enim
784 1534 804 1576 a
832 1513 970 1577 mortuis
1003 1511 1165 1577 redivivus
1188 1535 1213 1578 e
1244 1535 1292 1578 se-

204 1610 318 1693 pulcro
358 1632 504 1693 egressus
543 1618 592 1675 est
625 1632 684 1675 nec
721 1611 869 1676 revoluto
908 1611 1033 1694 lapide,
1072 1632 1135 1693 quo
1169 1613 1293 1676 ostium

96 1742 105 1751 *-
189 1710 406 1774 monumenti
428 1709 643 1775 claudebatur
664 1731 738 1788 nec,
766 1710 880 1775 fractis
902 1710 1032 1793 sigillis,
1063 1731 1146 1792 quae
1164 1710 1292 1786 ¹Judae-

205 1830 298 1873 orum
315 1809 478 1892 principes
500 1807 542 1872 ad
560 1808 703 1891 lapidem
723 1817 953 1892 apposuerunt,
972 1810 1021 1873 ita
1039 1809 1139 1873 etiam
1160 1810 1292 1875 illibato

205 1907 401 1990 virginitatis
430 1908 571 1972 claustro
595 1929 612 1972 e
634 1909 776 1992 Virginis
806 1909 879 1973 sinu
905 1908 1035 1991 prodire
1057 1907 1175 1990 potuit.
1221 1909 1292 1974 Hoc

206 2029 281 2072 vero
303 2007 642 2072 convenientissimum
662 2006 778 2084 fuisse,
810 2029 833 2071 s.
856 2007 1020 2073 Thomas
1048 2007 1146 2071 variis
1169 2009 1292 2089 probat

205 2106 395 2184 rationibus,
405 2109 430 2187 3)
453 2128 533 2188 quas
555 2106 686 2184 silentio
708 2109 887 2194 praeterire
909 2129 974 2172 non
995 2128 1183 2190 possumus:

267 2207 331 2287 ,Et
359 2228 386 2270 a.
421 2206 567 2290 quidem,
603 2207 679 2288 quia
709 2207 770 2271 hoc
802 2206 1009 2289 competebat
1039 2205 1292 2288 proprietati

205 2305 299 2388 ejus
324 2304 390 2388 qui
411 2305 662 2382 nascebatur,
686 2306 743 2389 qui
764 2313 814 2370 est
831 2306 976 2370 Verbum
997 2305 1068 2370 Dei.
1103 2295 1192 2369 ¹Nam
1209 2305 1291 2370 Ver·

204 2402 283 2467 bum
305 2424 369 2467 non
398 2402 503 2467 solum
524 2403 559 2466 in
588 2403 684 2468 corde
711 2403 835 2486 absque
864 2404 1071 2486 corruptione
1094 2403 1290 2486 concipitur,

205 2501 263 2566 sed
290 2503 389 2566 etiam
417 2501 540 2584 absque
570 2503 777 2585 corruptione
806 2525 845 2567 ex
874 2503 970 2567 corde
991 2502 1148 2585 procedit.
1193 2503 1290 2570 Unde

204 2607 242 2665 ut
263 2600 498 2678 ostenderetur,
519 2601 606 2684 quod
627 2601 709 2666 illud
732 2608 817 2666 esset
838 2623 955 2684 corpus
978 2601 1079 2684 ipsius
1096 2601 1198 2666 Verbi
1218 2603 1289 2680 Dei,

204 2701 396 2764 conveniens
412 2699 484 2777 fuit,
502 2707 539 2763 ut
557 2699 596 2763 de
614 2700 802 2782 incorrupto
816 2701 959 2783 Virginis
975 2707 1070 2764 utero
1088 2709 1290 2766 nasceretur.

180 2811 182 2815 ’
265 2798 295 2862 b.
325 2799 394 2864 Hoc
413 2806 463 2864 est
483 2799 683 2875 conveniens,
705 2805 864 2882 quantum
882 2799 924 2863 ad
946 2798 1137 2863 effectum
1158 2798 1291 2864 Incar-

151 2921 153 2924 ·
204 2897 381 2960 nationis
409 2896 570 2962 Christi.
615 2897 699 2962 Nam
719 2897 762 2962 ad
783 2897 844 2961 hoc
870 2898 966 2974 venit,
989 2903 1027 2962 ut
1048 2903 1197 2961 nostram
1220 2921 1290 2964 cor-

204 2995 389 3076 ruptionem
410 2995 556 3060 tolleret:
586 2994 671 3060 unde
694 3018 759 3060 non
780 2995 845 3060 fuit
866 2995 1074 3072 conveniens,
1098 3002 1136 3060 ut
1157 2985 1290 3081 virgini-

203 3100 308 3158 tatem
328 3094 442 3158 matris
464 3094 624 3159 nascendo
648 3101 880 3178 corrumperet.

266 3214 291 3256 c.
325 3181 401 3256 Fuit
430 3194 637 3271 conveniens,
669 3216 708 3258 ne
739 3193 879 3258 matris
907 3193 1095 3257 honorem
1123 3197 1289 3260 nascendo

204 3289 456 3370 diminueret,
480 3293 537 3374 qui
558 3283 711 3375 parentes
733 3299 945 3376 praeceperat
965 3292 1205 3384 honorandos.“

263 3389 300 3453 In
334 3391 482 3456 omnibus
512 3391 633 3457 Christi
661 3393 823 3474 mysteriis
856 3391 1009 3456 divinitas
1039 3400 1071 3457 et
1099 3392 1289 3458 humanitas

203 3489 340 3570 exprimi
369 3489 552 3555 debuerunt
579 3499 612 3556 et
641 3490 809 3556 declarari.
856 3491 890 3556 Si
918 3491 1068 3556 Christus
1095 3512 1185 3554 more
1217 3514 1289 3557 cae-

270 3755 288 3817 1Ι
308 3755 355 3819 ΙΙΙ,
374 3774 399 3825 p.
417 3773 442 3824 q.
463 3757 573 3819 XXXV,
591 3773 613 3809 a.
632 3758 656 3809 6.
698 3757 720 3819 ²)
740 3755 794 3810 (fr.
814 3755 908 3809 Ambr.
927 3756 956 3808 in
975 3755 1017 3808 Ps.
1035 3758 1080 3820 47;
1106 3755 1193 3824 Greg.'
1209 3757 1289 3825 Nysa.

203 3843 271 3890 orat.
292 3843 300 3890 l
322 3837 357 3891 da
381 3840 529 3892 resurrect.
551 3837 664 3904 Christi3
690 3837 852 3903 Fulgentius
876 3839 905 3890 in
928 3855 1010 3890 serm.
1034 3837 1068 3890 de
1092 3837 1236 3892 Laudibus
1259 3840 1288 3892 B.

204 3919 240 3972 M.
260 3919 296 3986 V;
322 3921 482 3974 Damascen.
501 3921 535 3974 de
553 3919 609 3973 fide
627 3918 735 3973 orthod.
755 3920 801 3974 lib.
823 3920 868 3984 tv,
888 3936 931 3988 cp.
952 3923 992 3986 15;
1022 3920 1161 3988 Rupertus
1180 3922 1210 3974 in
1229 3923 1288 3976 loe.

202 4005 251 4059 lib.
270 4010 308 4060 13.
342 4007 363 4072 ³)
381 4005 431 4069 ΙΙΙ,
450 4021 468 4071 p
495 4022 521 4071 q.
539 4002 669 4068 hh'Vlli,
687 4009 738 4056 art.
756 4008 772 4056 2
790 4005 817 4056 in
836 4021 910 4070 corp.
