2730 4564
744 386 802 446 146

231 547 352 613 munda
381 548 444 613 erit
473 553 598 630 septem
627 545 773 610 diebus.“
822 545 912 610 Haeo
940 551 1064 625 autem,
1095 571 1198 633 quum
1226 551 1302 616 facta

232 647 276 712 sit
306 646 526 712 Emmanuelis
558 651 664 710 mater
701 645 786 710 sine
824 644 985 724 semine,
1023 668 1105 729 pura
1130 657 1302 734 sanctaque

232 752 266 812 et
296 746 493 811 intemerata
524 751 592 825 est3
624 745 689 809 imo
721 749 937 827 posteaquam
969 743 1086 810 effecta
1117 756 1224 814 mater
1253 757 1300 827 est,

233 846 340 912 adhuc
360 847 455 929 'virgo
477 845 688 929 permansit.“
732 844 838 922 Quare
866 845 968 909 etiam
993 866 1017 909 s.
1039 846 1302 930 Bernardus,¹)

231 944 431 1027 „Mariam'a
451 945 523 1027 lege
544 942 683 1007 liberam
703 942 786 1006 nibil
806 942 842 1006 in
863 948 1037 1025 conceptu,
1059 945 1142 1010 nihil
1163 947 1197 1011 in
1218 953 1303 1030 partu

184 1033 189 1038 ¹
231 1045 411 1127 impurum,
451 1043 604 1107 illicitum
639 1047 738 1125 atque
769 1040 976 1124 purgandum
1005 1041 1159 1110 habuisse
1191 1047 1302 1122 scribit,

230 1144 296 1208 imo
335 1143 436 1208 etiam
472 1142 543 1224 ipso
581 1139 790 1204 immaculato
821 1146 920 1223 partu
951 1142 1159 1224 purissimam
1194 1127 1304 1211 factam

232 1265 318 1322 esse,
349 1264 432 1326 quae
462 1242 549 1308 sicut
576 1262 642 1305 non
662 1240 804 1304 humana
827 1239 899 1324 lege
928 1250 1123 1324 conceperat
1142 1243 1303 1322 hominen,

230 1343 276 1408 sic
299 1348 333 1408 et
352 1343 439 1407 inter
459 1342 583 1407 viscera
603 1340 728 1404 intacta
750 1345 784 1405 et
804 1340 962 1422 integra.“

292 1442 338 1507 dt
365 1462 481 1525 quare,
514 1439 689 1524 purissima
715 1438 831 1520 Virgo,
865 1459 949 1522 quae
977 1461 1042 1504 non
1072 1460 1112 1504 ex
1139 1443 1224 1521 viro,
1257 1439 1305 1507 sed

233 1540 374 1624 Spiritus
406 1562 430 1605 s.
463 1540 585 1605 virtute
622 1539 801 1621 concepisti
831 1560 891 1604 nec
923 1547 1074 1622 suscepto
1106 1543 1229 1608 semine
1259 1563 1305 1626 pe-

230 1641 363 1724 peristi,
398 1661 482 1724 quae
513 1639 628 1722 purior
659 1637 821 1703 sideribus
852 1638 1030 1722 puriorque
1060 1638 1154 1706 fuisti
1186 1641 1307 1725 Angelis

214 1737 319 1822 ipsis,
339 1738 431 1822 cujus
448 1741 563 1804 uterus
581 1737 728 1802 nesciens
746 1737 853 1802 virum
870 1737 1028 1820 templum
1045 1737 1153 1805 factus
1177 1748 1226 1806 est
1244 1739 1305 1817 Dei,

232 1859 333 1923 quare
354 1839 421 1903 illis
441 1837 645 1921 purgationis
666 1838 701 1901 te
723 1836 891 1919 subjecisti
912 1836 1051 1902 ritibus?

292 1937 473 2003 Audiamus
509 1937 734 2001 Doctorem
770 1934 1017 2021 Angelioum
1053 1937 1305 2020 respondentem.

205 2038 345 2121 „Sicut
373 2036 542 2121 plenitudo
574 2036 714 2118 gratiae,
747 2034 904 2118 inquit,¹)
937 2055 958 2099 a
986 2034 1116 2101 Christo
1150 2036 1309 2102 derivatur

232 2137 267 2200 in
287 2142 440 2215 matrem,
470 2135 519 2200 ita
548 2134 672 2213 decuit,
702 2140 741 2198 ut
766 2139 873 2198 mater
893 2132 1073 2198 humilitati
1100 2134 1161 2199 filii
1190 2136 1308 2201 confor-

232 2233 395 2315 maretur3
435 2233 673 2317 ,humilibus
706 2232 807 2296 enim
840 2231 943 2296 Deus
975 2232 1044 2298 dat
1076 2235 1308 2317 gratiam.“²)

232 2334 278 2399 Et
309 2333 382 2398 ideo
415 2334 501 2398 siout
529 2333 691 2410 Christus,
724 2331 803 2396 licet
832 2352 899 2395 non
933 2339 1020 2396 esset
1050 2332 1115 2416 legi
1147 2335 1307 2410 obnoxius,

232 2432 337 2499 voluit
350 2427 351 2430 '
364 2438 476 2497 tamen
505 2431 784 2497 circumcisionem
816 2436 850 2496 et
876 2429 942 2494 alia
969 2429 1050 2514 legis
1079 2452 1180 2497 onera
1207 2433 1309 2498 subire

233 2532 275 2597 ad
307 2531 554 2615 proponendum
584 2529 781 2596 humilitatis
819 2535 853 2595 et
884 2528 1090 2595 obedientiae
1124 2533 1307 2614 exemplum,

233 2637 267 2697 et
297 2637 338 2697 ut
367 2631 565 2730 approbaret
596 2630 716 2714 legem,
750 2627 790 2693 'a
820 2633 859 2693 ut
895 2627 1077 2694 calumniae
1113 2632 1309 2696 occasionem

231 2731 366 2797 ludaeis
393 2731 539 2796 tolleret:
568 2735 705 2814 propter
725 2728 863 2793 'easdem
890 2728 1034 2794 rationes
1061 2730 1166 2796 voluit
1194 2738 1227 2796 et
1247 2751 1308 2794 ma·

232 2839 317 2896 trem
339 2851 431 2895 suam
451 2831 588 2914 implere
608 2828 689 2912 legis
711 2827 949 2908 observantias,
980 2828 1098 2912 quibus
1119 2835 1230 2894 tamen
1250 2850 1310 2895 non

232 2936 304 2993 erat
326 2928 496 3002 obnorria.“¹

295 3031 323 3091 3.
353 3026 564 3093 Helvidius
591 3025 755 3109 duplicem
780 3025 956 3108 praecipue
978 3025 1167 3108 Scripturae
1188 3034 1311 3093 textum

232 3125 275 3191 ad
306 3126 527 3210 virginitatem
565 3149 588 3192 s.
625 3126 786 3208 Deiparae
822 3124 1005 3209 negandam
1041 3122 1181 3208 urgebat
1217 3133 1251 3193 et
1279 3127 1310 3190 in

232 3247 329 3291 suum
350 3215 569 3310 detorquebat
590 3247 728 3292 sensum.

294 3345 323 3389 a.
357 3325 502 3407 ,Quum
528 3329 635 3390 esset
664 3323 908 3406 desponsata
929 3327 1056 3388 mater
1085 3323 1171 3406 ejus
1192 3322 1313 3388 Maria

163 3506 165 3510 Α
231 3423 389 3506 loseph,
412 3425 594 3509 antequam
616 3421 845 3510 convenirent,
868 3421 1031 3486 inventa
1058 3427 1119 3486 est
1138 3421 1179 3487 in
1200 3429 1312 3488 utero

231 3520 384 3587 habens
412 3522 458 3587 de
487 3523 643 3605 Spiritu
670 3522 875 3604 sancto.“³)
935 3603 939 3611 ⁸

292 3620 323 3685 b.
364 3622 433 3704 ,Et
466 3644 542 3687 non
578 3621 847 3704 cognoscebat
883 3641 980 3699 eam,
1019 3619 1125 3688 donee
1159 3619 1316 3703 peperit

230 3718 363 3784 filium
385 3741 496 3785 suum
517 3718 854 3808 primogenitum.“⁴)

298 3950 318 4019 1)
334 3950 386 4018 111,
400 3969 465 4021 aq.
480 3919 688 4020 suavinus.
703 3952 752 4019 ιν,
767 3970 791 4008 0.
824 3952 846 4020 ²)
860 3952 956 4030 saeos.
970 3951 1018 4019 ιν,
1032 3955 1056 4008 e.
1090 3949 1111 4018 8)
1129 3947 1259 4016 natur,
1273 3949 1316 4002 ιε.

229 4032 253 4100 ⁴)
270 4032 369 4090 Matth.
388 4035 410 4102 1,
427 4037 468 4091 25.
