2728 4560
550 342 609 402 251

58 499 165 576 Quibus
195 501 397 583 praenotatis
428 491 554 566 textus
571 523 731 585 exponere
763 503 920 586 allegatos
952 504 1040 570 haud
1062 503 1124 568 dff-

57 596 128 662 ficile
148 599 217 663 erit.

108 699 196 777 Quod
215 699 387 782 Origenem
408 701 536 780 attinet,
556 722 631 766 eum
651 723 786 766 numero
808 702 940 768 illorum
961 703 1123 768 ascribere

58 819 226 879 possumus,
258 799 314 882 qui
335 800 365 864 b.
387 800 555 882 Virginem
575 801 719 866 nondum
748 802 955 867 matrimonio
975 803 1123 884 junctam

58 904 176 978 putant,
212 899 264 964 vel
294 900 453 964 terminus
489 901 611 981 ,ux0r“¹
645 901 754 966 innuit
786 900 874 984 apud
906 922 980 965 cum
1011 902 1123 966 matri-

59 996 185 1060 monium
213 998 481 1063 consummatum.
524 999 671 1064 Eandem
699 1000 968 1082 significationem
988 1021 1067 1082 prae
1089 1022 1123 1066 se

58 1093 154 1160 lerunt
173 1096 271 1160 verba
292 1096 500 1176 Tertulliani,
530 1099 587 1180 qui
608 1105 801 1180 perpetuam
829 1120 853 1162 s,
878 1098 1039 1180 Deiparae
1061 1099 1124 1162 vir-

59 1193 212 1273 ginitatem
244 1195 468 1262 demonstrare
502 1197 565 1262 sibi
597 1198 776 1281 proposuit.
831 1197 922 1263 idem
953 1197 1125 1262 dicendum

60 1291 92 1356 de
111 1295 292 1359 testimonio
314 1317 338 1360 s.
360 1296 479 1360 Hilarii
505 1297 704 1379 designantis
726 1297 864 1361 termino
888 1297 1037 1377 „uxoris“
1059 1318 1124 1360 non

59 1392 268 1458 tantummodo
300 1401 438 1477 nuptam
465 1417 525 1478 per
555 1396 654 1461 verba
686 1397 726 1460 de
754 1396 919 1479 praesenti
950 1396 984 1460 in
1012 1396 1126 1460 matri·

59 1491 154 1556 monio
175 1497 264 1570 rato,
295 1493 474 1559 sedetiam
503 1495 537 1558 in
558 1495 764 1580 matrimonio
790 1495 858 1578 jam
887 1501 1124 1574 consummat03

59 1589 123 1654 ideo
142 1591 171 1655 b.
192 1592 358 1675 Virginem
380 1594 554 1675 ,uxorem“
577 1614 647 1658 esse
668 1594 786 1659 merito
808 1595 946 1676 negavit.

112 1689 139 1754 S.
159 1689 361 1772 Epiphanius
383 1692 586 1775 apertissime
612 1715 632 1756 a
653 1693 786 1774 Virgine
808 1693 980 1775 ,nuptias“
1002 1691 1124 1773 rejecit,

59 1787 87 1850 in
113 1797 265 1871 quantum
291 1791 354 1855 hac
382 1811 459 1855 voce
491 1811 569 1855 usus
600 1791 740 1873 conjugii
768 1797 979 1869 connotatur3
1012 1789 1126 1854 eadem

61 1906 203 1954 excausa
232 1889 261 1953 d.
285 1889 501 1972 Hieronymus
523 1889 655 1970 nuptias
677 1910 697 1953 a
723 1889 754 1952 b.
777 1889 910 1971 Virgine
932 1884 1125 1952 amovendas

62 2006 119 2050 esse
146 1994 264 2052 censet.
312 1988 467 2052 Testante
500 2009 523 2052 s.
554 1986 783 2070 Chrysostomo
812 1986 1019 2069 Evangelista
1051 2007 1126 2050 con-

59 2083 153 2166 jugem
180 2087 361 2152 nominavit
388 2108 555 2169 sponsam,
586 2107 650 2169 quo
680 2083 886 2167 significarit,
913 2107 979 2150 non
1006 2084 1126 2149 intelli-

62 2185 183 2264 gendam
204 2207 274 2251 esse
296 2191 485 2267 corruptam
506 2184 540 2248 in
560 2184 776 2250 matrimonio.
818 2183 919 2250 Juxta
940 2182 969 2247 d.
990 2182 1127 2266 Chryso-

62 2281 156 2365 logum
172 2307 233 2350 vox
252 2284 429 2367 ,maritus“
452 2283 588 2349 denotat
607 2284 774 2366 conjugem
791 2288 867 2366 post
885 2281 1127 2346 matrimonium

61 2380 116 2462 jam
144 2389 416 2462 consummatum,
449 2405 511 2447 vox
539 2383 821 2465 ,sponsustvero
853 2382 1023 2464 conjugem
1051 2386 1127 2445 ante

63 2483 246 2548 matrimonii
274 2483 592 2560 consummationem.
637 2482 667 2547 S.
690 2481 891 2564 Augustinus
918 2479 1128 2571 reprehendit

64 2577 80 2640 l.
99 2602 121 2644 c.
142 2582 362 2661 Manichaeos,
387 2583 443 2666 qui
465 2582 679 2660 asseruerint,
710 2601 845 2646 uxorem
865 2601 931 2645 non
952 2579 995 2644 ad
1015 2578 1127 2642 matri-

64 2681 150 2744 monii
175 2681 286 2761 fidem,
320 2682 377 2746 sed
410 2681 452 2746 ad
481 2681 763 2764 concupiscentiae
796 2679 915 2744 crimen
944 2676 1128 2742 habendam

65 2797 137 2859 essc3
158 2781 305 2847 odiosum
322 2781 387 2846 illis
409 2787 489 2860 erat,
509 2781 684 2863 ,feminam
704 2779 837 2858 nubere,
856 2785 894 2843 ut
911 2784 1018 2842 mater
1038 2775 1127 2840 fiatf‘
1165 2856 1167 2860 .

65 2876 199 2946 attendit
220 2903 244 2944 s.
265 2881 388 2946 Doctor
407 2879 449 2945 ad
466 2880 510 2958 id,
530 2879 618 2963 quod
636 2879 670 2942 in
687 2877 893 2943 matrimonio
913 2874 1129 2940 communiter

65 2976 231 3044 intenditur
251 2985 419 3062 tamquam
449 2978 600 3058 effectus;
629 3000 695 3043 non
722 2985 832 3042 tamen
853 2997 912 3058 per
932 2974 993 3039 hoc
1015 2973 1129 3052 voluit,
1165 3016 1167 3019 .

66 3079 140 3157 quod
167 3079 293 3144 animus
319 3079 433 3143 utendi
455 3078 603 3161 conjugio
631 3076 674 3142 ad
695 3075 916 3159 suscipiendos
943 3073 1064 3138 liberos
1086 3072 1130 3137 sit

66 3173 99 3238 de
112 3177 296 3242 substantia
306 3177 358 3242 vel
373 3178 413 3242 de
431 3178 559 3242 ratione
579 3176 744 3241 essentiali
762 3173 970 3240 matrimonii,
998 3173 1034 3243 S.
1052 3172 1130 3236 Ber-

66 3277 171 3342 nardus
191 3284 339 3342 veterum
364 3283 495 3359 patrum
517 3297 587 3340 sese
615 3274 871 3360 accommodavit
892 3271 1129 3350 consuetudini,

67 3377 158 3441 omnia
185 3395 301 3459 nempe
329 3375 570 3441 obscurioribus
598 3375 752 3456 obtegere
780 3371 959 3450 vocabulis,
990 3371 1131 3453 quaein

66 3474 253 3541 auditoribus
279 3475 349 3540 suis
378 3474 554 3557 voluptatis
582 3473 740 3556 igniculos
771 3472 913 3537 excitare
935 3470 1129 3554 potuissent.

67 3569 212 3640 Probatur
232 3573 373 3639 Mariani
394 3570 593 3638 matrimonii
613 3571 733 3637 veritas

118 3679 143 3737 3.
179 3696 223 3738 ex
250 3660 418 3738 ratione.
468 3672 520 3736 Ad
547 3670 746 3736 matrimonii
768 3669 917 3744 ,valorem
948 3688 1048 3750 quum
1078 3687 1131 3730 ex·

67 3769 183 3850 plicitus
196 3774 238 3840 in
260 3772 488 3838 commercium
516 3771 646 3836 carnale
672 3791 845 3835 consensus
865 3767 996 3848 minime
1024 3765 1133 3848 requi·

68 3875 160 3951 ratur,
198 3878 310 3936 votum
349 3870 569 3936 continentiae
608 3890 629 3934 a
667 3891 691 3933 s.
727 3868 869 3950 Deipara
908 3869 1132 3946 nuncupatum

28 4041 29 4044 Ἴ
68 3969 237 4037 pubetenus
268 3969 462 4054 repugnavit
490 3959 712 4045 matrimonio,
744 3987 810 4031 nec·
835 3965 894 4031 illa
925 3965 960 4028 in
990 3963 1051 4028 hoo
1083 3961 1134 4026 in-
