2728 4560
741 318 802 378 264

226 471 421 544 Gratulatur
430 475 454 560 ¹)
482 497 530 560 vg.
552 475 760 544 Armentario
779 483 824 549 ,et
844 477 1016 557 Paulinae,
1046 478 1135 562 quod
1155 499 1293 544 consensu

227 583 262 643 et
281 576 450 642 voluntate
473 577 636 642 communi
657 577 879 642 continentiae
900 583 1013 642 votum
1034 578 1213 658 emiserint,
1232 578 1292 644 illos

225 676 269 742 ad
290 683 402 743 votum
431 674 635 740 reddendum
662 675 816 740 hortatur
846 681 880 741 et
901 677 935 740 in
954 675 1020 741 fine
1049 677 1206 760 epistolae
1233 679 1292 743 sub·

222 775 351 858 jungit:
395 774 467 857 ,Sit
508 780 617 840 vester
658 795 833 840 consensus
875 775 999 840 oblatio
1042 775 1085 840 ad
1127 798 1293 860 supremum

226 874 333 940 altare
366 873 531 940 creatoris
567 880 600 939 et
636 875 723 941 victa
759 875 1023 958 concupiscentia
1057 881 1153 940 tanto
1184 875 1291 954 furtim,

230 980 352 1057 quanto
380 973 525 1038 sanctius
552 974 717 1038 vinculum
745 974 923 1039 caritatis.“
966 974 1142 1057 ,Beatiora
1169 976 1294 1058 appellat

227 1074 386 1158 conjugia,
405 1094 489 1155 quae
508 1073 575 1137 sive
592 1071 668 1137 filiis
686 1073 877 1155 procreatis,
896 1073 962 1137 siue
982 1074 1081 1138 etiam
1099 1075 1165 1140 ista
1182 1082 1294 1140 terrena

226 1172 319 1256 prole
351 1177 554 1254 contempta,
593 1172 828 1236 continentiam
859 1173 947 1236 inter
983 1193 1018 1237 se
1049 1173 1123 1255 pari
1154 1195 1293 1238 consensu

228 1292 357 1336 servare
379 1270 614 1353 potuerint.“2)
656 1270 695 1334 ln
727 1270 865 1353 epistola
894 1270 936 1334 ad
957 1270 1156 1354 Ediciam:³)
1188 1271 1292 1355 ,Quod

228 1369 350 1453 inquit,
374 1370 443 1434 Deo
465 1369 539 1452 pari
561 1390 720 1434 consensu
743 1369 839 1434 ambo
861 1369 1037 1449 voveratiS,
1066 1377 1294 1452 perseveranter

228 1474 332 1552 usque
354 1468 388 1532 in
408 1467 507 1532 finem
528 1467 665 1532 reddere
687 1469 783 1532 ambo
813 1468 987 1549 debuistis;
1016 1491 1036 1533 a
1058 1491 1122 1553 quo
1144 1469 1292 1553 proposito

230 1568 257 1634 si
278 1568 388 1650 lapsus
411 1573 461 1632 est
481 1566 546 1646 ille,
569 1573 607 1631 tu
628 1566 746 1632 saltem
767 1568 1028 1633 constantissime
1049 1571 1246 1652 persevera.“

290 1666 479 1732 Plenissime
502 1665 665 1730 consentit
686 1687 710 1730 s.
733 1665 1046 1750 Hieronymus'e)
1081 1667 1173 1747 Quia,
1195 1665 1292 1750 inquit,

232 1767 289 1851 qui
316 1767 419 1832 semel
438 1766 533 1832 duxit
553 1785 701 1844 uxorem,
731 1765 795 1830 nisi
824 1785 864 1830 ex
892 1786 1050 1830 consensu
1078 1787 1114 1830 se
1135 1786 1199 1830 non
1223 1765 1294 1828 ualet

228 1866 395 1932 abstinere
413 1887 472 1931 nec
491 1866 569 1931 dare
587 1864 760 1946 repudium
777 1885 842 1928 non
859 1865 1026 1947 peccanti:
1048 1864 1167 1930 reddat
1185 1861 1294 1946 conjugi

230 1965 393 2046 debitum,
416 1965 493 2050 quia
514 1970 630 2048 sponte
652 1985 687 2044 se
709 1964 868 2047 alligavit,
898 1971 936 2030 ut
956 1963 1093 2029 reddere
1112 1961 1293 2047 cogeretur.“

230 2066 269 2130 In
291 2064 432 2148 epistola
455 2069 507 2129 14:
531 2063 672 2146 ,Reperi
694 2085 769 2128 vero
791 2069 839 2142 te,·
857 2062 973 2145 inquit,
995 2063 1077 2127 miro
1098 2062 1177 2127 fidei
1196 2061 1294 2127 ardore

230 2186 419 2230 succensam
446 2163 574 2246 aliquot
598 2163 666 2245 jam
695 2168 775 2227 ante
803 2183 905 2227 annos
934 2162 1170 2226 continentiam
1196 2179 1294 2244 propo·

229 2263 332 2330 suisse
362 2269 396 2328 et
422 2262 585 2345 reliquum
615 2263 702 2327 vitae
731 2267 809 2326 tuae
838 2267 967 2345 tempus
994 2261 1174 2344 pudicitiae
1201 2278 1295 2325 conse·

230 2383 347 2427 orasse.
397 2360 508 2445 Magni
537 2360 599 2426 hoc
630 2361 732 2426 animi
763 2361 890 2444 signum
922 2366 957 2426 et
982 2359 1150 2444 perfectae
1181 2355 1295 2423 virtutis

227 2460 385 2526 indicium
406 2466 465 2540 est,
487 2459 675 2526 renuntiare
697 2460 805 2526 subito
831 2466 986 2544 expertae
1007 2459 1177 2542 voluptati,
1198 2457 1294 2539 lugere

227 2566 325 2626 notas
347 2559 454 2624 carnis
474 2558 646 2625 illecebras
675 2565 710 2626 et
730 2559 867 2624 calentis
895 2559 1002 2624 adhuc
1023 2558 1143 2622 aetatis
1165 2556 1294 2622 flammas

227 2658 306 2724 fidei
332 2679 443 2724 amore
471 2659 681 2743 restinguere.
726 2658 790 2726 Sed
810 2658 894 2724 illud
920 2679 1049 2743 quoque
1078 2657 1175 2723 simul
1202 2652 1294 2729 didici,

231 2757 319 2842 qnod
340 2779 393 2823 me
422 2779 488 2823 non
509 2756 719 2823 mediocriter
746 2757 838 2840 angit
865 2763 900 2823 et
920 2757 1081 2836 stimulat,
1103 2764 1138 2822 te
1163 2753 1296 2820 videlicet

228 2862 358 2921 tantum
379 2854 448 2921 hoc
461 2855 583 2922 bonnm
604 2856 728 2940 absque
750 2877 910 2922 consensu
932 2863 966 2922 et
983 2863 1080 2941 pacto
1102 2857 1164 2922 viri
1184 2871 1296 2921 servare

229 2955 391 3039 coepisse,
430 2977 530 3040 quum
563 2956 625 3022 hoc
663 2957 844 3040 apostolica
883 2957 1011 3022 omnino
1049 2956 1223 3022 interdicat
1250 2975 1295 3017 eu·

229 3054 402 3120 thoritas.“
832 3102 834 3106 -

290 3155 404 3239 Neque
421 3155 551 3222 silentio
567 3157 749 3240 praeterire
769 3156 856 3236 licet,
876 3155 964 3240 quod
979 3155 1041 3220 hac
1063 3154 1103 3219 de
1129 3176 1166 3220 re
1183 3176 1206 3219 s.
1218 3153 1293 3218 Gre-

229 3253 399 3338 goriusr)
422 3255 587 3322 docuerit:
616 3257 673 3341 ,Si
693 3257 863 3340 utrisque,
885 3257 1012 3341 inquit,
1035 3257 1213 3334 conveniat,
1234 3272 1295 3318 con·

229 3353 390 3418 tinentem
410 3355 512 3422 vitam
529 3357 662 3422 ducere:
684 3357 746 3422 hoc
767 3356 841 3440 quis
862 3356 984 3422 audeat
1001 3376 1165 3433 accusare,
1183 3349 1295 3438 quando

230 3459 356 3518 comum
378 3461 436 3533 est,
460 3456 547 3540 quod
568 3457 773 3541 omnipotens
794 3455 897 3534 Deus,
921 3455 978 3539 qui
998 3455 1125 3520 minora
1145 3449 1295 3525 concessit,

229 3552 354 3636 majora
389 3575 457 3620 uon
487 3556 676 3639 prohibuit?
694 3633 699 3641 ἐ
717 3557 762 3622 Et
798 3554 930 3639 quidem
966 3554 1087 3620 multos
1120 3553 1294 3620 Sanctorum

228 3712 425 3724 unu—...-

298 3802 318 3870 ¹)
339 3801 429 3871 Epist.
451 3803 663 3858 rosunum.
704 3803 725 3870 ²)
747 3801 808 3859 Lib.
830 3803 852 3870 Ι,
876 3802 912 3858 de
934 3819 1016 3858 serm.
1033 3801 1146 3856 Domini
1167 3801 1195 3855 in
1214 3799 1293 3852 monte

229 3899 273 3953 cp.
291 3885 366 3938 1411.
384 3886 431 3939 39.
457 3885 479 3952 ⁸)
496 3884 586 3954 Epist.
606 3885 660 3941 199.
696 3887 718 3952 ⁴)
737 3884 769 3940 ln
786 3885 905 3955 Apolog.
922 3902 973 3956 pro
990 3885 1039 3944 lib.
1056 3884 1119 3940 adv.
1136 3883 1292 3940 Jovinianun

229 3965 267 4021 ed
283 3965 500 4023 Pammachium.
532 3968 554 4038 ⁶)
572 3968 633 4024 Lib.
653 3968 700 4035 lll,
717 3984 761 4038 cp.
778 3971 821 4025 39.
