2728 4560
549 334 607 394 187

50 502 82 560 ut
101 517 123 560 s.
144 493 278 559 Praesul
298 492 517 576 Hipponensis
538 493 619 560 haec
640 492 828 572 tradiderit,
850 497 888 558 ut
908 499 1021 576 aperte
1043 514 1117 558 con·

50 595 176 660 trarium
204 593 352 659 docuerit
380 592 527 671 dicens,“
538 593 562 676 ¹)
594 593 727 657 beatam
755 591 921 675 Virginem
943 592 1013 676 jam
1040 599 1117 658 ante

50 693 322 777 desponsationem
364 691 507 756 vovisse“
550 690 762 774 intelligendo
806 690 976 770 absolute,
1018 713 1119 774 quum

50 793 176 876 duplicis
207 792 275 856 voti
302 812 322 854 a
348 790 378 854 b.
402 790 534 873 Virgine
564 791 674 855 emissi
700 811 867 874 nunquam
894 789 1010 856 fecerit
1030 811 1119 855 men·

50 892 169 956 tionem.
212 891 265 955 Ita
294 888 394 954 etiam
422 909 533 953 omnes
561 910 601 954 ss.
624 888 756 967 Patres,
785 888 815 952 b.
838 888 980 971 Virginis
1008 895 1119 954 votum

50 996 281 1074 propugnantes
305 988 441 1053 denno
469 986 743 1052 tantummodo
771 1007 895 1071 eoque
922 987 1118 1067 absoluto,

49 1110 235 1172 nunqnam
271 1088 316 1152 de
354 1087 632 1152 conditionato
669 1093 760 1151 voto
791 1085 978 1169 loquuntur.
1033 1088 1118 1171 Ergo

49 1188 109 1253 sine
128 1188 201 1271 ullo
217 1187 430 1252 fundamento
453 1185 517 1250 duo
538 1186 573 1250 in
601 1207 625 1250 s.
649 1184 792 1268 Deipara
819 1192 1014 1250 astruuntur
1034 1191 1118 1250 vota.

101 1286 173 1352 Iam
189 1308 290 1368 supra
306 1285 345 1350 de
361 1292 436 1350 voto
453 1284 639 1367 suspensive
657 1290 690 1348 et
705 1284 880 1350 resolutius
897 1285 1119 1350 conditionate
1167 1355 1168 1359 ,

49 1384 258 1450 disseruimus.
300 1384 422 1449 Votum
449 1383 708 1448 conditionatum
736 1382 771 1447 in
800 1405 896 1449 sensu
918 1386 1032 1450 stricto
1053 1407 1120 1450 non

48 1491 147 1564 potest
174 1482 350 1560 nominari,
380 1482 444 1546 nisi
470 1488 581 1547 votum
609 1481 670 1545 sub
700 1481 932 1548 conditione
961 1506 1120 1567 snspen-

48 1583 155 1650 dente
183 1585 345 1649 emissum.
390 1582 454 1648 Sed
475 1582 542 1648 tale
564 1588 676 1647 votum
696 1603 716 1646 a
741 1604 766 1646 s.
789 1582 932 1665 Deipara
953 1603 1120 1666 nunquam

48 1689 261 1766 nuncupatum
293 1687 351 1746 est.
406 1681 541 1764 Semper
574 1681 660 1745 enim
695 1681 839 1747 intendit
869 1681 994 1760 facere,
1032 1682 1121 1765 quod

48 1781 216 1861 perfectius
238 1801 307 1846 esse
329 1779 475 1858 videbat,
505 1801 621 1862 nempe
643 1800 677 1844 se
699 1779 845 1862 obligare
866 1780 909 1845 ad
929 1780 1121 1845 servandam

48 1879 272 1962 virginitatem,
303 1879 405 1944 donec
429 1879 517 1943 Deus
539 1878 630 1942 alind
654 1878 868 1958 ordinaverit,
896 1879 947 1944 uti
968 1899 1120 1962 expresse

48 1978 135 2044 docet
162 2001 298 2063 magnus
319 1978 516 2062 Aquinas:²)
544 1977 758 2043 Perfectionis
787 1999 888 2061 opera
913 1979 1016 2061 magis
1043 1983 1121 2043 sunt

48 2077 232 2156 laudabilia,
266 2078 294 2142 si
323 2099 363 2142 ex
390 2083 466 2141 voto
495 2075 716 2155 celebrentur3
749 2076 919 2159 virginitas
948 2083 1059 2141 autem
1086 2077 1121 2140 in

48 2176 143 2242 Matre
173 2178 235 2242 Dei
262 2176 437 2260 praecipue
466 2175 580 2240 debuit
607 2175 730 2258 pollere
763 2181 797 2240 et
824 2175 897 2240 ideo
926 2175 1119 2240 conveniens

47 2275 112 2356 fuit,
134 2285 172 2342 ut
192 2276 362 2360 virginitas
384 2275 454 2358 ejus
476 2296 517 2339 ex
536 2280 612 2339 voto
637 2281 723 2340 esset
744 2275 814 2339 Deo
836 2275 1055 2340 consecrata.“

101 2376 197 2457 ,Tale
219 2381 331 2440 votum
351 2379 495 2440 testante
523 2373 703 2456 Suarezr)
735 2394 853 2455 parum
882 2373 993 2439 differt
1020 2395 1040 2438 a
1065 2373 1121 2438 de-

49 2473 159 2539 siderio
181 2473 333 2552 vovendi,
363 2479 398 2537 et
418 2473 564 2556 quamvis
585 2493 699 2537 revera
719 2472 845 2556 aliquid
865 2473 982 2553 addat,
1010 2480 1121 2539 tamen

48 2591 100 2652 per
126 2594 161 2637 se
189 2572 352 2656 loquendo
380 2593 446 2636 non
476 2579 562 2637 esset
582 2572 724 2655 prudens
753 2572 890 2637 vovendi
917 2572 1032 2637 modus
1059 2573 1120 2638 snb

49 2670 225 2737 conditione
258 2671 462 2754 dependente
494 2677 529 2736 et
559 2671 653 2755 quasi
684 2675 878 2754 expectante
907 2671 969 2735 Dei
999 2670 1121 2736 revela-

47 2768 171 2836 tionem.
222 2770 330 2848 Quare
358 2792 424 2836 non
451 2777 502 2835 est
529 2769 719 2848 verisimile,
748 2769 834 2834 hunc
862 2769 963 2834 fuisse
991 2791 1122 2836 sensnm

48 2889 69 2931 s.
94 2870 234 2935 Vhomae
262 2891 322 2934 nec
350 2869 530 2953 prudenter
556 2890 651 2952 posse
679 2869 743 2933 hoc
771 2869 811 2934 de
838 2869 970 2952 Virgine
998 2870 1121 2934 sentiri.

48 2966 124 3032 Nam
152 2991 266 3034 revera
294 2969 370 3034 talis
398 2969 513 3034 modus
541 2968 678 3033 vovendi
705 2968 835 3033 videtur
861 2988 930 3032 esse
959 2967 1123 3051 quoddam

48 3087 140 3148 genus
174 3066 324 3133 tentandi
357 3068 461 3132 Deum
495 3074 529 3132 et
561 3066 658 3132 nimis
692 3067 819 3132 curiose
851 3067 1038 3150 inquirendi
1067 3089 1149 3134 vo-.

48 3164 201 3234 luntatem
230 3168 307 3252 ejus.
351 3166 475 3244 Quodsi
500 3165 638 3232 sortasse·
668 3165 792 3245 dicant,
822 3165 853 3229 b.
876 3166 1042 3249 Virginem
1067 3188 1122 3231 vo-

49 3264 125 3330 visse
155 3265 211 3330 illo
240 3266 337 3332 modo
366 3287 406 3329 ex
427 3265 561 3348 speciali
583 3263 724 3347 Spiritus
753 3285 777 3328 s.
800 3263 958 3330 instinctu
985 3287 1043 3331 seu
1071 3286 1122 3330 re-

48 3362 212 3443 velatione,
231 3371 266 3430 et
282 3364 360 3448 qnia
377 3386 417 3429 ex
432 3385 550 3447 magna
567 3363 794 3428 familiaritate
813 3385 886 3429 cum
903 3364 972 3429 Deo
990 3371 1122 3430 assueta

49 3469 114 3527 erat
141 3463 191 3528 his
220 3464 474 3529 revelationibus
503 3463 620 3528 divinis
648 3468 682 3526 et
710 3483 744 3528 se
773 3483 793 3526 a
816 3462 884 3527 Deo
913 3463 1123 3546 singulariter

48 3561 111 3643 regi
131 3560 201 3626 lere
222 3562 258 3626 in
279 3563 428 3628 omnibus
449 3562 547 3628 rebus
569 3561 816 3644 experiebatur:
839 3561 867 3626 si
887 3561 958 3640 hoc,
979 3563 1122 3645 inquam,

49 3657 185 3740 dicatur,
220 3682 321 3744 quum
348 3660 438 3726 nullo
465 3659 559 3725 firmo
587 3659 814 3739 fundamento,
849 3659 907 3724 sed
935 3659 1123 3743 conjectura

48 3810 239 3822 ———---

110 3893 130 3961 ¹)
150 3894 190 3948 De
207 3892 315 3962 Virgin.
332 3907 376 3962 cp.
392 3892 417 3947 4.
458 3891 480 3959 ²)
499 3889 552 3956 111,
574 3909 602 3962 p.
619 3908 645 3960 q.
663 3889 786 3958 XXVIII,
811 3907 836 3946 a.
852 3891 868 3943 4
885 3891 915 3970 in
932 3905 1009 3958 corp.
1051 3889 1072 3957 θ)
1091 3889 1124 3944 ln

48 3974 94 4043 Ill,
110 3994 139 4047 p.
155 3982 219 4031 tom.
237 3975 274 4029 11.
291 3993 317 4045 q.
334 3974 451 4042 XXVIII,
469 3980 537 4031 sect.
554 3975 590 4031 11.
