2730 4564
764 369 821 428 172
845 429 849 435 .

1358 487 1359 510 r

204 523 207 531 ’
252 529 286 593 in
308 528 412 593 veteri
429 528 500 612 lege
518 528 630 607 multo,
649 534 825 612 antequam
842 529 1032 594 beatissima
1046 529 1146 614 Virgo
1168 532 1309 614 apparuit,
1358 511 1359 580 l

252 627 362 710 plures
378 628 439 692 viri
456 629 562 693 sancti
577 627 772 711 virginitatis
790 629 938 694 custodia
953 629 1095 713 insignes
1113 632 1310 714 reperiuntur,

252 727 303 792 uti
324 749 423 810 supra
442 727 590 793 vidimus.

314 825 381 890 Nec
410 827 655 891 Deuteronomii
668 827 692 910 ¹)
725 826 815 893 locus
847 827 887 892 de
916 828 1105 912 accipienda
1136 828 1249 894 fratris
1274 829 1313 893 de·

252 924 358 990 functi
374 947 475 990 uxore
492 925 534 990 ad
550 925 790 1009 suscipiendum
806 925 902 991 fratri
918 948 975 991 suo
993 947 1111 1006 semen,
1130 948 1168 993 eo
1187 934 1313 1012 tempore

251 1025 472 1108 virginitatem
493 1047 558 1090 non
576 1026 782 1090 aestimatam
802 1024 903 1088 fuisse
922 1024 1134 1090 demonstrat.
1173 1026 1229 1108 ,Si
1247 1026 1314 1090 enim

252 1130 464 1206 praeceptum
484 1123 600 1188 fuisset
622 1123 761 1188 ducendi
781 1144 915 1188 uxorem
936 1123 1050 1188 fratris
1071 1125 1210 1203 mortui,
1233 1124 1314 1188 anim·

253 1221 396 1287 advertit
416 1223 639 1306 Vasquez,²)
668 1223 796 1306 gravior
822 1223 939 1288 saltem
960 1243 1065 1305 poena
1085 1222 1315 1307 transgressori·

253 1320 315 1385 bus
347 1322 498 1405 apposita
527 1321 655 1401 fuisset,
689 1323 775 1387 sicut
805 1322 840 1385 in
871 1322 943 1386 aliis
972 1322 1165 1405 praeceptis.
1215 1321 1314 1396 Verba,

221 1474 223 1478 .
254 1440 338 1502 quae
359 1419 456 1485 vidua
476 1416 600 1485 nolenti
621 1421 725 1502 ipsam
746 1420 781 1484 in
801 1441 935 1485 uxorem
959 1419 1077 1485 ducere
1099 1420 1191 1498 dixit,
1211 1419 1316 1484 nullam

253 1516 420 1582 infamiam
462 1517 646 1600 significant
686 1519 876 1604 nullumque
917 1525 1089 1602 peccatum
1131 1518 1235 1598 illius,
1273 1515 1316 1600 qui

253 1616 422 1681 mulierem
442 1615 533 1680 illam
552 1619 699 1698 nolebat,
722 1618 834 1683 sedin
856 1620 983 1702 signum
1004 1619 1159 1683 cessionis
1182 1618 1316 1683 diceban-

252 1722 317 1781 tur.
365 1715 426 1782 Vel
458 1722 547 1780 certe
575 1718 603 1781 si
633 1724 804 1800 peccatum
835 1718 937 1782 ullum
968 1723 1028 1781 aut
1058 1716 1195 1782 infamia
1221 1718 1254 1781 in
1280 1736 1316 1791 eo,

255 1817 312 1900 qui
339 1816 442 1881 nollet
470 1837 604 1881 uxorem
631 1816 744 1881 fratris
774 1816 905 1895 ducere,
935 1815 1068 1881 concedi
1097 1815 1209 1896 debet,
1238 1817 1270 1880 in
1290 1835 1318 1878 eo

255 1915 360 1980 solum
381 1914 588 1980 concedenda
609 1922 673 1994 est,
702 1915 758 1998 qui
779 1915 881 1980 nollet
903 1935 975 1980 eam
996 1914 1157 1996 accipere,
1186 1936 1224 1980 eo
1246 1912 1320 1998 quod

254 2016 354 2081 vellet
384 2015 482 2080 aliam
515 2014 647 2093 ducere,
680 2035 745 2078 non
778 2020 902 2092 autem,
939 2014 1015 2097 quia
1046 2013 1145 2078 vellet
1176 2014 1322 2078 coelibem

254 2115 354 2179 vitam
382 2127 504 2196 agera
535 2113 650 2197 Neque
679 2112 764 2177 enim
791 2111 947 2176 credibile
976 2118 1053 2191 est,
1070 2113 1175 2197 legem
1203 2111 1323 2179 Domini

252 2213 355 2277 ullum
384 2212 426 2277 ad
453 2212 696 2277 matrimonium
728 2211 886 2294 coegisse,
919 2211 982 2275 nisi
1010 2205 1049 2276 ea
1078 2212 1118 2277 de
1148 2234 1260 2292 causa,
1292 2216 1324 2274 ut

252 2312 364 2377 fratris
386 2312 575 2377 memoriam
597 2317 630 2376 et
652 2332 761 2376 semen
782 2311 963 2375 suscitaret.
1004 2311 1161 2394 Denique,
1186 2310 1323 2396 quamvis

252 2411 515 2491 concederemus,
537 2411 642 2494 legem
664 2432 738 2476 cum
758 2409 907 2474 omnibus
928 2409 1033 2492 loqui,
1056 2410 1161 2475 solum
1183 2429 1325 2494 sequere·

253 2516 316 2589 tur,
334 2510 369 2573 in
390 2530 428 2574 eo
451 2531 527 2574 casu
545 2509 743 2592 prohibitam
760 2508 860 2574 fuisse
879 2508 1119 2587 continentiam,
1139 2515 1324 2574 nontamen

253 2609 412 2673 absolute.
454 2608 493 2672 In
519 2607 618 2673 beata
646 2615 757 2674 autem
777 2603 910 2691 Virgine
940 2627 978 2672 ea
1007 2628 1104 2672 causa
1131 2607 1240 2672 locum
1267 2627 1325 2670 non

252 2706 371 2771 habuit
396 2727 512 2799 ¹neque
549 2707 668 2772 habere
705 2707 815 2790 potuit
853 2727 892 2771 ac
922 2705 1058 2789 proinde
1095 2705 1167 2789 ipsa
1206 2721 1327 2786 semper

256 2858 452 2870 ——

321 2931 343 3006 ¹)'
358 2937 468 2993 Denter.
488 2937 572 3002 XXV,
589 2938 678 2992 5-10·
714 2937 847 3007 ..Quando
868 2939 1058 2992 habitaverint
1082 2936 1183 2990 fratres
1205 2937 1328 2990 simulet

252 3038 322 3074 unus
339 3037 374 3074 ex
392 3021 431 3073 eis
449 3021 552 3089 absque
569 3019 667 3073 liberis
683 3026 809 3076 mortuus
826 3021 924 3086 fuerit,
942 3037 1013 3074 uxor
1031 3019 1155 3072 defuncti
1173 3037 1229 3074 non
1245 3019 1331 3072 nubet

252 3101 348 3166 alterI,
373 3103 422 3155 sed
440 3103 561 3170 accipiet
577 3119 637 3156 eam
654 3103 741 3158 frater
759 3105 817 3172 ejus
840 3109 869 3158 et
892 3103 1037 3158 suscitabit
1054 3119 1147 3156 semen
1165 3102 1259 3157 fratris
1279 3101 1331 3154 sui:

252 3184 292 3239 Et
308 3185 524 3254 primogenitum
542 3201 576 3238 ex
599 3203 630 3240 ea
646 3185 732 3240 filium
750 3187 861 3241 nomine
879 3187 952 3240 illius
974 3185 1139 3255 appellabit,
1165 3191 1272 3240 utnon
1291 3184 1334 3238 de·

251 3267 342 3320 leatur
359 3284 460 3320 nomen
477 3268 535 3336 ejus
552 3284 587 3321 cx
606 3267 699 3322 Israel.
733 3269 781 3322 Sin
804 3274 895 3323 autem
919 3268 1040 3324 noluerit
1065 3267 1193 3335 accipere
1217 3283 1333 3321 uxorem

252 3349 346 3403 fratris
363 3349 419 3412 sui,
441 3365 511 3417 quae
529 3349 555 3403 ei
572 3350 634 3418 Iege
651 3350 781 3415 debetur,
799 3356 897 3420 perget
913 3351 1014 3404 mulier
1030 3350 1066 3403 ad
1083 3354 1193 3418 portam
1211 3350 1334 3405 ciuitatis

252 3437 282 3486 et
303 3430 496 3500 interpellabit
517 3433 634 3502 majores
658 3438 725 3487 natu
750 3433 891 3502 dicetque:
918 3433 980 3487 Non
1004 3434 1065 3488 vult
1089 3433 1177 3488 frater
1200 3435 1254 3488 viri
1281 3433 1336 3486 mei

251 3514 384 3568 suscitare
408 3531 510 3568 nomen
526 3514 621 3568 fratris
638 3515 680 3570 sui
698 3516 727 3568 in
745 3515 830 3569 Israel
846 3532 899 3569 neo
924 3531 968 3568 me
991 3517 1021 3569 in
1045 3520 1190 3586 conjugem
1215 3533 1336 3570 sumere.

252 3595 407 3665 Statimque
428 3597 559 3652 accersiri
583 3615 645 3652 eum
669 3599 773 3652 facient
790 3607 819 3654 et
841 3600 1062 3668 interrogabunt.
1096 3601 1125 3655 Si
1143 3601 1338 3670 responderit:

252 3678 324 3733 Nolo
342 3695 403 3732 eam
417 3696 533 3734 uxorem
546 3680 661 3736 habere:
678 3681 794 3736 accedet
810 3682 910 3734 mulier
927 3682 1039 3735 adeum
1057 3699 1151 3736 coram
1169 3685 1336 3744 senioribus,

253 3762 379 3815 attollet
399 3761 614 3818 calceamentum
638 3764 673 3818 de
690 3764 761 3833 pede
786 3765 858 3833 ejus,
883 3770 1018 3833 spuetque
1042 3766 1070 3818 in
1093 3766 1193 3820 faciem
1211 3767 1295 3820 illius
1315 3773 1341 3820 et

252 3843 339 3899 dicet:
361 3842 407 3898 Sic
424 3843 473 3899 fiet
489 3844 604 3911 homini,
621 3848 668 3916 qui
685 3863 742 3901 non
759 3847 887 3901 aedificat
904 3847 1015 3901 domum
1034 3848 1129 3903 fratris
1147 3850 1196 3903 sui.
1230 3849 1275 3902 Et
1294 3867 1342 3903 vo·

252 3926 362 3981 cabitur
379 3943 481 3982 nomen
498 3928 572 3983 illius
587 3929 617 3982 iu
635 3929 734 3995 Israel,
752 3930 855 3983 Domus
873 3929 1060 3984 discalceati.“
1102 3933 1124 3998 ²)
1143 3931 1175 3984 In
1195 3930 1244 3997 III,
1266 3950 1299 4001 p.
1319 3950 1344 4001 q.

251 4008 382 4078 XXVIII,
400 4015 452 4064 art.
468 4010 516 4076 IV,
534 4011 603 4080 disp.
621 4011 731 4080 CXXIV,
750 4028 809 4081 cap.
826 4015 849 4065 2,
