<?xml version="1.0" encoding="UTF-8"?>
<!DOCTYPE html PUBLIC "-//W3C//DTD XHTML 1.0 Transitional//EN"
    "http://www.w3.org/TR/xhtml1/DTD/xhtml1-transitional.dtd">
<html xmlns="http://www.w3.org/1999/xhtml" xml:lang="en" lang="en">
 <head>
  <title>
</title>
<meta http-equiv="Content-Type" content="text/html;charset=utf-8" />
  <meta name='ocr-system' content='tesseract 3.04.00' />
  <meta name='ocr-capabilities' content='ocr_page ocr_carea ocr_par ocr_line ocrx_word'/>
</head>
<body>
  <div class='ocr_page' id='page_1' title='image "./mariologiaseupo00stamgoog_0574.png"; bbox 0 0 2782 4554; ppageno 0'>
   <div class='ocr_carea' id='block_1_1' title="bbox 749 328 809 388">
    <p class='ocr_par' dir='ltr' id='par_1_1' title="bbox 749 328 809 388">
     <span class='ocr_line' id='line_1_1' title="bbox 749 328 809 388; baseline 0 0"><span class='ocrx_word' id='word_1_1' title='bbox 749 328 809 388; x_wconf 78' lang='lat'><strong>550</strong></span> 
     </span>
    </p>
   </div>
   <div class='ocr_carea' id='block_1_2' title="bbox 180 469 1385 2856">
    <p class='ocr_par' dir='ltr' id='par_1_2' title="bbox 234 469 1385 969">
     <span class='ocr_line' id='line_1_2' title="bbox 235 469 1385 576; baseline 0.003 -20"><span class='ocrx_word' id='word_1_2' title='bbox 235 486 384 556; x_wconf 86' lang='lat' dir='ltr'><strong>debitum</strong></span> <span class='ocrx_word' id='word_1_3' title='bbox 393 487 416 568; x_wconf 85' lang='lat'><strong>¹)</strong></span> <span class='ocrx_word' id='word_1_4' title='bbox 446 485 567 568; x_wconf 88' lang='lat' dir='ltr'><strong>donum</strong></span> <span class='ocrx_word' id='word_1_5' title='bbox 594 485 751 554; x_wconf 84' lang='lat' dir='ltr'><strong>efferrens</strong></span> <span class='ocrx_word' id='word_1_6' title='bbox 780 487 1008 573; x_wconf 88' lang='lat' dir='ltr'><strong>dedicansque.</strong></span> <span class='ocrx_word' id='word_1_7' title='bbox 1057 490 1178 576; x_wconf 88' lang='lat' dir='ltr'><strong>Accipe</strong></span> <span class='ocrx_word' id='word_1_8' title='bbox 1205 492 1318 576; x_wconf 87' lang='lat' dir='ltr'><strong>igitur,</strong></span> <span class='ocrx_word' id='word_1_9' title='bbox 1384 469 1385 508; x_wconf 58' lang='lat'>³</span> 
     </span>
     <span class='ocr_line' id='line_1_3' title="bbox 235 584 1321 670; baseline 0.008 -19"><span class='ocrx_word' id='word_1_10' title='bbox 235 585 324 670; x_wconf 86' lang='lat' dir='ltr'><strong>quod</strong></span> <span class='ocrx_word' id='word_1_11' title='bbox 355 584 518 670; x_wconf 89' lang='lat' dir='ltr'><strong>reliquum</strong></span> <span class='ocrx_word' id='word_1_12' title='bbox 550 593 615 666; x_wconf 89' lang='lat' dir='ltr'><strong>est,</strong></span> <span class='ocrx_word' id='word_1_13' title='bbox 652 607 671 650; x_wconf 93' lang='lat' dir='ltr'><strong>o</strong></span> <span class='ocrx_word' id='word_1_14' title='bbox 703 586 766 652; x_wconf 90' lang='lat' dir='ltr'><strong>Dei</strong></span> <span class='ocrx_word' id='word_1_15' title='bbox 796 593 902 668; x_wconf 88' lang='lat' dir='ltr'><strong>vates,</strong></span> <span class='ocrx_word' id='word_1_16' title='bbox 940 609 961 654; x_wconf 92' lang='lat' dir='ltr'><strong>a</strong></span> <span class='ocrx_word' id='word_1_17' title='bbox 992 589 1062 656; x_wconf 92' lang='lat' dir='ltr'><strong>Deo</strong></span> <span class='ocrx_word' id='word_1_18' title='bbox 1093 591 1174 658; x_wconf 92' lang='lat' dir='ltr'><strong>mihi</strong></span> <span class='ocrx_word' id='word_1_19' title='bbox 1206 592 1321 660; x_wconf 87' lang='lat' dir='ltr'><strong>datam</strong></span> 
     </span>
     <span class='ocr_line' id='line_1_4' title="bbox 234 685 1321 773; baseline 0.004 -21"><span class='ocrx_word' id='word_1_20' title='bbox 234 685 351 752; x_wconf 91' lang='lat' dir='ltr'><strong>filiam:</strong></span> <span class='ocrx_word' id='word_1_21' title='bbox 384 685 495 770; x_wconf 83' lang='lat' dir='ltr'><strong>accipe</strong></span> <span class='ocrx_word' id='word_1_22' title='bbox 524 693 623 770; x_wconf 89' lang='lat' dir='ltr'><strong>atque</strong></span> <span class='ocrx_word' id='word_1_23' title='bbox 651 685 871 766; x_wconf 88' lang='lat' dir='ltr'><strong>introducens,</strong></span> <span class='ocrx_word' id='word_1_24' title='bbox 900 687 1016 770; x_wconf 88' lang='lat' dir='ltr'><strong>planta</strong></span> <span class='ocrx_word' id='word_1_25' title='bbox 1042 689 1146 773; x_wconf 82' lang='lat' dir='ltr'><strong>ipsam</strong></span> <span class='ocrx_word' id='word_1_26' title='bbox 1175 691 1321 757; x_wconf 92' lang='lat' dir='ltr'><strong>inomni</strong></span> 
     </span>
     <span class='ocr_line' id='line_1_5' title="bbox 235 783 1319 868; baseline 0.004 -16"><span class='ocrx_word' id='word_1_27' title='bbox 235 783 509 865; x_wconf 85' lang='lat' dir='ltr'><strong>sanctificatione,</strong></span> <span class='ocrx_word' id='word_1_28' title='bbox 539 785 574 852; x_wconf 92' lang='lat' dir='ltr'><strong>in</strong></span> <span class='ocrx_word' id='word_1_29' title='bbox 596 785 664 850; x_wconf 93' lang='lat' dir='ltr'><strong>Deo</strong></span> <span class='ocrx_word' id='word_1_30' title='bbox 687 785 832 852; x_wconf 90' lang='lat' dir='ltr'><strong>dicatum</strong></span> <span class='ocrx_word' id='word_1_31' title='bbox 853 787 1091 868; x_wconf 86' lang='lat' dir='ltr'><strong>habitaculum,</strong></span> <span class='ocrx_word' id='word_1_32' title='bbox 1118 788 1203 854; x_wconf 90' lang='lat' dir='ltr'><strong>nihil</strong></span> <span class='ocrx_word' id='word_1_33' title='bbox 1223 791 1319 856; x_wconf 86' lang='lat' dir='ltr'><strong>anxie</strong></span> 
     </span>
     <span class='ocr_line' id='line_1_6' title="bbox 235 884 1320 969; baseline 0.006 -19"><span class='ocrx_word' id='word_1_34' title='bbox 235 885 418 969; x_wconf 89' lang='lat' dir='ltr'><strong>inquirens,</strong></span> <span class='ocrx_word' id='word_1_35' title='bbox 462 885 581 963; x_wconf 87' lang='lat' dir='ltr'><strong>donec,</strong></span> <span class='ocrx_word' id='word_1_36' title='bbox 623 907 708 968; x_wconf 89' lang='lat' dir='ltr'><strong>quae</strong></span> <span class='ocrx_word' id='word_1_37' title='bbox 746 885 810 968; x_wconf 90' lang='lat' dir='ltr'><strong>ipsi</strong></span> <span class='ocrx_word' id='word_1_38' title='bbox 851 884 892 952; x_wconf 88' lang='lat' dir='ltr'><strong>de</strong></span> <span class='ocrx_word' id='word_1_39' title='bbox 930 887 989 952; x_wconf 90' lang='lat' dir='ltr'><strong>illa</strong></span> <span class='ocrx_word' id='word_1_40' title='bbox 1029 895 1176 954; x_wconf 79' lang='lat' dir='ltr'><strong>statuere</strong></span> <span class='ocrx_word' id='word_1_41' title='bbox 1216 890 1320 956; x_wconf 85' lang='lat' dir='ltr'><strong>visum</strong></span> 
     </span>
    </p>

    <p class='ocr_par' dir='ltr' id='par_1_3' title="bbox 197 983 1383 1864">
     <span class='ocr_line' id='line_1_7' title="bbox 197 983 1320 1070; baseline 0.003 -20"><span class='ocrx_word' id='word_1_42' title='bbox 197 1020 200 1028; x_wconf 92' lang='lat'>·</span> <span class='ocrx_word' id='word_1_43' title='bbox 235 984 353 1062; x_wconf 88' lang='lat' dir='ltr'><strong>fuerit,</strong></span> <span class='ocrx_word' id='word_1_44' title='bbox 392 983 490 1050; x_wconf 89' lang='lat' dir='ltr'><strong>finem</strong></span> <span class='ocrx_word' id='word_1_45' title='bbox 528 1007 622 1050; x_wconf 89' lang='lat' dir='ltr'><strong>suum</strong></span> <span class='ocrx_word' id='word_1_46' title='bbox 661 985 841 1068; x_wconf 79' lang='lat' dir='ltr'>excipiant,</span> <span class='ocrx_word' id='word_1_47' title='bbox 885 985 929 1051; x_wconf 91' lang='lat' dir='ltr'><strong>ad</strong></span> <span class='ocrx_word' id='word_1_48' title='bbox 966 1007 1064 1070; x_wconf 86' lang='lat' dir='ltr'><strong>quem</strong></span> <span class='ocrx_word' id='word_1_49' title='bbox 1101 986 1195 1052; x_wconf 89' lang='lat' dir='ltr'><strong>illam</strong></span> <span class='ocrx_word' id='word_1_50' title='bbox 1231 987 1320 1054; x_wconf 91' lang='lat' dir='ltr'><strong>Dens</strong></span> 
     </span>
     <span class='ocr_line' id='line_1_8' title="bbox 235 1083 1320 1170; baseline 0.004 -22"><span class='ocrx_word' id='word_1_51' title='bbox 235 1083 394 1148; x_wconf 81' lang='lat' dir='ltr'><strong>vocavit.“</strong></span> <span class='ocrx_word' id='word_1_52' title='bbox 442 1084 551 1150; x_wconf 90' lang='lat' dir='ltr'><strong>Etiam</strong></span> <span class='ocrx_word' id='word_1_53' title='bbox 580 1084 765 1167; x_wconf 81' lang='lat' dir='ltr'><strong>Gregorii</strong></span> <span class='ocrx_word' id='word_1_54' title='bbox 791 1083 1111 1152; x_wconf 88' lang='lat' dir='ltr'><strong>Nicomediensis</strong></span> <span class='ocrx_word' id='word_1_55' title='bbox 1144 1086 1233 1152; x_wconf 87' lang='lat' dir='ltr'><strong>circa</strong></span> <span class='ocrx_word' id='word_1_56' title='bbox 1253 1109 1320 1170; x_wconf 85' lang='lat' dir='ltr'><strong>¹an·</strong></span> 
     </span>
     <span class='ocr_line' id='line_1_9' title="bbox 236 1183 1320 1268; baseline 0.003 -22"><span class='ocrx_word' id='word_1_57' title='bbox 236 1204 314 1247; x_wconf 91' lang='lat' dir='ltr'><strong>num</strong></span> <span class='ocrx_word' id='word_1_58' title='bbox 336 1189 397 1248; x_wconf 85' lang='lat'><strong>700</strong></span> <span class='ocrx_word' id='word_1_59' title='bbox 425 1183 562 1248; x_wconf 88' lang='lat' dir='ltr'><strong>viventis</strong></span> <span class='ocrx_word' id='word_1_60' title='bbox 590 1189 698 1250; x_wconf 89' lang='lat' dir='ltr'><strong>exstat</strong></span> <span class='ocrx_word' id='word_1_61' title='bbox 719 1205 825 1248; x_wconf 90' lang='lat' dir='ltr'><strong>sermo</strong></span> <span class='ocrx_word' id='word_1_62' title='bbox 854 1183 942 1268; x_wconf 87' lang='lat' dir='ltr'><strong>apud</strong></span> <span class='ocrx_word' id='word_1_63' title='bbox 964 1184 1094 1252; x_wconf 86' lang='lat' dir='ltr'><strong>Surium</strong></span> <span class='ocrx_word' id='word_1_64' title='bbox 1121 1185 1182 1250; x_wconf 91' lang='lat' dir='ltr'><strong>sub</strong></span> <span class='ocrx_word' id='word_1_65' title='bbox 1205 1187 1320 1252; x_wconf 89' lang='lat' dir='ltr'><strong>titulo:</strong></span> 
     </span>
     <span class='ocr_line' id='line_1_10' title="bbox 237 1279 1321 1368; baseline 0.002 -20"><span class='ocrx_word' id='word_1_66' title='bbox 237 1282 373 1364; x_wconf 81' lang='lat' dir='ltr'><strong>,Oratio</strong></span> <span class='ocrx_word' id='word_1_67' title='bbox 403 1282 443 1347; x_wconf 90' lang='lat' dir='ltr'><strong>de</strong></span> <span class='ocrx_word' id='word_1_68' title='bbox 473 1283 562 1350; x_wconf 85' lang='lat' dir='ltr'><strong>exitu</strong></span> <span class='ocrx_word' id='word_1_69' title='bbox 591 1283 815 1348; x_wconf 78' lang='lat' dir='ltr'><strong>sanctissimae</strong></span> <span class='ocrx_word' id='word_1_70' title='bbox 837 1283 995 1350; x_wconf 91' lang='lat' dir='ltr'><strong>Dominae</strong></span> <span class='ocrx_word' id='word_1_71' title='bbox 1023 1291 1157 1350; x_wconf 86' lang='lat' dir='ltr'><strong>nostrae</strong></span> <span class='ocrx_word' id='word_1_72' title='bbox 1181 1279 1243 1350; x_wconf 92' lang='lat' dir='ltr'><strong>Dei</strong></span> <span class='ocrx_word' id='word_1_73' title='bbox 1264 1307 1321 1368; x_wconf 89' lang='lat' dir='ltr'><strong>pa-</strong></span> 
     </span>
     <span class='ocr_line' id='line_1_11' title="bbox 236 1381 1322 1466; baseline 0.004 -22"><span class='ocrx_word' id='word_1_74' title='bbox 236 1382 349 1460; x_wconf 86' lang='lat' dir='ltr'><strong>rentis,</strong></span> <span class='ocrx_word' id='word_1_75' title='bbox 374 1381 503 1465; x_wconf 89' lang='lat' dir='ltr'><strong>quando</strong></span> <span class='ocrx_word' id='word_1_76' title='bbox 530 1381 595 1446; x_wconf 88' lang='lat' dir='ltr'><strong>fuit</strong></span> <span class='ocrx_word' id='word_1_77' title='bbox 617 1382 728 1448; x_wconf 89' lang='lat' dir='ltr'><strong>oblata</strong></span> <span class='ocrx_word' id='word_1_78' title='bbox 753 1382 788 1446; x_wconf 93' lang='lat' dir='ltr'><strong>in</strong></span> <span class='ocrx_word' id='word_1_79' title='bbox 809 1383 998 1466; x_wconf 76' lang='lat' dir='ltr'><strong>semp10.“2)</strong></span> <span class='ocrx_word' id='word_1_80' title='bbox 1040 1383 1322 1450; x_wconf 86' lang='lat' dir='ltr'><strong>Praesentationis</strong></span> 
     </span>
     <span class='ocr_line' id='line_1_12' title="bbox 237 1480 1322 1567; baseline 0.004 -23"><span class='ocrx_word' id='word_1_81' title='bbox 237 1480 268 1544; x_wconf 91' lang='lat' dir='ltr'><strong>b.</strong></span> <span class='ocrx_word' id='word_1_82' title='bbox 301 1480 444 1564; x_wconf 85' lang='lat' dir='ltr'><strong>Virginis</strong></span> <span class='ocrx_word' id='word_1_83' title='bbox 474 1480 646 1547; x_wconf 75' lang='lat' dir='ltr'><strong>historiam</strong></span> <span class='ocrx_word' id='word_1_84' title='bbox 677 1481 780 1546; x_wconf 82' lang='lat' dir='ltr'><strong>refert</strong></span> <span class='ocrx_word' id='word_1_85' title='bbox 810 1482 898 1548; x_wconf 88' lang='lat' dir='ltr'><strong>inter</strong></span> <span class='ocrx_word' id='word_1_86' title='bbox 929 1483 1011 1548; x_wconf 90' lang='lat' dir='ltr'><strong>alios</strong></span> <span class='ocrx_word' id='word_1_87' title='bbox 1046 1505 1071 1548; x_wconf 87' lang='lat' dir='ltr'><strong>s.</strong></span> <span class='ocrx_word' id='word_1_88' title='bbox 1101 1482 1322 1567; x_wconf 85' lang='lat' dir='ltr'><strong>Gregorius</strong></span> 
     </span>
     <span class='ocr_line' id='line_1_13' title="bbox 237 1579 1383 1676; baseline 0.002 -32"><span class='ocrx_word' id='word_1_89' title='bbox 237 1579 437 1663; x_wconf 87' lang='lat' dir='ltr'><strong>Nyssenus</strong></span> <span class='ocrx_word' id='word_1_90' title='bbox 466 1581 613 1647; x_wconf 89' lang='lat' dir='ltr'><strong>oratione</strong></span> <span class='ocrx_word' id='word_1_91' title='bbox 642 1582 677 1646; x_wconf 94' lang='lat' dir='ltr'><strong>in</strong></span> <span class='ocrx_word' id='word_1_92' title='bbox 705 1581 791 1646; x_wconf 89' lang='lat' dir='ltr'><strong>diem</strong></span> <span class='ocrx_word' id='word_1_93' title='bbox 819 1582 963 1647; x_wconf 89' lang='lat' dir='ltr'><strong>natalem</strong></span> <span class='ocrx_word' id='word_1_94' title='bbox 992 1582 1123 1648; x_wconf 89' lang='lat' dir='ltr'><strong>Christi.</strong></span> <span class='ocrx_word' id='word_1_95' title='bbox 1180 1583 1219 1646; x_wconf 92' lang='lat' dir='ltr'><strong>ln</strong></span> <span class='ocrx_word' id='word_1_96' title='bbox 1245 1604 1323 1648; x_wconf 90' lang='lat' dir='ltr'><strong>con-</strong></span> <span class='ocrx_word' id='word_1_97' title='bbox 1380 1667 1383 1676; x_wconf 21' lang='grc' dir='ltr'><em>ι</em></span> 
     </span>
     <span class='ocr_line' id='line_1_14' title="bbox 237 1679 1324 1766; baseline 0.004 -22"><span class='ocrx_word' id='word_1_98' title='bbox 237 1679 410 1744; x_wconf 88' lang='lat' dir='ltr'><strong>stitutione</strong></span> <span class='ocrx_word' id='word_1_99' title='bbox 431 1679 650 1746; x_wconf 85' lang='lat' dir='ltr'><strong>Emmanuelis</strong></span> <span class='ocrx_word' id='word_1_100' title='bbox 672 1681 828 1746; x_wconf 81' lang='lat' dir='ltr'><strong>Comneni</strong></span> <span class='ocrx_word' id='word_1_101' title='bbox 847 1682 1059 1766; x_wconf 88' lang='lat' dir='ltr'><strong>Imperatoris</strong></span> <span class='ocrx_word' id='word_1_102' title='bbox 1080 1680 1204 1748; x_wconf 86' lang='lat' dir='ltr'><strong>festum</strong></span> <span class='ocrx_word' id='word_1_103' title='bbox 1224 1682 1324 1748; x_wconf 87' lang='lat' dir='ltr'><strong>Prae-</strong></span> 
     </span>
     <span class='ocr_line' id='line_1_15' title="bbox 238 1778 993 1864; baseline 0.003 -20"><span class='ocrx_word' id='word_1_104' title='bbox 238 1779 432 1844; x_wconf 87' lang='lat' dir='ltr'><strong>sentationis</strong></span> <span class='ocrx_word' id='word_1_105' title='bbox 455 1778 542 1844; x_wconf 86' lang='lat' dir='ltr'><strong>inter</strong></span> <span class='ocrx_word' id='word_1_106' title='bbox 563 1779 629 1844; x_wconf 93' lang='lat' dir='ltr'><strong>alia</strong></span> <span class='ocrx_word' id='word_1_107' title='bbox 650 1779 737 1846; x_wconf 84' lang='lat' dir='ltr'><strong>festa</strong></span> <span class='ocrx_word' id='word_1_108' title='bbox 757 1788 957 1846; x_wconf 90' lang='lat' dir='ltr'><strong>numeratur.</strong></span> <span class='ocrx_word' id='word_1_109' title='bbox 967 1782 993 1864; x_wconf 84' lang='lat'><strong>³)</strong></span> 
     </span>
    </p>

    <p class='ocr_par' dir='ltr' id='par_1_4' title="bbox 237 1877 1325 2062">
     <span class='ocr_line' id='line_1_16' title="bbox 300 1877 1325 1946; baseline 0.003 -4"><span class='ocrx_word' id='word_1_110' title='bbox 300 1882 329 1942; x_wconf 84' lang='lat'><strong>2.</strong></span> <span class='ocrx_word' id='word_1_111' title='bbox 367 1878 417 1942; x_wconf 84' lang='lat' dir='ltr'><strong>Ex</strong></span> <span class='ocrx_word' id='word_1_112' title='bbox 445 1877 592 1944; x_wconf 81' lang='lat' dir='ltr'><strong>Ecclesia</strong></span> <span class='ocrx_word' id='word_1_113' title='bbox 621 1879 773 1945; x_wconf 86' lang='lat' dir='ltr'><strong>orientali</strong></span> <span class='ocrx_word' id='word_1_114' title='bbox 800 1879 989 1946; x_wconf 87' lang='lat' dir='ltr'><strong>solemnitas</strong></span> <span class='ocrx_word' id='word_1_115' title='bbox 1016 1879 1098 1946; x_wconf 89' lang='lat' dir='ltr'><strong>haec</strong></span> <span class='ocrx_word' id='word_1_116' title='bbox 1125 1880 1262 1946; x_wconf 86' lang='lat' dir='ltr'><strong>transiit</strong></span> <span class='ocrx_word' id='word_1_117' title='bbox 1289 1881 1325 1945; x_wconf 93' lang='lat' dir='ltr'><strong>in</strong></span> 
     </span>
     <span class='ocr_line' id='line_1_17' title="bbox 237 1976 1325 2062; baseline 0.004 -22"><span class='ocrx_word' id='word_1_118' title='bbox 237 1976 418 2042; x_wconf 89' lang='lat' dir='ltr'><strong>Ecclesiam</strong></span> <span class='ocrx_word' id='word_1_119' title='bbox 447 1977 739 2043; x_wconf 88' lang='lat' dir='ltr'><strong>occidentalem</strong></span> <span class='ocrx_word' id='word_1_120' title='bbox 768 1985 802 2042; x_wconf 89' lang='lat' dir='ltr'><strong>et</strong></span> <span class='ocrx_word' id='word_1_121' title='bbox 823 1978 982 2044; x_wconf 87' lang='lat' dir='ltr'><strong>celebrari</strong></span> <span class='ocrx_word' id='word_1_122' title='bbox 1004 1985 1121 2062; x_wconf 89' lang='lat' dir='ltr'><strong>coepta</strong></span> <span class='ocrx_word' id='word_1_123' title='bbox 1152 1985 1205 2044; x_wconf 87' lang='lat' dir='ltr'><strong>est</strong></span> <span class='ocrx_word' id='word_1_124' title='bbox 1230 1979 1325 2044; x_wconf 85' lang='lat' dir='ltr'><strong>Ave·</strong></span> 
     </span>
    </p>

    <p class='ocr_par' dir='ltr' id='par_1_5' title="bbox 180 2077 1328 2758">
     <span class='ocr_line' id='line_1_18' title="bbox 180 2077 1325 2162; baseline 0.003 -22"><span class='ocrx_word' id='word_1_125' title='bbox 180 2140 184 2150; x_wconf 84' lang='grc'>,</span> <span class='ocrx_word' id='word_1_126' title='bbox 221 2077 355 2141; x_wconf 50' lang='lat' dir='ltr'><strong>¹nione</strong></span> <span class='ocrx_word' id='word_1_127' title='bbox 384 2098 484 2142; x_wconf 90' lang='lat' dir='ltr'><strong>anno</strong></span> <span class='ocrx_word' id='word_1_128' title='bbox 517 2083 626 2157; x_wconf 83' lang='lat'><strong>1372,</strong></span> <span class='ocrx_word' id='word_1_129' title='bbox 656 2085 694 2143; x_wconf 90' lang='lat' dir='ltr'><strong>ut</strong></span> <span class='ocrx_word' id='word_1_130' title='bbox 717 2078 924 2143; x_wconf 88' lang='lat' dir='ltr'><strong>observatum</strong></span> <span class='ocrx_word' id='word_1_131' title='bbox 946 2078 1076 2146; x_wconf 91' lang='lat' dir='ltr'><strong>Danieli</strong></span> <span class='ocrx_word' id='word_1_132' title='bbox 1096 2079 1325 2162; x_wconf 89' lang='lat' dir='ltr'><strong>Papebrochio</strong></span> 
     </span>
     <span class='ocr_line' id='line_1_19' title="bbox 237 2175 1326 2262; baseline 0.005 -23"><span class='ocrx_word' id='word_1_133' title='bbox 237 2175 273 2239; x_wconf 93' lang='lat' dir='ltr'><strong>in</strong></span> <span class='ocrx_word' id='word_1_134' title='bbox 311 2182 431 2240; x_wconf 88' lang='lat' dir='ltr'><strong>conatu</strong></span> <span class='ocrx_word' id='word_1_135' title='bbox 467 2176 619 2242; x_wconf 86' lang='lat' dir='ltr'><strong>chronico</strong></span> <span class='ocrx_word' id='word_1_136' title='bbox 648 2177 804 2243; x_wconf 89' lang='lat' dir='ltr'><strong>historico</strong></span> <span class='ocrx_word' id='word_1_137' title='bbox 843 2176 887 2242; x_wconf 89' lang='lat' dir='ltr'><strong>ad</strong></span> <span class='ocrx_word' id='word_1_138' title='bbox 914 2178 1098 2262; x_wconf 88' lang='lat' dir='ltr'><strong>catalogum</strong></span> <span class='ocrx_word' id='word_1_139' title='bbox 1125 2178 1326 2244; x_wconf 87' lang='lat' dir='ltr'><strong>Pontificum</strong></span> 
     </span>
     <span class='ocr_line' id='line_1_20' title="bbox 237 2275 1325 2360; baseline 0.004 -22"><span class='ocrx_word' id='word_1_140' title='bbox 237 2275 506 2358; x_wconf 78' lang='lat' dir='ltr'><strong>Romanorum,4)</strong></span> <span class='ocrx_word' id='word_1_141' title='bbox 544 2276 602 2360; x_wconf 90' lang='lat' dir='ltr'><strong>qui</strong></span> <span class='ocrx_word' id='word_1_142' title='bbox 633 2281 742 2342; x_wconf 87' lang='lat' dir='ltr'><strong>exstat</strong></span> <span class='ocrx_word' id='word_1_143' title='bbox 771 2276 806 2340; x_wconf 92' lang='lat' dir='ltr'><strong>in</strong></span> <span class='ocrx_word' id='word_1_144' title='bbox 836 2277 1012 2360; x_wconf 82' lang='lat' dir='ltr'><strong>propylaeo</strong></span> <span class='ocrx_word' id='word_1_145' title='bbox 1045 2277 1088 2342; x_wconf 83' lang='lat' dir='ltr'><strong>ad</strong></span> <span class='ocrx_word' id='word_1_146' title='bbox 1115 2284 1193 2344; x_wconf 89' lang='lat' dir='ltr'><strong>acta</strong></span> <span class='ocrx_word' id='word_1_147' title='bbox 1223 2278 1325 2344; x_wconf 84' lang='lat' dir='ltr'><strong>Sano-</strong></span> 
     </span>
     <span class='ocr_line' id='line_1_21' title="bbox 238 2374 1328 2460; baseline 0.004 -22"><span class='ocrx_word' id='word_1_148' title='bbox 238 2380 349 2439; x_wconf 89' lang='lat' dir='ltr'><strong>torum</strong></span> <span class='ocrx_word' id='word_1_149' title='bbox 384 2374 471 2457; x_wconf 87' lang='lat' dir='ltr'><strong>Maji.</strong></span> <span class='ocrx_word' id='word_1_150' title='bbox 526 2375 672 2458; x_wconf 87' lang='lat' dir='ltr'><strong>Recepta</strong></span> <span class='ocrx_word' id='word_1_151' title='bbox 703 2381 754 2440; x_wconf 88' lang='lat' dir='ltr'><strong>est</strong></span> <span class='ocrx_word' id='word_1_152' title='bbox 787 2395 807 2439; x_wconf 91' lang='lat' dir='ltr'><strong>a</strong></span> <span class='ocrx_word' id='word_1_153' title='bbox 841 2375 1009 2458; x_wconf 86' lang='lat' dir='ltr'><strong>gallicanis</strong></span> <span class='ocrx_word' id='word_1_154' title='bbox 1045 2377 1191 2442; x_wconf 89' lang='lat' dir='ltr'><strong>ecclesiis</strong></span> <span class='ocrx_word' id='word_1_155' title='bbox 1228 2398 1328 2460; x_wconf 84' lang='lat' dir='ltr'><strong>prae-</strong></span> 
     </span>
     <span class='ocr_line' id='line_1_22' title="bbox 239 2474 1325 2560; baseline 0 -20"><span class='ocrx_word' id='word_1_156' title='bbox 239 2475 353 2540; x_wconf 85' lang='lat' dir='ltr'><strong>sertim</strong></span> <span class='ocrx_word' id='word_1_157' title='bbox 384 2482 519 2558; x_wconf 89' lang='lat' dir='ltr'><strong>propter</strong></span> <span class='ocrx_word' id='word_1_158' title='bbox 550 2475 756 2541; x_wconf 88' lang='lat' dir='ltr'><strong>devotionem</strong></span> <span class='ocrx_word' id='word_1_159' title='bbox 785 2474 895 2540; x_wconf 82' lang='lat' dir='ltr'><strong>Caroli</strong></span> <span class='ocrx_word' id='word_1_160' title='bbox 921 2475 969 2555; x_wconf 92' lang='lat' dir='ltr'><strong>V.,</strong></span> <span class='ocrx_word' id='word_1_161' title='bbox 998 2476 1083 2560; x_wconf 89' lang='lat' dir='ltr'><strong>regis</strong></span> <span class='ocrx_word' id='word_1_162' title='bbox 1111 2477 1325 2556; x_wconf 81' lang='lat' dir='ltr'><strong>Francorum,</strong></span> 
     </span>
     <span class='ocr_line' id='line_1_23' title="bbox 238 2569 1326 2658; baseline 0.003 -19"><span class='ocrx_word' id='word_1_163' title='bbox 238 2578 277 2639; x_wconf 91' lang='lat' dir='ltr'><strong>ut</strong></span> <span class='ocrx_word' id='word_1_164' title='bbox 303 2580 445 2639; x_wconf 89' lang='lat' dir='ltr'><strong>testatur</strong></span> <span class='ocrx_word' id='word_1_165' title='bbox 474 2575 543 2658; x_wconf 89' lang='lat' dir='ltr'><strong>ejus</strong></span> <span class='ocrx_word' id='word_1_166' title='bbox 572 2574 711 2658; x_wconf 89' lang='lat' dir='ltr'><strong>epistola</strong></span> <span class='ocrx_word' id='word_1_167' title='bbox 738 2574 781 2639; x_wconf 89' lang='lat' dir='ltr'><strong>ad</strong></span> <span class='ocrx_word' id='word_1_168' title='bbox 807 2569 991 2654; x_wconf 74' lang='lat' dir='ltr'><strong>Nicolaum,</strong></span> <span class='ocrx_word' id='word_1_169' title='bbox 1021 2574 1326 2642; x_wconf 86' lang='lat' dir='ltr'><strong>Antisiodorensem</strong></span> 
     </span>
     <span class='ocr_line' id='line_1_24' title="bbox 238 2671 1092 2758; baseline 0.004 -22"><span class='ocrx_word' id='word_1_170' title='bbox 238 2671 435 2756; x_wconf 85' lang='lat' dir='ltr'><strong>Episcopum</strong></span> <span class='ocrx_word' id='word_1_171' title='bbox 456 2695 541 2738; x_wconf 90' lang='lat' dir='ltr'><strong>anno</strong></span> <span class='ocrx_word' id='word_1_172' title='bbox 565 2679 653 2753; x_wconf 80' lang='grc'><strong>1375,</strong></span> <span class='ocrx_word' id='word_1_173' title='bbox 676 2696 772 2758; x_wconf 88' lang='lat' dir='ltr'><strong>quam</strong></span> <span class='ocrx_word' id='word_1_174' title='bbox 795 2675 878 2739; x_wconf 89' lang='lat' dir='ltr'><strong>citat</strong></span> <span class='ocrx_word' id='word_1_175' title='bbox 898 2673 1092 2758; x_wconf 75' lang='lat' dir='ltr'><strong>Molanus.⁶)</strong></span> 
     </span>
    </p>

    <p class='ocr_par' dir='ltr' id='par_1_6' title="bbox 301 2771 1323 2856">
     <span class='ocr_line' id='line_1_25' title="bbox 301 2771 1323 2856; baseline 0.003 -21"><span class='ocrx_word' id='word_1_176' title='bbox 301 2771 370 2836; x_wconf 92' lang='lat' dir='ltr'><strong>Hoc</strong></span> <span class='ocrx_word' id='word_1_177' title='bbox 392 2771 513 2838; x_wconf 85' lang='lat' dir='ltr'><strong>festum</strong></span> <span class='ocrx_word' id='word_1_178' title='bbox 530 2773 719 2838; x_wconf 88' lang='lat' dir='ltr'><strong>institutum</strong></span> <span class='ocrx_word' id='word_1_179' title='bbox 740 2779 774 2838; x_wconf 89' lang='lat' dir='ltr'><strong>et</strong></span> <span class='ocrx_word' id='word_1_180' title='bbox 791 2772 1009 2856; x_wconf 86' lang='lat' dir='ltr'><strong>approbatum</strong></span> <span class='ocrx_word' id='word_1_181' title='bbox 1025 2772 1127 2839; x_wconf 88' lang='lat' dir='ltr'><strong>fuisse</strong></span> <span class='ocrx_word' id='word_1_182' title='bbox 1149 2795 1170 2839; x_wconf 93' lang='lat' dir='ltr'><strong>a</strong></span> <span class='ocrx_word' id='word_1_183' title='bbox 1187 2774 1258 2840; x_wconf 93' lang='lat' dir='ltr'><strong>Pio</strong></span> <span class='ocrx_word' id='word_1_184' title='bbox 1278 2776 1323 2840; x_wconf 93' lang='lat' dir='ltr'><strong>II.</strong></span> 
     </span>
    </p>
   </div>
   <div class='ocr_carea' id='block_1_3' title="bbox 221 2988 1385 3477">
    <p class='ocr_par' dir='ltr' id='par_1_7' title="bbox 238 2988 1385 3226">
     <span class='ocr_line' id='line_1_26' title="bbox 307 2988 1385 3066; baseline 0 -22"><span class='ocrx_word' id='word_1_185' title='bbox 307 2989 326 3056; x_wconf 87' lang='lat'><strong>¹)</strong></span> <span class='ocrx_word' id='word_1_186' title='bbox 344 2991 530 3058; x_wconf 79' lang='lat' dir='ltr'><strong>„Quamquam</strong></span> <span class='ocrx_word' id='word_1_187' title='bbox 543 3007 610 3044; x_wconf 86' lang='lat' dir='ltr'><strong>vero</strong></span> <span class='ocrx_word' id='word_1_188' title='bbox 623 2990 670 3043; x_wconf 86' lang='lat' dir='ltr'><strong>lex</strong></span> <span class='ocrx_word' id='word_1_189' title='bbox 687 2989 723 3044; x_wconf 87' lang='lat' dir='ltr'><strong>de</strong></span> <span class='ocrx_word' id='word_1_190' title='bbox 740 2989 889 3044; x_wconf 78' lang='lat' dir='ltr'><strong>offerendis</strong></span> <span class='ocrx_word' id='word_1_191' title='bbox 903 2989 1097 3060; x_wconf 86' lang='lat' dir='ltr'><strong>primogenitis</strong></span> <span class='ocrx_word' id='word_1_192' title='bbox 1112 2988 1149 3042; x_wconf 83' lang='lat' dir='ltr'><strong>ad</strong></span> <span class='ocrx_word' id='word_1_193' title='bbox 1166 2988 1324 3044; x_wconf 81' lang='lat' dir='ltr'><strong>offerendas</strong></span> <span class='ocrx_word' id='word_1_194' title='bbox 1384 3063 1385 3066; x_wconf 7' lang='grc' dir='ltr'><strong>Ἴ</strong></span> 
     </span>
     <span class='ocr_line' id='line_1_27' title="bbox 238 3071 1323 3142; baseline 0.001 -17"><span class='ocrx_word' id='word_1_195' title='bbox 238 3072 310 3126; x_wconf 85' lang='lat' dir='ltr'><strong>filias</strong></span> <span class='ocrx_word' id='word_1_196' title='bbox 332 3091 388 3126; x_wconf 90' lang='lat' dir='ltr'><strong>non</strong></span> <span class='ocrx_word' id='word_1_197' title='bbox 410 3073 562 3142; x_wconf 85' lang='lat' dir='ltr'><strong>obligaret,</strong></span> <span class='ocrx_word' id='word_1_198' title='bbox 587 3077 666 3128; x_wconf 83' lang='lat' dir='ltr'><strong>notat</strong></span> <span class='ocrx_word' id='word_1_199' title='bbox 692 3072 793 3127; x_wconf 85' lang='lat' dir='ltr'><strong>Suarez</strong></span> <span class='ocrx_word' id='word_1_200' title='bbox 816 3073 846 3126; x_wconf 89' lang='lat' dir='ltr'><strong>in</strong></span> <span class='ocrx_word' id='word_1_201' title='bbox 864 3071 913 3135; x_wconf 85' lang='grc' dir='ltr'>ΙΙΙ,</span> <span class='ocrx_word' id='word_1_202' title='bbox 932 3090 959 3140; x_wconf 91' lang='lat' dir='ltr'><strong>p.</strong></span> <span class='ocrx_word' id='word_1_203' title='bbox 981 3076 1048 3126; x_wconf 88' lang='lat' dir='ltr'><strong>tom.</strong></span> <span class='ocrx_word' id='word_1_204' title='bbox 1066 3071 1103 3136; x_wconf 88' lang='grc' dir='ltr'><strong>ΙΙ,</strong></span> <span class='ocrx_word' id='word_1_205' title='bbox 1126 3071 1197 3139; x_wconf 85' lang='lat' dir='ltr'><strong>disp.</strong></span> <span class='ocrx_word' id='word_1_206' title='bbox 1215 3071 1280 3138; x_wconf 86' lang='lat' dir='ltr'><strong>Vll,</strong></span> <span class='ocrx_word' id='word_1_207' title='bbox 1298 3089 1323 3142; x_wconf 88' lang='lat' dir='ltr'><strong>q.</strong></span> 
     </span>
     <span class='ocr_line' id='line_1_28' title="bbox 238 3154 1322 3226; baseline -0.002 -16"><span class='ocrx_word' id='word_1_208' title='bbox 238 3158 280 3221; x_wconf 87' lang='grc'><strong>29,</strong></span> <span class='ocrx_word' id='word_1_209' title='bbox 298 3161 429 3225; x_wconf 81' lang='lat' dir='ltr'><strong>poterant</strong></span> <span class='ocrx_word' id='word_1_210' title='bbox 445 3161 539 3212; x_wconf 86' lang='lat' dir='ltr'><strong>tamen</strong></span> <span class='ocrx_word' id='word_1_211' title='bbox 557 3160 686 3226; x_wconf 86' lang='lat' dir='ltr'><strong>parentes</strong></span> <span class='ocrx_word' id='word_1_212' title='bbox 709 3157 864 3210; x_wconf 79' lang='lat' dir='ltr'><strong>voluntarie</strong></span> <span class='ocrx_word' id='word_1_213' title='bbox 885 3172 932 3210; x_wconf 83' lang='lat' dir='ltr'><strong>ess</strong></span> <span class='ocrx_word' id='word_1_214' title='bbox 956 3154 1056 3209; x_wconf 80' lang='lat' dir='ltr'><strong>offerre</strong></span> <span class='ocrx_word' id='word_1_215' title='bbox 1078 3171 1111 3208; x_wconf 86' lang='lat' dir='ltr'><strong>ao</strong></span> <span class='ocrx_word' id='word_1_216' title='bbox 1129 3154 1226 3208; x_wconf 86' lang='lat' dir='ltr'><strong>divino</strong></span> <span class='ocrx_word' id='word_1_217' title='bbox 1244 3155 1322 3224; x_wconf 80' lang='lat' dir='ltr'><strong>operi</strong></span> 
     </span>
    </p>

    <p class='ocr_par' dir='ltr' id='par_1_8' title="bbox 221 3237 1323 3477">
     <span class='ocr_line' id='line_1_29' title="bbox 221 3237 1323 3308; baseline -0.004 -12"><span class='ocrx_word' id='word_1_218' title='bbox 221 3241 430 3296; x_wconf 22' lang='lat' dir='ltr'><strong>*consecrara‘*</strong></span> <span class='ocrx_word' id='word_1_219' title='bbox 472 3241 493 3307; x_wconf 64' lang='grc' dir='ltr'><strong>2Ι</strong></span> <span class='ocrx_word' id='word_1_220' title='bbox 516 3239 599 3308; x_wconf 87' lang='lat' dir='ltr'><strong>Apud</strong></span> <span class='ocrx_word' id='word_1_221' title='bbox 622 3240 814 3296; x_wconf 85' lang='lat' dir='ltr'><strong>Colvenerium</strong></span> <span class='ocrx_word' id='word_1_222' title='bbox 837 3240 857 3295; x_wconf 90' lang='grc' dir='ltr'><strong>Ι.</strong></span> <span class='ocrx_word' id='word_1_223' title='bbox 879 3257 904 3295; x_wconf 87' lang='lat' dir='ltr'><strong>c.</strong></span> <span class='ocrx_word' id='word_1_224' title='bbox 926 3239 962 3293; x_wconf 86' lang='lat' dir='ltr'><strong>sd</strong></span> <span class='ocrx_word' id='word_1_225' title='bbox 984 3239 1059 3294; x_wconf 87' lang='lat' dir='ltr'><strong>diem</strong></span> <span class='ocrx_word' id='word_1_226' title='bbox 1084 3241 1124 3292; x_wconf 85' lang='lat'><strong>21.</strong></span> <span class='ocrx_word' id='word_1_227' title='bbox 1147 3237 1323 3294; x_wconf 78' lang='lat' dir='ltr'><strong>Novembris</strong></span> 
     </span>
     <span class='ocr_line' id='line_1_30' title="bbox 238 3314 1321 3390; baseline -0.002 -12"><span class='ocrx_word' id='word_1_228' title='bbox 238 3323 493 3390; x_wconf 61' lang='lat' dir='ltr'><strong>esnaeistarum</strong></span> <span class='ocrx_word' id='word_1_229' title='bbox 514 3323 677 3380; x_wconf 88' lang='lat' dir='ltr'><strong>constitutio</strong></span> <span class='ocrx_word' id='word_1_230' title='bbox 698 3339 714 3375; x_wconf 86' lang='lat' dir='ltr'><strong>a</strong></span> <span class='ocrx_word' id='word_1_231' title='bbox 736 3314 882 3376; x_wconf 84' lang='lat' dir='ltr'><strong>Theodoro</strong></span> <span class='ocrx_word' id='word_1_232' title='bbox 904 3322 1051 3376; x_wconf 84' lang='lat' dir='ltr'><strong>Balsamon</strong></span> <span class='ocrx_word' id='word_1_233' title='bbox 1071 3321 1102 3374; x_wconf 91' lang='lat' dir='ltr'><strong>in</strong></span> <span class='ocrx_word' id='word_1_234' title='bbox 1123 3320 1321 3376; x_wconf 75' lang='lat' dir='ltr'><strong>Nomocsnone</strong></span> 
     </span>
     <span class='ocr_line' id='line_1_31' title="bbox 239 3404 1321 3477; baseline -0.002 -17"><span class='ocrx_word' id='word_1_235' title='bbox 239 3405 334 3460; x_wconf 87' lang='lat' dir='ltr'><strong>Photii</strong></span> <span class='ocrx_word' id='word_1_236' title='bbox 357 3407 402 3460; x_wconf 89' lang='lat' dir='ltr'><strong>tit.</strong></span> <span class='ocrx_word' id='word_1_237' title='bbox 419 3409 435 3460; x_wconf 89' lang='grc'><strong>7</strong></span> <span class='ocrx_word' id='word_1_238' title='bbox 452 3423 496 3476; x_wconf 87' lang='lat' dir='ltr'><strong>cp.</strong></span> <span class='ocrx_word' id='word_1_239' title='bbox 514 3405 545 3460; x_wconf 77' lang='lat'><strong>1.</strong></span> <span class='ocrx_word' id='word_1_240' title='bbox 579 3407 600 3474; x_wconf 85' lang='lat'><strong>⁴)</strong></span> <span class='ocrx_word' id='word_1_241' title='bbox 618 3406 651 3459; x_wconf 89' lang='lat' dir='ltr'><strong>ln</strong></span> <span class='ocrx_word' id='word_1_242' title='bbox 675 3406 810 3474; x_wconf 84' lang='lat' dir='ltr'><strong>Gregorio</strong></span> <span class='ocrx_word' id='word_1_243' title='bbox 830 3406 876 3470; x_wconf 89' lang='grc' dir='ltr'>ΙΙΙ,</span> <span class='ocrx_word' id='word_1_244' title='bbox 901 3404 957 3474; x_wconf 76' lang='lat'><strong>§.3</strong></span> <span class='ocrx_word' id='word_1_245' title='bbox 981 3421 1044 3477; x_wconf 80' lang='lat' dir='ltr'><strong>pag.</strong></span> <span class='ocrx_word' id='word_1_246' title='bbox 1058 3407 1108 3458; x_wconf 78' lang='lat'><strong>422</strong></span> <span class='ocrx_word' id='word_1_247' title='bbox 1133 3404 1200 3460; x_wconf 83' lang='lat' dir='ltr'><strong>edit.</strong></span> <span class='ocrx_word' id='word_1_248' title='bbox 1218 3405 1321 3462; x_wconf 82' lang='lat' dir='ltr'><strong>Venet:</strong></span> 
     </span>
    </p>
   </div>
   <div class='ocr_carea' id='block_1_4' title="bbox 239 3486 1321 4057">
    <p class='ocr_par' dir='ltr' id='par_1_9' title="bbox 239 3486 1321 4057">
     <span class='ocr_line' id='line_1_32' title="bbox 240 3486 1321 3559; baseline -0.003 -17"><span class='ocrx_word' id='word_1_249' title='bbox 240 3489 383 3559; x_wconf 86' lang='lat' dir='ltr'><strong>„Egregia</strong></span> <span class='ocrx_word' id='word_1_250' title='bbox 407 3489 550 3544; x_wconf 87' lang='lat' dir='ltr'><strong>Pontificis</strong></span> <span class='ocrx_word' id='word_1_251' title='bbox 573 3489 653 3558; x_wconf 88' lang='lat' dir='ltr'><strong>hujus</strong></span> <span class='ocrx_word' id='word_1_252' title='bbox 676 3489 815 3558; x_wconf 83' lang='lat' dir='ltr'><strong>(Gregorii</strong></span> <span class='ocrx_word' id='word_1_253' title='bbox 834 3487 890 3556; x_wconf 81' lang='lat' dir='ltr'><strong>xl.)</strong></span> <span class='ocrx_word' id='word_1_254' title='bbox 914 3505 982 3557; x_wconf 81' lang='lat' dir='ltr'><strong>erga</strong></span> <span class='ocrx_word' id='word_1_255' title='bbox 1005 3487 1154 3556; x_wconf 85' lang='lat' dir='ltr'><strong>Deiparam</strong></span> <span class='ocrx_word' id='word_1_256' title='bbox 1177 3486 1321 3557; x_wconf 86' lang='lat' dir='ltr'><strong>Virginem</strong></span> 
     </span>
     <span class='ocr_line' id='line_1_33' title="bbox 240 3569 1321 3641; baseline -0.001 -16"><span class='ocrx_word' id='word_1_257' title='bbox 240 3571 353 3626; x_wconf 84' lang='lat' dir='ltr'><strong>devotio</strong></span> <span class='ocrx_word' id='word_1_258' title='bbox 371 3573 499 3641; x_wconf 86' lang='lat' dir='ltr'><strong>probavit</strong></span> <span class='ocrx_word' id='word_1_259' title='bbox 515 3588 588 3637; x_wconf 88' lang='lat' dir='ltr'><strong>sese,</strong></span> <span class='ocrx_word' id='word_1_260' title='bbox 612 3571 722 3641; x_wconf 86' lang='lat' dir='ltr'><strong>quaudo</strong></span> <span class='ocrx_word' id='word_1_261' title='bbox 746 3571 783 3626; x_wconf 80' lang='lat' dir='ltr'><strong>ed</strong></span> <span class='ocrx_word' id='word_1_262' title='bbox 807 3572 968 3626; x_wconf 80' lang='lat' dir='ltr'><strong>instantiam</strong></span> <span class='ocrx_word' id='word_1_263' title='bbox 985 3570 1107 3640; x_wconf 89' lang='lat' dir='ltr'><strong>Philippi</strong></span> <span class='ocrx_word' id='word_1_264' title='bbox 1131 3569 1321 3636; x_wconf 73' lang='lat' dir='ltr'><strong>dehiscentis,</strong></span> 
     </span>
     <span class='ocr_line' id='line_1_34' title="bbox 240 3651 1320 3724; baseline -0.002 -16"><span class='ocrx_word' id='word_1_265' title='bbox 240 3654 406 3708; x_wconf 80' lang='lat' dir='ltr'><strong>Cancellarii</strong></span> <span class='ocrx_word' id='word_1_266' title='bbox 422 3655 514 3724; x_wconf 84' lang='lat' dir='ltr'><strong>Cypri,</strong></span> <span class='ocrx_word' id='word_1_267' title='bbox 538 3660 603 3724; x_wconf 87' lang='lat' dir='ltr'><strong>post</strong></span> <span class='ocrx_word' id='word_1_268' title='bbox 618 3659 756 3710; x_wconf 85' lang='lat' dir='ltr'><strong>maturam</strong></span> <span class='ocrx_word' id='word_1_269' title='bbox 772 3655 857 3709; x_wconf 87' lang='lat' dir='ltr'><strong>totius</strong></span> <span class='ocrx_word' id='word_1_270' title='bbox 874 3654 980 3724; x_wconf 83' lang='lat' dir='ltr'><strong>negotii</strong></span> <span class='ocrx_word' id='word_1_271' title='bbox 998 3653 1198 3708; x_wconf 85' lang='lat' dir='ltr'><strong>discussionem</strong></span> <span class='ocrx_word' id='word_1_272' title='bbox 1213 3651 1320 3720; x_wconf 82' lang='lat' dir='ltr'><strong>recepit</strong></span> 
     </span>
     <span class='ocr_line' id='line_1_35' title="bbox 239 3733 1318 3804; baseline -0.003 -12"><span class='ocrx_word' id='word_1_273' title='bbox 239 3737 353 3792; x_wconf 82' lang='lat' dir='ltr'><strong>Festum</strong></span> <span class='ocrx_word' id='word_1_274' title='bbox 370 3742 399 3791; x_wconf 88' lang='lat' dir='ltr'><strong>et</strong></span> <span class='ocrx_word' id='word_1_275' title='bbox 415 3737 538 3791; x_wconf 83' lang='lat' dir='ltr'><strong>officium</strong></span> <span class='ocrx_word' id='word_1_276' title='bbox 554 3738 800 3804; x_wconf 69' lang='lat' dir='ltr'><strong>Praesmtationis,</strong></span> <span class='ocrx_word' id='word_1_277' title='bbox 824 3739 898 3802; x_wconf 77' lang='lat' dir='ltr'><strong>cuod</strong></span> <span class='ocrx_word' id='word_1_278' title='bbox 915 3754 1008 3792; x_wconf 84' lang='lat' dir='ltr'><strong>sorsm</strong></span> <span class='ocrx_word' id='word_1_279' title='bbox 1029 3753 1059 3792; x_wconf 87' lang='lat' dir='ltr'><strong>se</strong></span> <span class='ocrx_word' id='word_1_280' title='bbox 1079 3735 1149 3792; x_wconf 78' lang='lat' dir='ltr'><strong>fauit</strong></span> <span class='ocrx_word' id='word_1_281' title='bbox 1166 3733 1318 3790; x_wconf 70' lang='grc' dir='ltr'><strong>οεΙοΙπειιἸιι</strong></span> 
     </span>
     <span class='ocr_line' id='line_1_36' title="bbox 241 3818 1319 3878; baseline -0.006 -2"><span class='ocrx_word' id='word_1_282' title='bbox 241 3822 385 3876; x_wconf 81' lang='lat' dir='ltr'><strong>Avenions</strong></span> <span class='ocrx_word' id='word_1_283' title='bbox 409 3822 438 3874; x_wconf 90' lang='lat' dir='ltr'><strong>iu</strong></span> <span class='ocrx_word' id='word_1_284' title='bbox 456 3822 551 3876; x_wconf 82' lang='lat' dir='ltr'><strong>Ecclia</strong></span> <span class='ocrx_word' id='word_1_285' title='bbox 567 3823 684 3878; x_wconf 82' lang='lat' dir='ltr'><strong>fratrum</strong></span> <span class='ocrx_word' id='word_1_286' title='bbox 701 3822 841 3878; x_wconf 75' lang='lat' dir='ltr'><strong>Minorem</strong></span> <span class='ocrx_word' id='word_1_287' title='bbox 867 3821 912 3876; x_wconf 86' lang='lat' dir='ltr'><strong>dis</strong></span> <span class='ocrx_word' id='word_1_288' title='bbox 930 3821 1078 3876; x_wconf 84' lang='lat' dir='ltr'><strong>Dominios</strong></span> <span class='ocrx_word' id='word_1_289' title='bbox 1097 3823 1137 3874; x_wconf 88' lang='grc'><strong>21.</strong></span> <span class='ocrx_word' id='word_1_290' title='bbox 1155 3818 1319 3874; x_wconf 83' lang='lat' dir='ltr'><strong>Novembris</strong></span> 
     </span>
     <span class='ocr_line' id='line_1_37' title="bbox 241 3901 1319 3972; baseline -0.002 -16"><span class='ocrx_word' id='word_1_291' title='bbox 241 3919 313 3956; x_wconf 82' lang='lat' dir='ltr'><strong>anno</strong></span> <span class='ocrx_word' id='word_1_292' title='bbox 339 3905 403 3956; x_wconf 84' lang='grc'><strong>1372</strong></span> <span class='ocrx_word' id='word_1_293' title='bbox 426 3905 556 3972; x_wconf 84' lang='lat' dir='ltr'><strong>-apud</strong></span> <span class='ocrx_word' id='word_1_294' title='bbox 581 3905 734 3959; x_wconf 70' lang='lat' dir='ltr'><strong>Sentinum</strong></span> <span class='ocrx_word' id='word_1_295' title='bbox 759 3904 885 3959; x_wconf 88' lang='lat' dir='ltr'><strong>Historia</strong></span> <span class='ocrx_word' id='word_1_296' title='bbox 909 3904 1032 3958; x_wconf 74' lang='lat' dir='ltr'><strong>familiae</strong></span> <span class='ocrx_word' id='word_1_297' title='bbox 1057 3918 1152 3958; x_wconf 77' lang='lat' dir='ltr'><strong>sacrae</strong></span> <span class='ocrx_word' id='word_1_298' title='bbox 1177 3918 1239 3971; x_wconf 78' lang='lat' dir='ltr'><strong>psg.</strong></span> <span class='ocrx_word' id='word_1_299' title='bbox 1263 3901 1319 3956; x_wconf 73' lang='lat'><strong>349.</strong></span> 
     </span>
     <span class='ocr_line' id='line_1_38' title="bbox 240 3984 1318 4057; baseline 0.001 -20"><span class='ocrx_word' id='word_1_300' title='bbox 240 3985 262 4048; x_wconf 76' lang='lat'><strong>⁵)</strong></span> <span class='ocrx_word' id='word_1_301' title='bbox 280 3986 313 4037; x_wconf 89' lang='lat' dir='ltr'><strong>ln</strong></span> <span class='ocrx_word' id='word_1_302' title='bbox 325 3985 552 4041; x_wconf 85' lang='lat' dir='ltr'><strong>annotationibus</strong></span> <span class='ocrx_word' id='word_1_303' title='bbox 565 3987 687 4042; x_wconf 78' lang='lat' dir='ltr'><strong>adhunc</strong></span> <span class='ocrx_word' id='word_1_304' title='bbox 700 3986 775 4042; x_wconf 83' lang='lat' dir='ltr'><strong>diem</strong></span> <span class='ocrx_word' id='word_1_305' title='bbox 790 3987 864 4057; x_wconf 85' lang='lat' dir='ltr'><strong>apud</strong></span> <span class='ocrx_word' id='word_1_306' title='bbox 877 3987 1068 4042; x_wconf 82' lang='lat' dir='ltr'><strong>Colveuerium</strong></span> <span class='ocrx_word' id='word_1_307' title='bbox 1082 3986 1099 4040; x_wconf 94' lang='grc' dir='ltr'><strong>Ι.</strong></span> <span class='ocrx_word' id='word_1_308' title='bbox 1112 4001 1136 4040; x_wconf 88' lang='lat' dir='ltr'><strong>c.</strong></span> <span class='ocrx_word' id='word_1_309' title='bbox 1151 3985 1187 4040; x_wconf 85' lang='lat' dir='ltr'><strong>sd</strong></span> <span class='ocrx_word' id='word_1_310' title='bbox 1198 3987 1240 4040; x_wconf 87' lang='grc'><strong>21.</strong></span> <span class='ocrx_word' id='word_1_311' title='bbox 1250 3984 1318 4039; x_wconf 81' lang='lat' dir='ltr'><strong>Nor.</strong></span> 
     </span>
    </p>
   </div>
   <div class='ocr_carea' id='block_1_5' title="bbox 0 0 1399 4554">
    <p class='ocr_par' dir='ltr' id='par_1_10' title="bbox 0 0 1399 4554">
     <span class='ocr_line' id='line_1_39' title="bbox 0 0 1399 4554; baseline 0 0"><span class='ocrx_word' id='word_1_312' title='bbox 0 0 1399 4554; x_wconf 95' lang='lat' dir='ltr'><strong> </strong></span> 
     </span>
    </p>
   </div>
  </div>
 </body>
</html>
