2718 4556
539 349 598 410 323

48 536 141 599 pares:
174 519 296 597 quanto
325 509 426 592 magis
456 509 651 573 credendum
685 515 750 587 est,
781 509 900 588 Deum,
934 511 1107 575 castissimi

47 616 127 698 hujus
153 610 351 678 matrimonii
380 615 561 686 auctorem,
592 607 674 671 illud
701 608 854 686 voluisse,
884 615 922 672 nt
951 609 1007 691 qui
1028 631 1105 674 suae

48 714 143 778 matris
164 731 301 795 sponsus
328 706 404 790 eligi
426 707 574 784 deberet,
605 712 690 770 esset
710 707 741 770 ei
769 729 835 770 non
865 707 969 770 solum
997 716 1106 774 aetate

48 820 74 877 et
92 812 273 887 nobilitate,
304 807 360 872 sed
383 807 483 870 etiam
504 827 630 869 morum
651 805 840 888 integritate
861 806 1011 888 vitaeque
1033 829 1107 890 pro-

47 911 135 976 bitate
156 930 253 993 quam
273 907 412 970 maxime
434 903 568 969 similis?
594 905 711 986 ltaque
732 905 817 968 siout
837 905 943 969 Maria
963 927 983 975 a
1004 907 1106 990 stirpe

47 1011 121 1092 regia
151 1005 382 1082 descendebat,
416 1004 464 1068 ita
496 1010 530 1067 et
557 1003 707 1085 Joseph.“
758 1003 849 1068 Sicut
879 1003 999 1082 Maria,
1032 1006 1107 1069 sub-

45 1108 188 1190 jungimus
208 1106 298 1169 hisce
319 1102 509 1166 Bellarmini
529 1100 649 1180 verbis,
676 1123 741 1165 non
763 1101 868 1166 solum
887 1102 1106 1184 virginitatem
1222 1139 1226 1146 ·

47 1228 155 1290 semper
175 1203 315 1269 servavit
334 1200 542 1278 incolumem,
566 1200 623 1265 sed
646 1200 744 1264 etiam
765 1207 840 1264 roto
864 1222 936 1266 eam
956 1201 1104 1282 firmavit,

46 1305 84 1368 ita
103 1312 133 1369 et
152 1302 287 1385 Joseph;
310 1301 394 1366 sicut
414 1299 520 1364 Maria
541 1299 792 1378 adolescentula,
814 1301 943 1382 quando
965 1302 1105 1385 Jos'epho

46 1404 154 1484 nupsit,
183 1401 231 1465 ita
254 1406 287 1464 et
308 1398 429 1480 Joseph
450 1404 598 1463 maturus
617 1398 757 1480 juvenis,
789 1421 888 1482 quum
908 1401 1107 1465 matrimonii

47 1500 201 1565 castissimi
235 1498 363 1563 vinculo
402 1518 475 1561 cum
511 1491 702 1561 beatissima
732 1497 864 1580 Virgine
900 1497 1002 1564 fuerit
1033 1522 1106 1564 con-

43 1599 166 1681 junctus.
208 1598 395 1680 Loquamur
417 1613 492 1678 ergo
513 1596 618 1678 primo
641 1595 681 1659 de
710 1617 734 1659 1.
756 1596 889 1678 Josephi
909 1597 1105 1680 virginitate.
1207 1622 1208 1626 ¹

488 1765 590 1898 Gap.
623 1766 649 1872 Ι.

249 1954 306 2022 nn
329 1953 362 2022 s.
382 1952 563 2022 Josnrsr
583 1953 882 2022 useuurrrn

97 2096 223 2160 Cunctis
260 2093 436 2158 virtutibus
473 2093 658 2158 christianis
696 2116 719 2158 1.
755 2094 916 2176 Deiparae
954 2115 1106 2177 sponsum

45 2193 294 2274 gloriosissimum
322 2200 473 2258 ornatum
501 2192 618 2271 fuisse,
651 2215 786 2258 munera
816 2215 836 2257 a
865 2194 973 2257 divina
1000 2195 1106 2276 provi-

47 2292 142 2358 dentia
161 2295 225 2376 ipsi
246 2293 399 2375 imposita
421 2291 597 2356 clarissime
616 2292 768 2374 produnt.
807 2292 982 2373 ,Omnium
999 2294 1106 2376 singu-

46 2390 146 2456 larium
176 2393 370 2476 gratiarnm,
404 2390 512 2473 inquit
547 2413 570 2454 s.
603 2391 874 2455 Bernardinus
910 2392 1104 2471 Senensis,

46 2491 129 2555 alicui
147 2490 335 2556 rationabili
354 2496 523 2554 creaturae
546 2490 855 2554 communicatarum
876 2490 1036 2572 generalis
1056 2513 1106 2555 re-

47 2589 109 2669 gula
128 2597 184 2669 est,
204 2589 292 2672 quod
310 2587 579 2676 quandocumque
598 2590 706 2654 divina
727 2591 832 2672 gratia
855 2590 946 2672 eligit
963 2592 1106 2675 aliquem

47 2687 80 2750 ad
98 2689 235 2772 aliquam
256 2690 395 2771 gratiam
416 2688 611 2770 singularem
634 2709 692 2752 seu
714 2687 756 2752 ad
773 2688 914 2771 aliquem
936 2682 1107 2754 sublimem

47 2791 165 2865 statum,
195 2788 304 2852 omnia
332 2787 529 2852 charismata
556 2786 670 2865 donat,
700 2807 784 2868 quae
812 2786 861 2850 illi
881 2808 1038 2868 personae
1060 2790 1107 2853 sic

47 2883 151 2950 electae
173 2893 207 2952 et
229 2887 298 2969 ejus
321 2885 424 2950 officio
446 2887 629 2950 necessaria
650 2892 727 2950 sunt
744 2892 843 2970 atque
865 2886 957 2950 illum
978 2889 1106 2970 copiose
1133 2927 1134 2930 =

47 2982 184 3050 decorant
206 3034 212 3048 .
237 3033 243 3048 .
267 3033 304 3047 ..
349 2984 442 3062 Quod
470 2985 609 3048 maxime
637 2983 839 3048 verificatum
868 2991 917 3048 est
938 2986 972 3048 in
993 2993 1105 3051 sancto

47 3079 183 3165 Josepho,
213 3084 361 3166 putativo
390 3083 488 3147 Patre
511 3082 641 3146 Domini
668 3084 773 3147 nostri
798 3084 876 3148 Jesu
905 3083 1041 3162 Christi,
1073 3092 1106 3150 et
1207 3097 1208 3101 ’

48 3199 107 3245 1111
133 3203 248 3265 sponso
271 3181 414 3263 Reginae
434 3180 547 3244 mundi
576 3187 609 3245 et
631 3181 787 3245 Dominae
809 3180 1019 3263 Angelorum,
1050 3185 1106 3265 qui

48 3277 80 3340 ab
97 3289 223 3346 aeterno
240 3281 339 3346 Patre
361 3280 484 3345 electus
506 3286 556 3344 est
572 3279 678 3344 fidelis
699 3278 855 3344 nutritius
876 3285 975 3362 atque
997 3287 1106 3345 custos

48 3377 257 3462 principalium
288 3379 515 3444 thesaurorum
547 3400 693 3457 suorum,
727 3377 852 3442 scilicet
882 3377 942 3440 filii
973 3379 1042 3461 ejus
1074 3385 1107 3444 et

48 3494 166 3556 sponsae
187 3501 276 3559 suae,
299 3477 388 3562 quod
408 3477 548 3542 officium
566 3476 753 3541 fidelissime
774 3483 966 3559 prosecutus
989 3477 1068 3541 111.α

97 3577 281 3656 Quaeritur,
317 3583 428 3642 utrum
460 3597 484 3640 s.
513 3576 634 3658 Joseph
666 3576 767 3641 etiam
797 3575 1034 3658 virginitate
1067 3582 1106 3640 et

48 3678 208 3757 corporis
241 3682 281 3741 et
311 3675 454 3738 mentis
486 3674 698 3756 praestiterit.
750 3675 780 3738 S.
810 3674 978 3756 Scriptura
1007 3696 1107 3757 quum

47 3768 96 3836 hac
124 3775 161 3840 de
193 3773 383 3859 quaestione
414 3773 564 3852 reticeat,
598 3794 662 3837 non
693 3772 799 3838 solum
825 3773 1007 3838 haereticos
1034 3795 1107 3856 per-

48 3871 164 3955 multos,
201 3873 260 3938 sed
291 3873 391 3938 etiam
425 3872 598 3937 nonnullos
629 3871 745 3937 Patres
780 3893 818 3936 ec
854 3872 1021 3955 theologos
1054 3872 1107 3935 hic

49 3965 258 4043 dissentientes
279 3971 434 4036 videmus.
478 3970 601 4036 Contra
621 3971 695 4036 illos
717 3971 868 4036 dicimus:

909 4069 957 4126 21*
