2730 4564
558 357 616 416 155

59 519 133 582 enim
142 517 347 602 Evangelista
358 517 455 582 dixit:
478 517 644 599 ,Filium
659 504 769 580 suum
782 514 1123 598 primogenitum,“

58 637 112 681 non
126 638 198 682 vero
215 617 340 700 „filium
355 617 608 700 primogenitum
626 615 750 680 suum.“
778 612 1032 698 Primogenitum
1048 635 1123 698 ergo

57 737 222 781 rensuum
248 715 426 799 appellavit
452 715 495 779 ad
516 713 774 798 significandum,
803 713 968 778 Christum
988 734 1053 779 non
1074 735 1124 780 re-

57 821 157 896 spectu
177 815 325 892 fratrum,
346 835 427 897 quos
443 814 542 896 Virgo
564 813 737 896 pepererit,
758 810 815 876 sed
832 810 935 876 relate
953 811 996 875 ad
1013 832 1124 876 omnes

58 919 209 978 creaturas
230 912 388 976 nominari
407 911 666 994 primogenitum.
702 909 796 991 ,Qui
818 916 878 974 est
899 909 1026 992 imago
1050 909 1124 974 Dei

57 1010 298 1090 invisibilis,
328 1010 639 1094 primogenitus
669 1009 800 1073 omnis
830 1008 1121 1090 creaturae.“¹)

107 1109 153 1172 Ex
174 1111 394 1193 usquemodo
417 1109 593 1193 disputatis
615 1108 793 1192 colligitur,
823 1130 845 1172 s.
870 1109 1046 1191 Deiparam
1066 1131 1124 1174 no-

56 1208 128 1272 mine
166 1209 466 1292 „sempervirginis“
506 1209 629 1291 optimo
667 1208 740 1291 jure
779 1207 879 1272 fuisse
919 1208 1122 1288 decoratam3

56 1305 261 1388 virginitatem
282 1310 369 1373 enim
389 1315 466 1373 ante
487 1315 632 1390 partum,
660 1307 696 1370 in
716 1314 815 1389 partu
843 1315 876 1372 et
897 1315 972 1391 post
992 1315 1124 1391 partum

56 1409 243 1472 conservavit
275 1409 404 1473 omnino
436 1407 591 1472 illaesam.
645 1406 785 1470 Tantum
817 1407 924 1486 abest,
957 1414 996 1472 ut
1026 1407 1122 1490 hujus

55 1505 320 1585 splendidissimae
348 1507 480 1572 virtutis
506 1505 784 1589 pulchritudinem
810 1512 886 1588 post
906 1513 1037 1589 partum
1064 1506 1123 1569 im·

55 1602 209 1683 minuerit,
237 1612 277 1670 ut
304 1607 407 1671 virtus
428 1606 508 1670 haec
530 1605 564 1668 in
593 1604 661 1669 dies
683 1605 785 1687 magis
807 1611 904 1669 aucta
931 1605 975 1669 sit
996 1610 1030 1668 et
1050 1625 1123 1686 per·

55 1701 138 1768 fecta.
174 1705 336 1783 Quamdiu
356 1706 441 1770 enim
461 1704 637 1769 Salvatoris
654 1710 760 1768 mater
777 1704 812 1768 in
828 1702 890 1768 hac
908 1703 1124 1786 lacrymarum

55 1802 125 1867 valle
144 1804 288 1881 vivebat,
318 1804 352 1868 in
373 1804 549 1868 sanctitate
576 1803 753 1866 crescebat.
798 1801 1025 1867 Crescentibus
1046 1823 1122 1867 vero

56 1899 134 1966 donis
164 1903 423 1986 virtutibusque,
460 1902 611 1967 similiter
642 1902 744 1965 crevit
777 1908 810 1966 et
841 1901 1017 1984 virginitas
1071 1901 1123 1965 Ita

56 2020 191 2083 expresse
219 2001 323 2066 tradit
349 2001 378 2065 d.
402 2001 673 2084 Augustinus
718 2000 847 2081 „Crevit
873 2000 907 2064 in
933 2000 1003 2082 ejus
1024 2006 1123 2082 partu

56 2096 212 2182 integritas
242 2101 386 2183 corporis
407 2100 532 2182 potine,
563 2121 661 2183 quam
689 2099 847 2178 decrevit,
877 2100 973 2181 ait,2)
1006 2106 1040 2164 et
1060 2100 1123 2163 vir-

55 2198 160 2278 ginitas
182 2201 340 2287 ampliata
362 2207 411 2265 est
432 2200 550 2283 potius,
574 2220 672 2282 quam
692 2198 836 2282 fugata.“
880 2198 940 2263 Cui
961 2198 1123 2263 consentit

56 2318 75 2360 s.
98 2299 242 2366 Petrus
271 2299 556 2382 chrysologus
584 2320 608 2363 s.
638 2299 813 2380 Deiparam
838 2297 926 2362 hisce
954 2297 1123 2380 alloquens

56 2397 161 2464 verbis:
175 2400 201 2482 ³)
234 2399 292 2481 ,ln
321 2405 377 2463 tuo
407 2403 582 2480 conceptu,
610 2397 646 2461 in
674 2403 731 2461 tuo
753 2403 852 2479 partu
880 2396 982 2461 crevit
1007 2396 1121 2478 pudor,

55 2503 138 2561 aucta
159 2504 210 2562 est
238 2497 387 2576 castitas,
417 2495 588 2579 integritas
616 2495 801 2560 roborata.“
845 2496 950 2574 Quare
973 2516 1046 2560 cum
1066 2496 1121 2579 pio

54 2596 182 2676 quodam
202 2597 348 2662 canimus
368 2599 482 2678 poeta:

287 2695 380 2777 ,Non
401 2694 581 2777 corrumpit
602 2714 695 2758 rosae
716 2691 838 2772 florem,

285 2796 387 2860 Immo
408 2793 519 2859 reddit
539 2793 759 2877 pulchriorem

286 2894 380 2958 Roris
402 2893 620 2972 stillicidium,

287 2993 339 3058 Sic
361 2992 499 3057 Messiae
520 2992 679 3075 genitura,

287 3090 418 3158 Saluum
438 3089 518 3155 feeit
539 3111 559 3154 a
580 3090 717 3168 laesura,

286 3189 410 3255 Mariae
431 3188 678 3271 triclinium.“⁴)

56 3284 217 3362 Quaeritur

128 3421 169 3484 1⁰.
202 3420 283 3486 Cur
311 3441 331 3485 a
358 3419 529 3503 Virgine
557 3419 674 3484 nasci
702 3417 889 3482 voluerit
920 3418 1037 3483 Deus.

105 3534 276 3601 innumera
307 3558 331 3601 s.
363 3535 551 3620 Scripturae
582 3535 666 3614 loca,
700 3556 740 3598 ss.
768 3533 904 3598 Patrum
935 3536 1123 3601 testimonia

55 3651 105 3696 nec
131 3655 193 3699 non
221 3636 307 3701 ratio
336 3637 408 3720 ipsa
434 3635 462 3700 si
488 3635 671 3719 postulant,
705 3639 743 3699 ut
772 3633 960 3699 Creatorem
988 3635 1122 3719 ejusque

58 3750 239 3768 ᾕ-

111 3801 129 3860 ¹l
152 3802 207 3857 Col.
231 3803 257 3869 l,
284 3805 323 3858 15.
357 3802 411 3859 cfr.
432 3802 511 3858 Beda
531 3803 635 3871 Expos.
660 3803 688 3856 in
713 3799 813 3856 Matth.
835 3801 884 3856 lib.
902 3803 915 3855 l
934 3815 977 3870 cp.
1002 3803 1029 3870 ¹3
1054 3801 1122 3858 Rab.

54 3875 133 3937 llam.
149 3884 300 3941 comment
318 3886 347 3940 in
365 3884 465 3942 Metth.
482 3885 501 3940 l.
516 3889 530 3941 1
549 3903 593 3954 cp.
606 3888 630 3940 1.
663 3887 685 3952 ²)
702 3884 789 3940 Serm.
806 3886 839 3940 15
856 3882 891 3937 de
908 3883 1053 3951 Tempore.
1070 3881 1121 3938 cfr.

55 3960 164 4020 llerrler
178 3968 198 4024 l.
214 3985 238 4025 c.
256 3968 305 4023 lib.
323 3967 372 4035 lv,
384 3972 467 4026 tract.
479 3966 515 4024 ll.
548 3969 570 4035 ⁸)
589 3966 676 4022 Serm.
692 3968 749 4022 142.
780 3966 802 4033 ⁴)
819 3965 852 4020 ln
869 3963 986 4033 quodam
1001 3963 1121 4032 rhytmo,

55 4047 94 4112 qni
109 4047 224 4105 habetur
240 4051 270 4105 in
287 4050 415 4106 biblioth.
432 4053 559 4106 veterum
577 4049 691 4104 Petrum
708 4055 775 4104 tom.
794 4047 868 4102 lilii.
