2808 4556
739 352 799 410 606

108 576 111 581 .
225 512 357 577 Mortuo
389 517 501 575 autem
534 511 658 594 Olopha
691 511 825 595 quidam
858 511 987 576 Salome
1019 512 1156 577 eandem
1186 515 1316 578 Anna-m

208 596 327 675 ¹duxit·
350 617 384 674 et
412 611 579 692 generavit
607 631 647 674 ex
676 631 715 674 ea
746 609 848 674 filiam
879 611 1010 674 nomine
1039 611 1194 689 Mariam,
1230 634 1317 694 quae

224 710 338 792 nupsit
358 707 533 773 Thaddaeo
556 716 590 773 et
610 709 728 774 habuit
749 729 788 774 ex
811 731 850 773 ea
870 708 969 788 filios,
997 710 1124 775 scilicet
1143 711 1317 789 Jacobum,

227 809 284 892 qui
317 808 424 872 dictus
457 815 507 872 est
539 808 651 890 major,
685 816 719 872 et
746 809 905 872 loannem
934 808 1188 891 Evangelistam.
1238 810 1320 874 Tres

227 928 303 990 ergo
335 907 422 970 viros
456 908 549 970 Anna
580 907 696 973 habuit
732 915 766 971 ct
798 913 865 971 tres
898 905 1014 970 filias“
1068 908 1160 973 Idem
1192 908 1319 974 habent

226 1006 321 1088 Hugo
350 1026 370 1069 a
398 1005 455 1070 Sto
477 1004 620 1083 Victore,
631 1008 655 1086 ¹)
684 1005 827 1070 loannes
856 1005 1022 1086 rokican
1052 1006 1225 1089 Gerson‚³)
1258 1007 1320 1074 Sil·
1394 1035 1395 1088 g

228 1105 377 1185 restent)
401 1125 540 1186 quorum
561 1104 621 1172 hic
636 1104 699 1168 ita:
743 1119 746 1125 '
1394 1111 1395 1120 ’

311 1203 425 1285 „Anna
447 1203 531 1268 solet
553 1204 618 1268 dici
640 1211 706 1268 tres
729 1203 914 1286 concepisse
936 1204 1068 1282 Mariae,

311 1302 398 1379 Quas
419 1323 536 1384 genere
559 1303 619 1365 viri
639 1301 797 1380 Joachim,
822 1301 992 1384 Cleophas
1016 1303 1224 1384 Summaque,

310 1402 378 1466 Has
399 1400 522 1466 duxere
544 1401 606 1464 viri
626 1401 757 1484 loseph,
780 1400 956 1482 Alphaeus,
980 1401 1179 1465 Zebedaeus

311 1500 420 1564 Prima
430 1499 525 1582 ,parit
541 1498 716 1576 Christum,
728 1498 953 1581 Jacobumque
970 1499 1114 1564 secunda
1130 1500 1305 1578 minorem,

312 1600 356 1664 Et
377 1600 499 1682 loseph
519 1599 651 1663 lustum
673 1598 803 1680 peperit
824 1619 898 1661 cum
920 1598 1051 1663 Simone
1071 1599 1203 1664 dudam.

311 1699 422 1763 Tertia
443 1698 599 1781 majorem
619 1697 779 1761 Jacobum
801 1696 1030 1780 volucremque
1050 1697 1245 1761 Joannem.“

292 1798 382 1862 Haec
405 1797 523 1880 opinio,
544 1795 596 1860 cui
618 1795 728 1860 favere
751 1795 903 1860 ridentur
924 1796 1023 1860 etiam
1045 1817 1115 1880 ren.
1136 1796 1264 1878 Beda5)
1289 1803 1324 1861 et

231 1919 254 1960 s.
273 1895 426 1973 Isidorus,
446 1894 571 1958 nullum
589 1895 691 1958 habet
707 1894 957 1959 fundamentum
978 1916 1085 1978 neque
1107 1896 1140 1959 in
1166 1918 1190 1960 s.
1211 1896 1323 1978 Scrip-

231 2001 307 2058 tura
334 2015 440 2077 neque
469 1995 502 2057 in
524 1993 678 2058 historiis.
722 1993 852 2075 Triplex
881 2015 905 2057 s.
929 1994 1041 2057 Annae
1071 1994 1322 2058 matrimonium

232 2093 385 2175 rejiciunt
412 2093 437 2156 Τ
444 2092 737 2176 hecphylactus
767 2093 919 2173 dicensi)
948 2093 1097 2158 loachim
1125 2115 1191 2157 non
1221 2093 1322 2158 aliam
1394 2127 1395 2164 3

232 2192 384 2268 habuisse
405 2191 539 2274 prolem,
566 2214 663 2275 quam
685 2191 842 2268 Mariam3
866 2192 1083 2274 Gregorius
1105 2191 1320 2274 Nyssenus,
1394 2255 1395 2258 ,

233 2291 290 2374 qui
317 2298 472 2373 parentes
500 2291 530 2354 b.
558 2291 702 2374 Virginis
731 2292 800 2355 sine
830 2291 896 2355 alia
923 2292 1016 2374 prole
1045 2293 1087 2356 ad
1115 2299 1321 2357 senectutem
1394 2331 1395 2354 ;

232 2390 416 2472 pervenisse
438 2391 572 2468 asserit3
606 2413 674 2454 ven.
706 2390 891 2459 Carisius
919 2391 968 2454 ita
996 2391 1195 2474 inquiens⁸):
1230 2391 1321 2473 „Hoc

232 2488 404 2570 multiplex
425 2488 538 2552 Annae
568 2489 753 2571 conjugium
782 2489 869 2570 vulgi
891 2488 1043 2570 opinione
1070 2488 1190 2570 magn,
1222 2509 1321 2572 quam

231 2594 378 2651 veterum
400 2587 604 2652 authoritate
626 2587 696 2665 niti,
721 2609 759 2651 ac
781 2587 981 2653 recentiores
1003 2586 1176 2651 dumtaxat
1198 2586 1321 2651 habere

233 2684 474 2767 suffragatores,
491 2687 547 2768 qui
560 2687 722 2769 Deiparae
738 2692 884 2765 matrem,
901 2687 1009 2750 nescio
1026 2707 1125 2768 quam
1138 2686 1321 2768 prudenter
1394 2689 1395 2768 i

233 2805 271 2848 ac
299 2782 403 2847 solide
424 2791 494 2848 tam
517 2785 601 2849 male
630 2791 754 2850 castam
775 2786 994 2868 proponunt.“
1037 2783 1162 2848 Eadem
1185 2789 1321 2848 censent
1394 2771 1395 2792 ¹

121 2885 123 2889 ’
234 2906 257 2948 s.
281 2881 495 2965 Thomas,⁹)
525 2885 728 2964 Suarez‚¹⁰)
755 2884 970 2948 dansenius
993 2882 1319 2964 Gandavensisn)
1394 2939 1395 2970 p

108 3003 118 3012 ·
234 2981 353 3045 Omnes
374 2980 423 3044 illi
444 2981 614 3061 affirmant,
636 3005 660 3046 s.
683 2982 811 3046 Annam
838 2982 993 3046 unicam
1014 2988 1145 3046 tantum
1166 2979 1319 3046 habuisse
1394 2971 1395 2976 ¹

233 3077 378 3157 filiam,
407 3079 437 3142 b.
461 3080 628 3162 Virginem
658 3081 869 3162 unigenitam,
899 3079 1075 3144 haeredem
1096 3080 1230 3144 unicam
1250 3080 1318 3146 uni-

233 3178 393 3242 versalem
413 3186 588 3261 parentum
610 3201 762 3244 suorum..
796 3178 959 3243 Probatur
1394 3181 1395 3272 l

1394 3273 1395 3328 l

301 3393 321 3460 ¹)
337 3391 371 3446 ln
396 3393 477 3462 epist.
499 3395 536 3448 ad
554 3394 613 3449 Gal.
635 3412 660 3462 q.
679 3395 702 3448 5.
745 3393 816 3460 ²)1n
840 3410 923 3448 serm.
947 3394 1092 3447 adnuae.
1135 3393 1155 3458 3)
1173 3393 1260 3448 Serm.
1284 3391 1317 3443 de
1394 3415 1395 3482 p

232 3475 325 3532 Nativ.
344 3475 477 3544 Virginis.
520 3477 541 3544 4)
557 3477 590 3532 ln
614 3478 687 3531 Rosa
711 3491 796 3529 aurea
819 3475 848 3528 in
873 3492 967 3543 expos.
993 3491 1091 3544 evang.
1115 3474 1317 3542 far.1V‚post
1394 3501 1395 3504 ¹

233 3559 314 3613 Dom.
338 3557 376 3625 11,
401 3559 488 3626 Quad.
529 3562 551 3626 ⁵)
571 3559 605 3614 ln
629 3561 692 3614 Act.
717 3558 739 3613 1.
781 3561 803 3623 8)
825 3559 867 3618 De
891 3559 950 3612 vita
973 3562 1002 3612 et
1025 3561 1117 3612 morte
1141 3574 1176 3612 ss.
1199 3557 1316 3611 Petrum.
1394 3581 1395 3628 i

234 3643 254 3710 7)
271 3642 304 3696 ln
322 3642 384 3698 loa.
401 3659 445 3711 cp.
461 3646 501 3698 12.
534 3644 556 3710 Β)
573 3642 615 3696 De
629 3642 707 3710 Virg.
723 3641 771 3694 lib.
787 3644 800 3693 1
816 3654 859 3708 cp.
877 3642 901 3694 4.
935 3641 957 3708 9)
974 3640 1020 3694 Ad
1038 3641 1098 3696 Gal.
1109 3657 1159 3708 cp.
1176 3639 1200 3707 1,
1216 3641 1277 3694 leet
1292 3638 1316 3691 5.
1394 3691 1395 3694 ,

234 3724 266 3791 ¹⁰)
282 3724 360 3780 Tom.
376 3724 415 3790 ΙΙ,
432 3726 462 3779 in
479 3725 530 3791 lli,
548 3743 574 3794 p.
599 3743 625 3794 q.
641 3726 676 3779 28
692 3739 716 3778 a.
735 3725 758 3777 1.
803 3726 834 3789 11)
853 3723 990 3778 concord.
1007 3723 1117 3792 Evang.
1135 3739 1178 3791 cp.
1197 3725 1252 3788 143,
1268 3720 1315 3774 cfr.
1394 3715 1395 3750 l

233 3805 337 3860 Melan.
379 3808 420 3860 De
443 3808 563 3875 picturis
587 3807 638 3862 lib.
661 3809 677 3862 3
703 3822 746 3874 cp.
770 3807 814 3872 283
842 3805 944 3860 Malch.
968 3806 1059 3860 Canus
1083 3805 1118 3859 de
1142 3805 1214 3860 locis
1237 3803 1314 3860 theol.

233 3886 342 4022 lipgh
358 3888 459 4024 ignor,
477 3891 507 3944 in
524 3907 588 3960 app.
606 3892 678 3945 Arm.
697 3887 792 3942 Estius
809 3888 839 3941 iu
856 3905 900 3958 cp.
914 3891 947 3943 15
963 3887 1072 3954 Judith,
1088 3889 1117 3942 in
1134 3883 1314 3948 Commentl,

235 3983 252 4020 a
311 3984 350 4023 cr.
405 3973 453 4037 ,5.
