2730 4564
744 351 802 410 102

235 512 352 596 majori
380 510 546 594 oportebit
573 511 624 576 uti
652 511 861 576 distinctione
890 516 924 575 et
950 510 1077 594 singula
1105 510 1239 595 singulis
1263 535 1305 576 re·

236 612 354 677 ducere
375 609 537 676 membris.
580 610 687 688 Quare
709 609 860 674 dicimus:

736 802 769 885 s·
790 799 818 866 1·

352 957 382 1021 S.
411 955 538 1020 Mater
565 956 638 1020 Dei
664 957 755 1020 ante
783 961 940 1038 partum
967 955 1086 1038 Virgo
1114 955 1202 1020 fuit.
1335 955 1336 958 ’

297 1103 415 1168 Judaei
441 1104 497 1168 isti
525 1104 706 1182 obcaecati,
741 1104 798 1187 qni
824 1103 990 1180 Messian,
1020 1104 1198 1168 maximum
1224 1126 1308 1168 suun
1336 1165 1337 1192 ,

236 1200 482 1267 benefactorem
508 1210 560 1267 tot
586 1203 753 1286 tantisque
782 1201 952 1267 affecerint
975 1202 1181 1267 contumeliis
1208 1225 1245 1268 ac
1265 1224 1309 1267 ca·

236 1301 381 1380 lumniis,
412 1301 486 1366 odio
514 1301 731 1366 infensissimo
759 1322 833 1364 eum
859 1301 968 1383 palam
995 1307 1029 1365 et
1054 1301 1186 1383 publice
1211 1258 1338 1400 perse-l

238 1407 374 1483 quentes
413 1400 685 1483 acerbissimoque
727 1399 878 1482 supplicii
918 1421 1034 1482 genere
1075 1400 1309 1478 interficientes,
1337 1403 1338 1408 ’

237 1500 398 1583 quomodo
427 1500 527 1565 Matri
559 1522 652 1579 suae,
686 1499 894 1564 beatissimae
923 1499 1062 1581 Virgini,
1096 1520 1232 1581 parcere
1262 1521 1311 1610 po-

237 1599 398 1663 tuissent?
430 1599 478 1663 Ne
506 1621 582 1681 ergo
608 1600 749 1677 mireris,
777 1599 806 1664 si
828 1600 919 1681 jtura
921 1621 956 1663 os
905 1599 1106 1664 tChristi
1136 1599 1247 1665 christ'
1224 1600 1311 1665 trani·

240 1719 302 1781 que
331 1698 470 1762 nominis
503 1698 705 1763 adversarios
737 1621 850 1762 audiris
878 1697 1156 1780 blasphemantes,
1191 1699 1220 1764 b.
1248 1700 1340 1812 lir-

237 1797 345 1879 ginem
384 1797 627 1862 matrimonium
665 1795 904 1862 'consummasse
944 1819 1017 1860 cum
1060 1818 1083 1861 s.
1121 1797 1245 1880 Joseph
1283 1803 1310 1860 et
1339 1764 1340 1858 l

238 1894 347 1961 Christ
334 1904 403 1961 tum
431 1896 541 1962 Sabat
527 1903 631 1962 torem
657 1903 805 1961 nostrum
833 1895 957 1960 carnali
986 1917 1025 1959 ex
1054 1897 1218 1960 consortio
1248 1918 1312 1961 cum

237 1994 294 2058 illo
322 1995 516 2078 concepisse.
565 1994 715 2060 Testibus
744 2018 768 2064 s.
796 1995 980 2077 Irenaeo,¹)
1012 1995 1215 2061 Tertulliano
1229 1997 1254 2077 2)
1285 2002 1311 2058 et
1340 2016 1341 2108 q

239 2115 262 2156 s.
280 2093 498 2176 Epiphanio³)
522 2094 569 2158 ita
586 2093 724 2159 docuere
747 2095 1011 2177 Carpocrates
1033 2115 1071 2158 ac
1093 2093 1310 2160 cerinthus.

239 2191 277 2255 ln
300 2191 415 2256 eodem
444 2193 563 2272 erroris
589 2192 660 2258 luto
686 2194 864 2258 haeserunt
885 2192 1112 2270 Ebionitae,
1142 2200 1180 2257 ut
1202 2193 1310 2258 asserit

239 2313 314 2356 cum
340 2313 363 2354 s.
387 2291 554 2357 Clemente
521 2292 799 2374 tsRomano4)
802 2291 1078 2374 ‚Epiphanius
1107 2291 1215 2356 de''11s
1243 2291 1311 2356 scri-

238 2389 333 2453 bens:
341 2391 367 2471 )
389 2390 575 2472 „Temporis
597 2412 770 2501 progressu
793 2397 827 2455 et
849 2390 1015 2473 hucusque
1040 2396 1220 2456 sectatores
1242 2392 1311 2476 ejus,

238 2489 300 2552 hoc
333 2495 395 2567 est,
369 2489 560 2554 tEbionis
573 2492 598 2571 6)
631 2489 764 2573 propria
795 2496 903 2554 mente
871 2489 974 2554 tad
1001 2489 1256 2554 inconstantiam
1281 2511 1312 2552 ac

238 2537 490 2674 haesitationem
511 2609 678 2666 conversa,
708 2588 765 2652 alii
790 2588 890 2653 aliter
910 2588 1027 2671 apud
1019 2610 1106 2671 ipsos
1128 2588 1168 2653 de
1191 2588 1312 2653 Christo

238 2690 405 2753 narrant.“

301 2786 486 2869 Antequam
513 2795 627 2853 contra
653 2788 734 2852 istos
759 2809 782 2851 s.
808 2786 968 2868 Deiparae
995 2786 1218 2868 virginitatem
1245 2793 1312 2851 ante

239 2894 371 2968 partum
391 2886 594 2968 probandam
619 2885 838 2969 aggredimur,
868 2906 933 2949 non
960 2884 1018 2949 abs
1039 2905 1074 2948 re
1102 2884 1180 2962 erit,
1209 2884 1313 2967 paucis

240 2983 356 3048 saltem
378 2985 556 3067 inquirere:

242 3140 289 3202 10:
328 3139 473 3204 Utrum
506 3141 721 3224 virgineus
750 3141 826 3205 ille
858 3146 1088 3223 conceptus
1120 3141 1313 3222 gentibus

653 3239 904 3306 innotuerit.

302 3361 375 3427 Non
404 3364 536 3428 defuere
565 3385 625 3430 nec
655 3365 773 3429 desunt
801 3363 991 3446 scriptores,
1026 3362 1083 3445 qui
1114 3361 1314 3444 sibyllinis

239 3462 413 3544 praecipue
436 3464 611 3528 oraculis
633 3463 731 3528 innisi
754 3468 947 3545 conceptum
968 3461 1148 3544 virgineum
1169 3459 1315 3542 gentibus

308 3662 327 3726 ¹)
351 3661 422 3716 Adv.
445 3661 549 3716 haeres.
569 3661 618 3716 lib.
643 3661 666 3726 I,
690 3677 732 3730 op.
750 3663 791 3715 24.
831 3662 853 3726 ²)
880 3660 921 3713 De
943 3657 1109 3729 praescript.
1131 3656 1196 3712 adv.
1218 3657 1315 3712 haeret.

240 3759 284 3812 cp.
301 3746 342 3798 48.
375 3746 395 3811 8)
413 3731 515 3799 Contra¹
531 3743 658 3798 haereses
675 3744 723 3798 lib.
742 3745 765 3810 l,
785 3761 828 3812 cp.
845 3745 885 3796 27.
919 3743 940 3809 4)
957 3741 1073 3796 Constit.
1092 3741 1189 3808 Apost.
1207 3740 1256 3794 lib.
1273 3737 1315 3800 Vl,

240 3842 283 3895 op.
300 3829 337 3880 6„
366 3827 389 3894 ι)
405 3828 517 3882 Haeret.
537 3828 621 3886 XXX,
663 3829 686 3894 6)
702 3826 866 3890 Ebionitae,
891 3825 971 3894 quasi
993 3839 1129 3892 pauperes
1150 3825 1179 3876 ct
1198 3820 1314 3876 mendici

240 3909 386 3977 nominati3
412 3911 453 3964 its
471 3911 550 3978 juxta
569 3910 647 3965 vocis
663 3908 809 3964 hebraicas
832 3906 1028 3976 etymologiam
1045 3905 1253 3973 interpretatur
1268 3904 1316 3957 llu-

239 3993 331 4047 sehius
348 3991 411 4047 hist.
428 3992 495 4047 eccl
513 3993 559 4047 lib.
578 3993 628 4061 lll,
646 4009 689 4062 cp.
707 3996 746 4047 27.
