2728 4554
766 371 827 432 386

252 535 415 600 immerito
448 533 595 616 spurium
620 532 722 596 habet
750 537 784 596 et
815 552 839 596 s.
869 530 1048 596 Athanasio
1081 531 1310 614 abjudicandum

254 654 324 699 esse
347 640 467 698 censet.

275 726 278 733 ’
316 731 511 796 Beatissimo
538 729 638 812 Virgo
674 729 815 794 maximo
850 728 982 812 quidem
1014 717 1126 794 dolore
1160 731 1198 796 ob
1225 734 1310 798 sancti

255 831 399 914 conjugis
422 828 639 911 suspicionem
664 826 783 892 affecta
809 826 1037 892 ardentissime
1059 830 1237 897 confidebat
1254 833 1308 896 Deo

255 951 294 995 ac
325 931 359 994 in
391 950 464 994 eum
495 926 627 1018 honoris
659 926 710 990 sui
742 946 854 990 curam
882 925 1032 1009 jactabat
1063 928 1152 994 haud
1182 931 1310 1013 ignorans

253 1029 336 1094 illud
357 1051 381 1092 s.
402 1027 643 1110 Scripturae11)
665 1025 781 1108 ,Jaota
802 1046 899 1108 super
918 1024 1092 1091 Dominum
1115 1051 1221 1093 curam
1239 1037 1311 1094 tuan

254 1135 289 1194 et
304 1115 374 1211 ipse
393 1135 427 1193 te
446 1126 590 1191 enutriet
607 1131 641 1190 et
655 1146 721 1189 non
740 1124 833 1191 dabit
850 1125 885 1188 in
902 1121 1073 1190 aeternum
1090 1125 1309 1193 fluctuationem

252 1228 372 1310 justo.“
416 1225 595 1304 Quaeritur

255 1392 308 1456 2⁰:
349 1390 425 1456 Cur
457 1389 489 1453 b.
517 1387 637 1470 Virgo
668 1409 744 1452 non
776 1387 984 1470 aperuerit
1018 1409 1042 1452 s.
1073 1389 1241 1476 Josepho
1266 1391 1310 1456 rei

681 1487 906 1552 veritatem.

318 1621 500 1686 Dicendum
521 1625 665 1685 testante
687 1642 711 1684 s.
733 1619 981 1683 Bernardino
1005 1619 1217 1705 Senensi,2)
1245 1621 1310 1706 quod

255 1713 337 1788 talia
364 1742 429 1785 non
458 1724 535 1784 sunt
555 1717 743 1795 revelanda,
773 1717 835 1782 nisi
865 1724 1024 1800 quantum
1052 1741 1086 1784 se
1116 1721 1256 1786 extendit
1273 1742 1311 1785 vo-

255 1821 365 1885 luntas
388 1818 464 1898 Dei3
486 1816 621 1900 proinde
643 1816 673 1881 b.
691 1816 790 1899 Virgo
814 1816 896 1881 illud
917 1817 1032 1896 tacuit,
1053 1817 1192 1885 firmiter
1211 1827 1310 1895 tenens,

257 1919 344 2005 quod
372 1918 458 1982 sicut
486 1916 568 1980 illud
597 1923 758 1981 secretum
786 1915 897 1981 luerat
924 1917 1105 1982 revelatum
1133 1919 1244 1985 beatae
1262 1919 1308 1984 Eli·

256 2016 381 2095 sabeth,
389 2019 415 2100 3)
445 2015 491 2080 sic
512 2015 713 2080 revelaretur
741 2014 813 2078 aliis
835 2021 982 2096 tempore
1005 2020 1204 2099 competenti
1222 2039 1311 2084 secun-

257 2116 335 2181 dum
371 2115 613 2199 beneplacitum
648 2113 827 2178 voluntatis
860 2114 930 2178 Dei.
984 2114 1081 2202 „Hoc
1111 2116 1190 2184 licet
1223 2138 1311 2183 verim

241 2216 315 2294 -sit,
346 2215 520 2298 respondet
549 2235 572 2278 s.
595 2211 796 2276 Bemardino
825 2213 1059 2296 Tostatus,⁴)
1088 2221 1198 2282 tamen
1217 2223 1312 2300 putan-

257 2314 333 2379 dum
363 2319 428 2390 est,
462 2311 550 2395 quod
577 2311 675 2393 Virgo
708 2310 908 2394 obligaretur
940 2313 1069 2378 omuino
1101 2313 1224 2394 facere,
1253 2315 1312 2398 quia

255 2413 333 2477 licet
354 2411 551 2494 regulariter
571 2417 680 2475 tacere
705 2410 854 2489 deberet,
884 2410 912 2474 si
933 2417 1043 2475 tamen
1064 2420 1211 2495 putaret,
1233 2415 1311 2478 vitan

257 2526 350 2575 suam
378 2516 436 2574 aut
457 2511 577 2572 famam
606 2508 779 2572 defendere
808 2508 980 2574 revelando
1009 2509 1104 2590 illud,
1136 2514 1213 2596 quie
1237 2513 1314 2578 aliter

256 2609 513 2693 periclitaretur,
549 2614 681 2690 poterat
708 2607 798 2673 licite
833 2629 871 2674 ea
904 2609 1058 2675 revelare.
1108 2612 1142 2677 Si
1170 2614 1240 2696 quis
1264 2631 1312 2676 non

256 2713 367 2790 posset
393 2705 569 2770 defendere
595 2706 648 2789 jus
676 2703 785 2785 suum,
815 2706 878 2770 nisi
904 2728 997 2772 veras
1024 2708 1139 2774 laudes
1167 2733 1239 2776 suas
1257 2730 1313 2792 pro·

255 2807 405 2885 serendo,
438 2812 548 2889 potest
578 2827 612 2870 se
640 2806 747 2888 ipsum
778 2807 869 2871 licite
897 2807 1041 2872 laudare.
1093 2809 1145 2875 Sic
1173 2817 1260 2894 patet
1283 2808 1312 2871 de

256 2907 287 2970 b.
320 2905 471 2987 Paulo,⁵)
511 2905 568 2969 ubi
600 2927 634 2969 se
666 2905 797 2970 volebat
828 2905 1002 2972 defendere
1035 2914 1150 2973 contra
1181 2909 1313 2994 quosdam

257 3005 358 3070 falsos
387 3003 566 3086 apostolos,
597 3004 653 3086 qui
681 3004 936 3084 contendebant,
966 3025 1001 3070 se
1031 3006 1152 3073 habere
1181 3010 1312 3092 majorem

257 3109 469 3186 potestatem,
501 3124 598 3185 quam
619 3102 754 3182 Paulus,
784 3125 824 3168 ex
845 3126 908 3188 quo
930 3104 1183 3188 periclitabatur
1203 3126 1314 3188 evange·

257 3202 354 3280 lium;
387 3201 460 3265 ideo
489 3201 558 3284 ipse
590 3201 736 3266 laudavit
764 3223 798 3268 se
830 3203 877 3267 ibi
904 3210 974 3268 tam
1006 3204 1046 3270 de
1074 3206 1313 3277 revelationibus,

258 3322 356 3387 quam
377 3299 417 3364 de
439 3299 614 3379 laboribus,
638 3323 736 3384 quam
758 3301 798 3366 de
819 3308 984 3385 potestate
1007 3325 1028 3368 a
1051 3305 1182 3371 Christo
1204 3305 1313 3376 nadib,

258 3398 457 3465 ostendendo
487 3421 522 3464 se
551 3400 707 3465 excedere
729 3401 778 3487 'in
805 3401 998 3468 immensum
1026 3425 1137 3470 omnes
1167 3406 1244 3471 illos.
1290 3399 1314 3465 si

258 3519 334 3582 ergo
367 3497 506 3562 Domina
536 3505 650 3564 nostra
684 3507 847 3582 putasset,
884 3502 1058 3568 defendere
1089 3526 1186 3587 posse
1214 3505 1314 3570 famam

257 3619 350 3662 suam
387 3619 496 3662 coram
526 3599 649 3683 doseph
680 3601 853 3666 revelando
890 3601 980 3668 istud
1011 3609 1189 3684 secretum,
1225 3603 1315 3686 posset

257 3696 433 3762 revelare.“

324 3914 345 3979 ¹)
363 3913 407 3968 ΡΒ·
425 3912 554 3978 L1V‚23·
594 3915 616 3982 ²)
632 3915 718 3971 Serm.
737 3917 771 3972 de
789 3934 810 3972 s.
827 3916 949 3986 Josepho
967 3920 1019 3972 art
1035 3919 1052 3970 2
1069 3933 1113 3986 cp.
1131 3921 1155 3972 1.
1192 3916 1213 3984 ³)
1228 3915 1287 3969 Luc.
1299 3905 1315 3960 l·

254 3995 278 4060 ⁴)
296 3993 329 4048 ln
346 3996 453 4064 Evang.
470 3995 572 4054 Matth.
589 4014 615 4066 q.
633 3998 697 4054 ΧΗ.
729 3997 750 4064 ⁶)
768 4003 784 4053 2
802 4000 863 4056 Cor.
881 4001 920 4055 XI
939 4003 968 4054 et
984 3999 1046 4055 ΧΠ.
