2728 4560
744 355 805 415 258

231 516 456 582 demonstrare
492 515 673 580 conantur?
713 515 807 579 Aliae
844 515 974 598 puellae
1005 518 1163 586 iudaicae
1197 522 1237 587 sic
1261 524 1297 586 vi·

230 615 366 693 vebant,
400 614 485 679 aliae
508 636 548 678 ex
570 614 693 678 carnali
715 614 836 710 aliectu
858 615 961 680 iniere
982 619 1202 702 matrimonia,
1232 642 1295 704 ergo

232 714 319 780 idem
341 715 442 779 etiam
465 713 504 778 de
526 713 634 777 Maria
655 709 844 778 dicendum!

296 835 322 880 c.
355 813 550 878 Beatissima
571 813 670 895 Virgo
699 813 790 877 nullo
812 812 909 878 modo
937 835 1044 897 neque
1066 816 1220 899 implicite
1239 839 1299 882 con-

234 913 337 978 sensit
357 911 392 975 in
420 911 710 993 obligationem
739 911 939 977 actualem
965 912 1012 976 ed
1039 916 1226 997 copulam,
1245 916 1298 980 imo

234 1013 275 1078 ab
297 1034 336 1077 ea
355 1011 517 1076 dissensit.
551 1010 737 1093 ,Obligatio
757 1011 843 1075 enim
860 1011 1016 1090 formalis,
1036 1013 1146 1096 inquit
1162 1015 1298 1096 Perer,¹)

234 1111 394 1176 reddendi
425 1110 574 1175 debitum
609 1110 743 1193 ejusque
776 1110 917 1175 redditio
954 1117 1004 1184 est¹
1035 1113 1070 1176 in
1102 1135 1138 1178 re
1169 1114 1235 1197 ipsa
1261 1135 1301 1178 se·

235 1210 392 1295 parabilis
414 1232 435 1274 a
454 1209 662 1274 matrimonio
691 1215 760 1272 tam
781 1209 815 1273 in
836 1209 923 1288 fieri,
954 1231 1052 1293 quam
1074 1211 1109 1274 in
1130 1211 1215 1278 facto
1235 1234 1299 1291 esse,

235 1317 268 1376 et
300 1310 341 1374 ab
370 1310 442 1392 ipsa
474 1329 604 1391 quoque
633 1307 769 1371 radicali
799 1307 1014 1391 obligatione,
1048 1331 1089 1374 ex
1117 1312 1182 1377 alio
1211 1313 1299 1396 capite

141 1485 144 1491 ¹
233 1411 356 1493 liquet,
385 1407 539 1474 habuisse
569 1428 608 1470 ex
637 1412 712 1471 voto
741 1407 772 1470 b.
795 1407 963 1490 Virginem
983 1417 1179 1492 perpetuam
1199 1411 1301 1494 obliga-

234 1511 358 1575 tionem
390 1506 539 1573 servandi
566 1507 797 1589 virginitatem.
848 1507 933 1589 Ergo
965 1508 1054 1572 nullo
1087 1511 1184 1575 modo
1211 1510 1301 1594 potuit
1352 1532 1356 1541 ²

235 1629 295 1673 nec
322 1608 443 1672 virtute
473 1627 531 1671 seu
559 1605 716 1688 implicite
745 1605 829 1670 velle
858 1605 1093 1688 obligationem
1122 1610 1300 1674 actualem

235 1707 407 1774 formalem
441 1705 599 1770 reddendi
635 1704 790 1768 debitum.
849 1704 1012 1788 Obligatio
1050 1705 1199 1773 formalis
1232 1709 1301 1772 enin

236 1808 279 1872 od
298 1806 448 1889 copulam
470 1827 509 1870 ex
529 1804 735 1869 matrimonio
757 1803 921 1868 resultans
944 1811 978 1869 et
995 1805 1152 1888 obligatio
1175 1806 1301 1872 formalis

236 1907 279 1971 ad
299 1928 365 1971 non
394 1903 545 1987 copulam
573 1924 613 1967 ex
641 1907 716 1966 voto
745 1901 908 1967 castitatis
937 1904 1100 1970 resultans
1130 1908 1302 1971 seinvicem
1355 1905 1356 1912 '

236 2006 410 2071 destruunt
451 2003 491 2069 ob
534 2001 826 2066 contradictionem
867 2002 1098 2083 terminorum,
1142 2006 1218 2088 quia
1250 2025 1303 2068 non
1355 1985 1356 2004 ¹

236 2111 373 2188 possunt
404 2125 469 2168 non
501 2102 585 2167 sumi
616 2100 799 2164 formaliter
835 2107 869 2166 et
900 2101 934 2165 in
970 2103 1084 2168 ordine
1117 2105 1160 2168 ad
1192 2104 1304 2170 eosdem

236 2204 401 2269 terminos.
444 2200 528 2265 Nam
555 2198 712 2282 obligatio
741 2199 880 2264 actualis
909 2200 1067 2265 reddendi
1095 2203 1242 2285 copulam
1265 2223 1304 2265 re-

236 2308 362 2386 pugnat
393 2323 432 2366 ex
464 2307 582 2364 natura
613 2299 661 2363 rei
693 2319 767 2362 cum
798 2305 873 2363 voto
911 2298 1084 2374 absolutae,
1114 2301 1304 2385 virginitatis,

238 2400 326 2484 quod
346 2398 486 2463 includit
507 2397 739 2479 obligationem
761 2397 966 2476 contrariam,
989 2397 1178 2465 abstinendi
1198 2401 1305 2466 scilicet

237 2500 279 2565 ab
301 2499 389 2564 omni
406 2498 519 2580 culpa;
540 2495 624 2560 tales
646 2495 731 2560 enim
750 2494 968 2578 obligationes
986 2503 1063 2561 sunt
1080 2498 1125 2562 ad
1142 2498 1306 2564 contrarios

237 2605 339 2678 actusr,
362 2619 428 2662 una
449 2596 492 2662 ad
513 2595 712 2659 reddendam
734 2595 900 2678 copulam,
923 2595 1029 2662 altera
1050 2597 1093 2661 ad
1115 2619 1189 2663 eam
1209 2618 1306 2663 caven-

238 2698 328 2776 dam,
366 2704 466 2780 atque
503 2690 577 2759 ideo
614 2693 697 2758 tales
734 2693 949 2777 obligationes
988 2705 1157 2779 nequeunt
1193 2696 1305 2762 omnino

237 2797 334 2863 simul
361 2796 544 2860 cohaerere.
587 2794 692 2877 Igitur
720 2817 821 2877 quum
849 2794 880 2859 b.
903 2795 1002 2879 Virgo
1030 2797 1186 2863 habuerit
1212 2804 1307 2862 votum

239 2896 427 2962 absolutum
447 2889 523 2959 ante
544 2893 686 2976 nuptias,
709 2893 902 2974 necessario,
924 2896 976 2959 vel
997 2896 1030 2959 in
1052 2904 1128 2962 voto
1151 2898 1257 2981 aliquo
1276 2915 1307 2958 ex

237 3001 333 3079 parte
362 2994 585 3076 dispensatum
613 2991 692 3071 fuit,
723 2993 775 3056 vel
803 2993 959 3076 obligatio
988 2994 1148 3060 reddendi
1177 2997 1307 3061 debiturn

238 3094 369 3160 sublata
390 3093 463 3159 fuit.
506 3093 551 3157 At
571 3092 739 3174 indignum
761 3098 846 3172 erat,
878 3094 966 3176 quod
986 3099 1113 3174 votum,
1138 3117 1202 3179 quo
1222 3095 1307 3175 Virgo

238 3192 398 3258 illustrior
420 3200 453 3257 et
479 3192 548 3257 Deo
571 3192 695 3275 gratior
716 3192 932 3272 reddebatur,
957 3193 1193 3261 detrimentum
1213 3194 1308 3278 potius

238 3298 418 3377 pateretur,
449 3313 547 3375 quam
568 3292 724 3374 obligatio
747 3292 885 3357 actualis
907 3292 950 3358 ad
972 3294 1139 3376 copulam,
1170 3315 1250 3378 quae
1269 3293 1308 3355 in-

132 3418 136 3430 ·
237 3390 367 3456 ferioris
402 3392 504 3456 multo
541 3390 736 3457 conditionis
773 3398 859 3456 erat:
899 3413 976 3475 ergo
1009 3391 1091 3457 haec
1121 3394 1232 3476 potius
1260 3409 1309 3474 per

147 3547 151 3554 .
238 3491 442 3575 praedictam
462 3492 656 3570 cessionem,
686 3512 784 3574 quam
813 3492 970 3575 obligatio
998 3491 1075 3556 uoti.
1095 3491 1227 3558 sublata
1245 3487 1307 3553 fuit.
1354 3534 1358 3551 .

237 3590 355 3655 Nullus
378 3611 453 3673 ergo
472 3590 507 3654 in
529 3611 600 3654 eam
622 3609 797 3654 consensus
820 3591 919 3656 etiam
937 3589 1117 3673 implicitus
1139 3591 1174 3654 in
1190 3588 1308 3670 Virgine

236 3689 312 3768 fuit,
335 3689 392 3753 sed
413 3710 548 3771 magnus
570 3689 765 3754 dissensus.“

302 3793 330 3852 2.
362 3788 576 3853 Beatissimae
596 3789 739 3870 Virginis
766 3794 800 3853 et
826 3811 850 3854 s.
873 3789 996 3872 Joseph
1022 3788 1262 3854 matrimonium
1286 3782 1308 3846 si

237 4017 240 4022 ⁴
307 4007 326 4071 ¹)
341 4003 382 4058 De
399 4008 495 4058 sancto
512 4003 684 4059 Matrimonii
703 4004 883 4060 sacramento
901 4004 971 4074 disp.
989 4003 1065 4071 XIII,
1082 4007 1151 4059 sect
1169 4000 1243 4060 v111.
