2718 4556
744 315 804 376 306

231 481 397 565 adjectum
419 485 478 558 est,
501 477 589 563 quod
610 477 762 554 instruat,
784 481 824 540 ut
845 495 885 540 ox
909 475 1139 558 singularitate
1158 484 1286 546 sermonis

229 578 376 663 mysterii
398 577 572 660 detegatur
593 574 812 658 singularitas.
855 573 1030 639 Auscultas
1051 577 1226 660 conjugem,
1245 581 1287 644 sed

231 679 327 744 times
349 699 369 742 a
391 676 503 756 thoro;
527 673 606 740 audi
627 673 865 756 desponsatam,
888 671 1002 766 credes
1021 673 1190 741 illibatam.

292 776 482 842 Plenissime
518 773 683 838 consentit
719 793 743 836 s.
777 770 955 854 Cyrillus
986 771 1289 859 Hierosolynita·

231 877 335 957 nus¹)
357 875 406 940 ita
427 873 586 940 scribens:
610 871 837 956 „Meminimus
859 876 893 936 ct
912 870 1025 951 Jacob,
1049 875 1107 956 qui
1128 876 1291 961 priusquam

232 975 362 1044 Rachel
375 979 557 1056 acceperat,
580 971 711 1037 dicebat
731 969 774 1036 ad
794 969 922 1036 Laban:
955 970 1029 1053 ,Da
1049 971 1131 1036 mihi
1159 996 1293 1040 uxoren

183 1082 185 1086 ’
233 1083 348 1138 meam.
393 1073 485 1138 Sicut
516 1073 602 1137 enim
622 1071 690 1136 illic
713 1077 789 1135 ante
820 1070 1011 1154 nuptiarum
1042 1073 1293 1152 constitutionem,

234 1193 335 1256 quum
366 1178 496 1238 tantum
527 1170 697 1255 permissio
729 1168 983 1247 intercessisset,
1017 1191 1102 1235 uxor
1128 1173 1226 1239 Jacob
1252 1196 1294 1239 no·

233 1272 393 1352 minatur3
433 1271 480 1337 sic
517 1277 551 1336 et
581 1268 687 1334 Maria
720 1273 857 1351 propter
894 1267 999 1334 solam
1035 1267 1296 1352 desponsationem

183 1388 186 1396 ·
234 1391 317 1436 uxor
335 1369 470 1453 losephi
500 1368 707 1435 vocabatur.“
750 1367 823 1433 Non
851 1388 927 1432 vero
960 1366 1106 1433 detrahit
1134 1369 1185 1436 his
1211 1371 1296 1436 verbis

235 1468 377 1552 conjugii
397 1467 562 1547 firmitati,
591 1467 650 1548 sed
672 1467 833 1550 abstergit
859 1465 1045 1548 opinionem
1072 1467 1295 1551 inquinamenti,

236 1568 355 1635 Subdit
376 1567 477 1633 enim:
507 1567 610 1650 ,Vide
640 1573 751 1632 autem
774 1565 942 1649 Evangelii
970 1572 1157 1631 accuratam
1186 1569 1297 1652 diligen·

235 1666 316 1732 tiam
339 1665 493 1731 dicentis:
526 1664 718 1730 Ascendit
746 1670 879 1730 autem
908 1670 947 1730 ct
976 1663 1135 1747 Jcseph,
1166 1675 1209 1733 ut
1233 1689 1297 1751 pro·

236 1763 432 1844 litaretur
479 1787 563 1830 cum
606 1763 733 1829 Maria
780 1762 1026 1845 desponsata
1073 1764 1153 1830 sibi
1197 1787 1296 1832 uxore

146 1918 149 1925 .
236 1865 516 1949 praegnante.“
565 1862 638 1928 Non
667 1861 751 1928 duit
779 1867 906 1940 autem,
939 1882 1041 1928 uxore
1070 1885 1145 1944 sua,
1179 1867 1233 1931 sed
1258 1865 1297 1930 de·

237 1970 393 2047 sponsata
414 1964 477 2028 sibi
497 1981 608 2028 uxore.

298 2061 348 2128 Ne
369 2083 445 2146 ergo
476 2061 605 2140 credas,
635 2082 658 2126 s.
681 2053 817 2138 Lucam,
847 2081 948 2143 quum
975 2058 1006 2123 b.
1030 2060 1198 2145 Virginem
1217 2064 1297 2128 noni·

236 2161 325 2227 narit
346 2161 677 2245 ,desponsatam,“
708 2159 881 2224 excludere
902 2158 1042 2225 voluisse
1062 2161 1296 2236 matrimonium

238 2260 326 2343 quod
343 2261 454 2343 potius
468 2260 537 2343 jam
559 2282 606 2340 eo,
626 2281 690 2343 quo
709 2259 853 2342 Angelus
874 2258 1036 2341 apparuit,
1056 2265 1202 2343 tempore
1219 2260 1297 2325 luisse

238 2365 444 2424 contractum
461 2359 550 2427 haud
568 2359 705 2424 obscure
728 2358 861 2422 indicat
901 2356 1018 2422 Nonne
1035 2357 1176 2425 Mariam
1196 2359 1297 2424 inducit

238 2457 511 2540 interrogantem:
534 2457 753 2540 ,Quomodo
775 2455 987 2536 fietistu,d
1009 2460 1297 2540 quoniamrirun

238 2553 315 2621 non
343 2557 578 2640 cognoscol“

300 2654 425 2719 Eadem
446 2654 608 2720 different
585 2662 632 2719 tra
659 2675 844 2737 sponsum
864 2633 952 2718 inter
978 2660 1013 2720 et
1033 2655 1160 2722 virum
1183 2658 1296 2722 existens

242 2753 354 2819 existit
383 2753 483 2819 etiam
506 2755 593 2819 inter
629 2776 812 2837 sponsam
850 2759 884 2819 et
913 2774 1091 2818 uxorem:
1124 2749 1296 2821 matrimonii

241 2873 358 2935 nempe
389 2853 470 2918 rati
502 2858 536 2918 et
563 2853 845 2925 consummati,
884 2852 988 2935 Saepe
1016 2853 1147 2934 saepius
1176 2855 1254 2919 inter
1275 2870 1296 2914 se

142 2947 143 2952 ’
242 2955 434 3015 mutuantur
469 2951 602 3016 termini
638 2951 703 3031 illi3
742 2972 826 3016 unus
861 2950 995 3033 ponitur
1029 2972 1089 3033 pro
1127 2952 1208 3033 alio,
1241 2950 1296 3035 quia

221 3061 222 3064 ’
243 3047 429 3113 differentia
449 3070 515 3124 non
535 3049 688 3134 impedit,
719 3049 890 3132 quominus
917 3070 995 3114 usus
1019 3051 1227 3132 quotidianus
1244 3067 1296 3133 pro·

243 3147 406 3212 stantibus
427 3149 613 3214 rationibus
635 3169 690 3214 eos
710 3154 847 3214 mutuet.
884 3147 1019 3231 Proprie
1040 3148 1203 3232 loquendo
1220 3145 1295 3216 omnis

243 3245 292 3309 vir
321 3251 371 3310 est
398 3253 553 3328 sponsus,
586 3247 644 3313 sed
676 3246 780 3313 omnis
811 3267 949 3330 sponsus
980 3268 1046 3312 non
1078 3255 1129 3314 est
1157 3250 1219 3330 vir;
1246 3240 1295 3331 pan'

243 3343 340 3409 modo
363 3344 466 3410 omnis
493 3367 577 3410 uxor
605 3351 655 3412 est
675 3367 809 3430 sponsa,
840 3345 897 3410 sod
918 3345 1022 3410 omnis
1050 3367 1171 3429 sponsa
1190 3349 1295 3412 nonest

244 3464 335 3507 uxor.
379 3442 597 3510 Nihilominus
627 3467 763 3528 sponsus
785 3445 890 3509 virum
918 3467 952 3509 se
974 3446 1121 3512 nominat
1148 3448 1199 3512 vel
1223 3439 1295 3510 anti·

244 3541 483 3624 cipative—
504 3566 570 3624 seu,
594 3545 644 3609 uti
673 3543 892 3676 Gratianus
921 3542 1010 3623 dicit,
1033 3565 1110 3627 ,spe
1131 3543 1293 3610 futurorum

244 3662 309 3716 non
339 3639 458 3736 effectu
479 3650 632 3726 praesent
633 3643 735 3724 ιιιιιι;α
758 3680 799 3690 -
818 3643 928 3725 placet
950 3644 1052 3723 enirn,
1082 3643 1132 3734 rei
1161 3651 1249 3709 antea
1265 3639 1294 3700 in

246 3746 360 3822 ceptae
389 3759 507 3806 nomen
535 3741 717 3807 attribuere
745 3741 843 3822 illud,
878 3742 1003 3824 quod
994 3741 1057 3826 ipsi
1084 3764 1149 3808 non
1177 3732 1295 3808 convenil

246 3881 443 3894 ——au-

274 4001 275 4004 ,
313 3958 333 4021 ¹)
353 3952 464 4010 catech.
483 3952 544 4008 Xll.
