2730 4564
764 352 823 422 114

249 511 353 590 latam
380 523 423 588 ad
451 544 476 587 s.
505 521 684 605 Josephum
714 522 907 606 parallelam
934 522 1052 606 priori,
1086 545 1170 606 quae
1200 526 1265 609 ipsi
1293 549 1328 591 ss.

167 673 168 676 ,
251 622 351 689 Matri
382 622 472 687 facta
505 627 593 700 erat,
627 621 794 686 concludit
825 620 1020 705 appellando
1053 621 1096 686 ad
1129 625 1330 707 prophetiam

251 723 373 788 Isaiae:
404 723 466 787 hoc
487 727 595 786 totum
616 721 741 786 factum
763 743 847 800 esse,
876 728 915 786 ut
935 720 1172 803 adimpleretur
1193 723 1330 789 divinum

251 822 460 888 miraculum:
482 820 586 903 ,Ecce
607 820 707 902 Virgo
729 820 763 883 in
785 825 880 884 utero
903 819 1069 885 habebit.“

314 927 343 987 2.
365 920 598 1004 Virginitatem
615 918 824 984 beatissimae
837 918 981 1002 Virginis
997 925 1074 984 ante
1088 926 1223 1002 partum
1241 923 1330 988 etiam

252 1022 401 1087 Patres
430 1018 629 1084 unanimiter
657 1013 822 1082 tradunt(
853 1017 937 1100 ,Dei
965 1018 1083 1098 Filius,
1112 1020 1224 1103 inquit
1252 1022 1331 1086 Ter·

252 1119 505 1202 tullianus,¹)
528 1139 568 1182 ex
585 1116 693 1182 Patris
716 1117 778 1181 Dei
799 1117 921 1182 semine
942 1117 963 1181 i.
987 1139 1013 1182 e.
1035 1118 1170 1200 Spiritu,
1193 1127 1234 1185 ut
1256 1129 1332 1186 esset

143 1237 144 1240 ’
254 1227 288 1284 et
314 1219 455 1284 hominis
484 1217 601 1295 Filius,
635 1237 711 1280 caro
741 1217 771 1280 ei
799 1202 869 1280 sola
902 1223 973 1281 erat
1004 1238 1044 1281 ex
1071 1217 1214 1284 hominis
1244 1242 1332 1286 carne

254 1318 427 1396 sumenda,
460 1317 529 1382 sine
561 1315 622 1380 viri
653 1315 784 1380 semine.
837 1315 986 1380 Vacabat
1018 1316 1105 1381 enim
1135 1318 1197 1382 viri
1231 1341 1331 1384 semen

255 1417 343 1501 apud
360 1416 540 1481 habentem
562 1414 625 1478 Dei
652 1434 772 1478 semen.
814 1414 932 1497 Itaque
961 1415 1046 1479 siout
1074 1415 1222 1481 nondum
1244 1425 1331 1483 natus

254 1539 295 1582 ex
326 1515 459 1603 Virgine
491 1512 623 1579 Patrem
656 1513 763 1577 Deum
797 1512 919 1577 habere
956 1513 1066 1595 potuit
1103 1515 1173 1579 sine
1209 1516 1331 1582 homine

253 1613 375 1680 Matre:
398 1633 502 1696 aeque
522 1633 622 1696 quum
642 1612 683 1677 de
701 1611 834 1694 Virgine
851 1618 1050 1690 nasceretur,
1069 1614 1179 1694 potuit
1197 1615 1332 1681 Matrem

253 1714 375 1779 habere
396 1712 560 1777 homiuem
582 1710 651 1775 sine
672 1711 803 1775 homine
824 1711 949 1793 patre.“
994 1711 1024 1776 S.
1047 1711 1256 1780 Irenaeus
1277 1716 1332 1798 pri·

253 1835 341 1878 mam
356 1813 457 1878 Evam
477 1833 551 1877 cum
572 1811 715 1876 secunda
736 1831 927 1893 comparans
948 1811 996 1875 ita
1017 1811 1191 1896 disserit.²)
1229 1816 1332 1897 ,Sicut

254 1913 322 1978 Eva
349 1911 455 1976 Adam
483 1932 541 1976 seu
570 1909 740 1992 conjugem
766 1908 884 1973 habuit
913 1916 947 1973 et
974 1915 1086 1975 tamen
1115 1911 1224 1978 adhuc
1253 1915 1331 1996 virgo

254 2011 328 2090 fuit,
350 2012 399 2076 ita
421 2011 521 2076 etiam
542 2010 647 2074 Maria
669 2009 902 2092 desponsatum
923 2009 986 2073 sibi
1008 2010 1113 2075 virum
1133 2011 1262 2092 habuit,
1285 2012 1332 2078 sed

254 2119 367 2176 tamen
389 2110 479 2192 virgo
501 2109 636 2187 mansit,
667 2106 822 2172 obediens
842 2106 908 2173 fuit
933 2114 968 2172 et
994 2109 1057 2173 sibi
1077 2109 1207 2193 totique
1231 2112 1332 2195 generi

254 2210 396 2274 humano
418 2208 678 2291 redemptionem
699 2206 843 2272 attulit.“

317 2307 514 2391 Perpulchre
536 2307 576 2372 de
596 2308 658 2371 hoc
679 2306 815 2389 virginei
836 2313 1012 2388 conceptus
1033 2307 1190 2373 miraculo
1217 2310 1332 2375 Maxi·

255 2428 339 2471 mus
360 2406 637 2472 Taurinensis.
681 2404 775 2487 ,Non
796 2410 902 2488 putas,
925 2405 1071 2488 inquit‚³)
1095 2406 1201 2472 Deum
1224 2429 1332 2474 norum

256 2527 407 2588 puerum*
429 2506 463 2570 in
495 2505 567 2570 alvo
606 2503 738 2586 virginis
769 2504 916 2586 potuisse
951 2502 1110 2584 formare,
1151 2507 1209 2589 qui
1244 2529 1332 2592 quum

256 2604 397 2687 primum
418 2603 574 2668 conderet
595 2603 768 2681 hominem,
791 2623 851 2666 nec
875 2623 985 2667 semen
1005 2604 1111 2686 patris
1134 2626 1194 2670 nec
1217 2609 1332 2673 viscera

256 2710 406 2768 materna
433 2703 613 2785 quaesivit?
651 2700 711 2766 Dic
740 2701 868 2785 itaque,
898 2702 1084 2786 quicunque
1114 2724 1148 2767 es
1179 2726 1331 2788 supernae

257 2801 509 2885 dispensationis
542 2801 667 2866 arbiter
707 2807 740 2866 et
776 2801 955 2879 discussor,
995 2823 1080 2885 quae
1118 2803 1181 2867 tibi
1213 2806 1333 2870 videtur

256 2901 360 2966 virtus
382 2900 586 2979 eminentior,
609 2906 741 2982 partum
762 2899 890 2968 dedisse
912 2900 1051 2982 Virgini,
1078 2913 1138 2966 aut
1157 2903 1333 2985 perfectum

256 3000 420 3064 hominem
448 3021 575 3064 creasse
604 3000 644 3064 de
666 3001 778 3064 terra?
810 2998 987 3082 ,Primus
1016 3000 1117 3064 enim
1144 3001 1276 3082 horna,
1303 3009 1333 3066 ut

258 3100 307 3164 ait
335 3084 521 3181 Apostolus
552 3099 598 3164 de
625 3105 744 3178 terra,
774 3105 970 3179 terrenus,
1000 3099 1199 3166 secundus
1231 3103 1332 3167 homo

258 3199 305 3262 de
335 3198 469 3276 coelo,
500 3198 741 3282 coelestis.⁴)
786 3198 821 3264 Si
849 3205 963 3264 contra
984 3206 1136 3264 naturam
1166 3222 1238 3267 esse
1268 3223 1332 3268 con·

257 3297 383 3376 tamdia,
416 3297 505 3381 quod
525 3298 560 3362 in
580 3299 735 3382 mysterio
764 3299 998 3382 redemptionis
1019 3295 1151 3364 nostrae
1181 3301 1254 3366 sine
1275 3302 1332 3365 viro

258 3396 369 3480 puella
397 3397 555 3462 asseritur
583 3399 785 3481 concepisse,
817 3398 924 3482 cujus,
954 3419 1092 3481 quaeso,
1120 3405 1263 3466 naturae
1284 3404 1333 3476 est,

260 3495 348 3579 quod
368 3496 402 3560 in
428 3504 564 3578 parente
591 3499 719 3580 generis
744 3498 851 3563 nostri
882 3519 957 3562 caro
985 3497 1054 3562 sine
1081 3518 1179 3563 carne
1200 3499 1334 3564 formata

260 3597 332 3660 est?
364 3597 453 3674 Quae
483 3603 533 3662 est
554 3597 619 3661 ista
639 3597 742 3675 ratio,
772 3597 838 3661 imo
861 3618 944 3680 quae
972 3617 1069 3662 caeca
1090 3598 1276 3677 contentio,
1304 3603 1334 3660 ut

259 3717 325 3760 non
360 3695 514 3760 credatur
546 3696 634 3760 Deus
670 3695 778 3760 facere
809 3695 974 3760 hominem
1004 3716 1099 3778 posse
1137 3695 1178 3761 de
1209 3696 1332 3772 femina,

326 3926 346 3994 ¹)
363 3925 404 3981 De
421 3942 505 3982 carne
522 3926 625 3983 Christi
642 3943 686 3997 op.
704 3924 790 3982 xvn.
824 3927 846 3995 Ξ)
863 3925 985 3997 Apolog..
998 3925 1020 3992 1,
1038 3944 1064 3980 n.
1083 3928 1123 3982 32.
1157 3928 1180 3996 8)
1198 3925 1230 3982 Ῑιι
1248 3926 1335 3982 Natis.

258 4009 369 4065 Domini
386 4008 459 4066 hom.
477 4013 501 4067 3.
534 4010 555 4080 ⁴)
572 4014 586 4065 1
605 4011 667 4067 Cor.
685 4011 747 4077 XV,
763 4013 805 4066 47.
