2730 4564
761 357 800 416 84

240 522 354 587 civitas
376 521 522 584 Romana
543 517 639 582 bellis
663 518 811 582 civilibus
836 518 995 582 exhausta
1016 519 1185 600 paucitate
1207 519 1331 583 civium
1353 523 1354 608 ζ

240 621 363 686 diutius
401 618 582 694 laboraret,
622 638 642 680 a
677 617 790 700 poenis
830 617 1006 681 coelibatui
1045 617 1236 682 constitutis
1275 611 1354 704 eas}

241 719 413 796 exemerit,
448 738 531 800 quae
563 722 755 799 perpetuam
786 716 1006 798 virginitatem
1038 716 1227 795 servabant,
1265 718 1354 781 imo]

240 820 319 903 ipsis
343 818 465 895 eadem,
489 837 572 899 quae
594 816 763 893 matribus,
785 816 931 898 praemia
951 815 1089 898 largitus
1111 817 1162 880 sit.
1174 817 1198 898 ¹)
1353 791 1354 858 l

737 1017 769 1099 a
792 1013 826 1080 a

186 1175 188 1180 ¹
273 1178 374 1258 Quid
401 1177 546 1243 ludaei
575 1176 619 1240 de
649 1175 902 1240 continentia
931 1182 971 1239 et
998 1177 1217 1260 praecipue
1251 1179 1300 1242 de

507 1275 746 1358 virginitate
772 1274 1055 1357 judicaverint.

302 1429 435 1493 Placere
457 1425 521 1491 sibi
542 1426 777 1490 continentiam
805 1432 840 1489 et
859 1425 1097 1508 virginitatem,
1131 1426 1235 1508 signis
1260 1433 1332 1491 tan-

241 1528 408 1593 tummodo
432 1527 559 1608 aliquot
577 1525 719 1589 externis
737 1525 772 1587 in
792 1525 896 1589 veteri
913 1525 984 1608 lege
1005 1525 1209 1589 indicaverat
1228 1525 1330 1591 Deus.

242 1627 295 1694 Sic
321 1633 393 1692 erat
415 1649 441 1690 v.
466 1647 494 1708 g.
517 1623 728 1707 prohibitum,
751 1644 791 1688 ne
812 1623 982 1688 Israelitae
1009 1623 1090 1689 cibis
1113 1623 1333 1689 sanctificatis

242 1727 376 1810 Deoque
406 1724 526 1790 oblatis
553 1722 712 1787 immundi
740 1729 956 1787 vescerentur.
999 1723 1119 1788 Mulier
1141 1723 1332 1806 conjugata,

243 1827 389 1909 quamvis
411 1824 525 1908 legalis
553 1822 621 1887 filia
650 1828 738 1886 esset
765 1821 959 1900 sacerdotia,
989 1821 1079 1886 cibos
1106 1820 1332 1887 sanctificatos

244 1925 340 1990 edere
362 1946 427 1989 non
448 1928 589 2007 poterat,
613 1921 769 2005 quamdiu
790 1921 890 1986 alicui
910 1920 950 1986 de
968 1921 1090 2005 populo
1112 1927 1219 2004 nupta
1244 1929 1331 1999 erat;

241 2023 497 2107 permittebatur
517 2042 594 2085 vero
622 2020 688 2084 illis
716 2019 803 2084 vesci
830 2026 992 2102 tempore,
1023 2040 1087 2103 quo
1116 2019 1207 2084 facta
1230 2021 1332 2085 vidua

244 2123 277 2185 in
298 2123 393 2186 domo
416 2121 520 2204 patris
543 2141 608 2203 qua
629 2118 728 2183 vidua
747 2119 929 2184 habitabat.

302 2220 377 2284 Filii
398 2213 501 2284 Israel
521 2239 582 2301 per
602 2217 736 2300 Moysen
764 2224 961 2300 acceperunt
985 2217 1116 2282 Domini
1136 2217 1332 2284 mandatum

244 2318 432 2384 continendi
453 2339 487 2382 se
510 2316 551 2381 ab
572 2316 729 2380 uxoribus
755 2323 880 2398 ,estote
898 2317 1008 2400 parati
1028 2317 1063 2380 111
1085 2317 1172 2381 diem
1192 2320 1332 2384 tertium
1353 2375 1354 2406 ,

243 2425 277 2483 et
303 2439 343 2482 ne
372 2417 640 2500 appropinquetis
667 2415 823 2480 uxoribus
851 2416 999 2494 vestris,“
1012 2416 1037 2498 2)
1070 2423 1109 2481 ut
1134 2415 1198 2480 bac
1224 2417 1331 2482 conti·
1353 2411 1354 2490 l

242 2518 355 2582 nentia
377 2537 447 2580 sese
465 2521 700 2599 praepararent
721 2515 763 2578 ad
781 2513 961 2578 audiendos
978 2515 1041 2579 Dei
1058 2535 1235 2580 sermones.
1283 2517 1332 2582 Sic

243 2637 340 2698 porro
359 2613 477 2678 Davidi
494 2613 593 2679 etiam
609 2613 643 2676 in
661 2634 787 2677 summa
801 2612 939 2695 penuria
957 2613 1112 2677 existenti
1127 2613 1333 2696 prohibitum

242 2713 316 2791 fuit,
334 2735 375 2777 ne
392 2713 531 2795 panibus
548 2720 735 2778 vesceretur
750 2713 990 2795 propositionis
1009 2713 1088 2796 quin
1106 2713 1333 2796 pertriduum

242 2835 263 2877 a
280 2812 416 2877 muliere
439 2833 473 2876 se
492 2813 715 2877 continuisset.
748 2812 914 2877 Israelitas
929 2811 1029 2895 jussit
1046 2812 1086 2876 de
1103 2811 1332 2894 Madianitisl)

243 2911 407 2993 ,Cunctos
422 2899 613 2990 interficite,
636 2911 763 2994 puellas
785 2917 896 2976 autem
918 2918 952 2976 et
972 2911 1111 2976 feminas
1133 2933 1250 2977 omnes
1273 2914 1332 2977 vir·

244 3011 335 3094 gincs
356 3013 552 3076 reservate.“
596 3011 802 3093 Similiterz4)
832 3011 922 3092 ,Hoc
950 3018 1016 3089 est,
1047 3010 1135 3094 quod
1157 3011 1332 3078 observare

244 3110 385 3176 debetis:
413 3110 577 3190 Mulieres,
600 3132 683 3194 quae
705 3109 916 3193 cognoverint
936 3109 1031 3188 11111,
1053 3109 1250 3192 interficite3
1275 3113 1333 3178 vir-

231 3346 360 3409 cumtio,
376 3348 404 3398 11
421 3345 572 3400 maximum
590 3346 773 3401 infortunium
791 3350 820 3399 11
837 3346 965 3414 impietas
984 3349 1033 3411 est,
1049 3345 1110 3397 11111
1127 3341 1193 3395 filiis
1210 3342 1333 3412 aliquem

243 3445 278 3482 ex
299 3426 457 3481 bominibus
483 3427 646 3482 excedere.“
681 3427 760 3482 Plato
783 3427 831 3481 lib.
849 3431 874 3482 6.
891 3427 925 3481 de
948 3427 1070 3496 legibus:
1098 3425 1198 3493 „Quod
1221 3426 1333 3495 siquis,

242 3509 349 3578 inquit,
373 3510 402 3562 in
420 3510 528 3565 coelibe
545 3511 604 3565 vita
621 3511 658 3564 ad
675 3527 778 3565 annum
794 3513 827 3565 35
845 3527 930 3579 usque
950 3509 1159 3580 perduraverit,
1177 3509 1291 3563 damnis
1308 3513 1333 3561 et

242 3591 348 3646 mulcta
371 3594 519 3660 quotannis
544 3594 692 3662 plectitor:
723 3594 745 3646 si
771 3593 807 3646 de
832 3594 953 3648 maximo
984 3609 1069 3646 censu
1096 3595 1153 3657 est,
1184 3592 1332 3646 drachmas

241 3677 363 3738 centum,
381 3673 405 3727 11
423 3674 457 3728 de
475 3676 605 3742 seeundo,
623 3677 801 3745 septuaginta
818 3681 876 3744 etc;
894 3677 918 3729 si
937 3677 997 3745 quic
1014 3675 1130 3744 singulis
1148 3677 1229 3730 annis
1246 3677 1332 3730 mulo·

242 3764 300 3812 tam
313 3774 368 3810 non
384 3757 508 3823 solverit,
524 3758 674 3828 decuplum
687 3758 802 3824 debet03
820 3759 933 3813 omnino
947 3759 1082 3813 honorem
1097 3758 1206 3812 nullum
1216 3760 1331 3828 juvenes

243 3841 270 3893 ei
287 3839 418 3894 debent.“

308 3922 329 3988 ¹)
346 3922 399 3976 Dio
416 3921 465 3974 lib.
482 3922 591 3978 11111.
608 3923 722 3977 Batonii
739 3924 811 3976 Anu.
830 3939 902 3978 anno
921 3923 1024 3979 Christi
1041 3926 1070 3977 11
1089 3921 1114 3991 ἐ.
1132 3925 1156 3978 1.
1199 3923 1221 3992 ²)
1239 3925 1331 3979 Exod.

243 4004 318 4072 XIX,
335 4007 374 4060 15.
408 4005 430 4071 ³)
447 4005 528 4060 Num.
547 4005 646 4071 XXXI,
665 4008 704 4060 18.
738 4006 759 4073 ⁴)
777 4005 842 4061 Jud.
859 4005 933 4071 XXI,
953 4010 993 4062 11.
