<?xml version="1.0" encoding="UTF-8"?>
<!DOCTYPE html PUBLIC "-//W3C//DTD XHTML 1.0 Transitional//EN"
    "http://www.w3.org/TR/xhtml1/DTD/xhtml1-transitional.dtd">
<html xmlns="http://www.w3.org/1999/xhtml" xml:lang="en" lang="en">
 <head>
  <title>
</title>
<meta http-equiv="Content-Type" content="text/html;charset=utf-8" />
  <meta name='ocr-system' content='tesseract 3.04.00' />
  <meta name='ocr-capabilities' content='ocr_page ocr_carea ocr_par ocr_line ocrx_word'/>
</head>
<body>
  <div class='ocr_page' id='page_1' title='image "./mariologiaseupo00stamgoog_0210.png"; bbox 0 0 2728 4560; ppageno 0'>
   <div class='ocr_carea' id='block_1_1' title="bbox 735 339 793 399">
    <p class='ocr_par' dir='ltr' id='par_1_1' title="bbox 735 339 793 399">
     <span class='ocr_line' id='line_1_1' title="bbox 735 339 793 399; baseline 0 -1"><span class='ocrx_word' id='word_1_1' title='bbox 735 339 793 399; x_wconf 88' lang='grc'>184</span> 
     </span>
    </p>
   </div>
   <div class='ocr_carea' id='block_1_2' title="bbox 149 495 1355 3661">
    <p class='ocr_par' dir='ltr' id='par_1_2' title="bbox 215 495 1285 678">
     <span class='ocr_line' id='line_1_2' title="bbox 215 495 1285 582; baseline 0.001 -20"><span class='ocrx_word' id='word_1_2' title='bbox 215 503 257 562; x_wconf 88' lang='lat' dir='ltr'>ut</span> <span class='ocrx_word' id='word_1_3' title='bbox 277 517 301 562; x_wconf 92' lang='lat' dir='ltr'>s.</span> <span class='ocrx_word' id='word_1_4' title='bbox 323 495 465 579; x_wconf 88' lang='lat' dir='ltr'>Josepbo</span> <span class='ocrx_word' id='word_1_5' title='bbox 494 497 634 562; x_wconf 78' lang='lat' dir='ltr'>nuberet</span> <span class='ocrx_word' id='word_1_6' title='bbox 661 518 722 562; x_wconf 90' lang='lat' dir='ltr'>nec</span> <span class='ocrx_word' id='word_1_7' title='bbox 750 498 920 563; x_wconf 89' lang='lat' dir='ltr'>minimum</span> <span class='ocrx_word' id='word_1_8' title='bbox 947 498 1081 565; x_wconf 90' lang='lat' dir='ltr'>timeret</span> <span class='ocrx_word' id='word_1_9' title='bbox 1100 498 1285 582; x_wconf 85' lang='lat' dir='ltr'>virginitatis</span> 
     </span>
     <span class='ocr_line' id='line_1_3' title="bbox 219 595 581 678; baseline -0.008 -16"><span class='ocrx_word' id='word_1_10' title='bbox 219 617 298 662; x_wconf 88' lang='lat' dir='ltr'>suae</span> <span class='ocrx_word' id='word_1_11' title='bbox 320 595 533 678; x_wconf 83' lang='lat' dir='ltr'><strong>dispendium.</strong></span> <span class='ocrx_word' id='word_1_12' title='bbox 577 641 581 651; x_wconf 77' lang='grc'><strong>.</strong></span> 
     </span>
    </p>

    <p class='ocr_par' dir='ltr' id='par_1_3' title="bbox 201 695 1355 2463">
     <span class='ocr_line' id='line_1_4' title="bbox 280 695 1355 781; baseline 0.005 -22"><span class='ocrx_word' id='word_1_13' title='bbox 280 695 310 759; x_wconf 93' lang='lat' dir='ltr'>d.</span> <span class='ocrx_word' id='word_1_14' title='bbox 344 695 448 761; x_wconf 81' lang='lat' dir='ltr'>Sicuti</span> <span class='ocrx_word' id='word_1_15' title='bbox 476 695 615 760; x_wconf 88' lang='lat' dir='ltr'>caeteris</span> <span class='ocrx_word' id='word_1_16' title='bbox 643 695 836 775; x_wconf 82' lang='lat' dir='ltr'>virtutibus,</span> <span class='ocrx_word' id='word_1_17' title='bbox 866 696 915 761; x_wconf 85' lang='lat' dir='ltr'>ita</span> <span class='ocrx_word' id='word_1_18' title='bbox 942 697 1117 781; x_wconf 81' lang='lat' dir='ltr'>praecipue</span> <span class='ocrx_word' id='word_1_19' title='bbox 1147 697 1285 762; x_wconf 86' lang='lat' dir='ltr'>castitate</span> <span class='ocrx_word' id='word_1_20' title='bbox 1354 761 1355 764; x_wconf 74' lang='grc'>,</span> 
     </span>
     <span class='ocr_line' id='line_1_5' title="bbox 218 793 1285 880; baseline -0.002 -22"><span class='ocrx_word' id='word_1_21' title='bbox 218 800 253 858; x_wconf 88' lang='lat' dir='ltr'>et</span> <span class='ocrx_word' id='word_1_22' title='bbox 283 793 470 859; x_wconf 86' lang='lat' dir='ltr'>humilitate</span> <span class='ocrx_word' id='word_1_23' title='bbox 508 816 532 859; x_wconf 88' lang='lat' dir='ltr'>s.</span> <span class='ocrx_word' id='word_1_24' title='bbox 566 795 742 877; x_wconf 86' lang='lat' dir='ltr'>Deiparam</span> <span class='ocrx_word' id='word_1_25' title='bbox 772 794 912 878; x_wconf 90' lang='lat' dir='ltr'>pollere,</span> <span class='ocrx_word' id='word_1_26' title='bbox 948 817 1043 861; x_wconf 91' lang='lat' dir='ltr'>nemo</span> <span class='ocrx_word' id='word_1_27' title='bbox 1078 796 1135 880; x_wconf 92' lang='lat' dir='ltr'>qui</span> <span class='ocrx_word' id='word_1_28' title='bbox 1166 796 1285 861; x_wconf 88' lang='lat' dir='ltr'>nesciat.</span> 
     </span>
     <span class='ocr_line' id='line_1_6' title="bbox 219 894 1286 976; baseline -0.002 -18"><span class='ocrx_word' id='word_1_29' title='bbox 219 894 374 958; x_wconf 75' lang='lat' dir='ltr'>Attamen</span> <span class='ocrx_word' id='word_1_30' title='bbox 406 914 446 958; x_wconf 89' lang='lat' dir='ltr'>ex</span> <span class='ocrx_word' id='word_1_31' title='bbox 475 894 537 959; x_wconf 89' lang='lat' dir='ltr'>hoo</span> <span class='ocrx_word' id='word_1_32' title='bbox 572 894 751 959; x_wconf 81' lang='lat' dir='ltr'>inieramus</span> <span class='ocrx_word' id='word_1_33' title='bbox 787 916 934 976; x_wconf 88' lang='lat' dir='ltr'>necesse,</span> <span class='ocrx_word' id='word_1_34' title='bbox 970 903 1081 962; x_wconf 86' lang='lat' dir='ltr'>votum</span> <span class='ocrx_word' id='word_1_35' title='bbox 1113 895 1286 961; x_wconf 89' lang='lat' dir='ltr'>absolutum</span> 
     </span>
     <span class='ocr_line' id='line_1_7' title="bbox 220 993 1286 1077; baseline -0.002 -19"><span class='ocrx_word' id='word_1_36' title='bbox 220 994 413 1076; x_wconf 88' lang='lat' dir='ltr'>quantocius</span> <span class='ocrx_word' id='word_1_37' title='bbox 449 993 491 1058; x_wconf 92' lang='lat' dir='ltr'>ab</span> <span class='ocrx_word' id='word_1_38' title='bbox 524 1015 563 1058; x_wconf 88' lang='lat' dir='ltr'>oa</span> <span class='ocrx_word' id='word_1_39' title='bbox 598 993 699 1059; x_wconf 83' lang='lat' dir='ltr'>fuisse</span> <span class='ocrx_word' id='word_1_40' title='bbox 731 995 892 1059; x_wconf 91' lang='lat' dir='ltr'>emissum.</span> <span class='ocrx_word' id='word_1_41' title='bbox 946 995 1199 1073; x_wconf 83' lang='lat' dir='ltr'>Ardentissimo‚</span> <span class='ocrx_word' id='word_1_42' title='bbox 1235 1013 1286 1077; x_wconf 90' lang='lat' dir='ltr'>quo</span> 
     </span>
     <span class='ocr_line' id='line_1_8' title="bbox 220 1092 1286 1177; baseline -0.001 -20"><span class='ocrx_word' id='word_1_43' title='bbox 220 1114 348 1175; x_wconf 83' lang='lat' dir='ltr'>semper</span> <span class='ocrx_word' id='word_1_44' title='bbox 370 1095 558 1162; x_wconf 81' lang='lat' dir='ltr'>castitatem</span> <span class='ocrx_word' id='word_1_45' title='bbox 579 1099 613 1158; x_wconf 93' lang='lat' dir='ltr'>et</span> <span class='ocrx_word' id='word_1_46' title='bbox 633 1093 854 1177; x_wconf 78' lang='lat' dir='ltr'>uirginitatem</span> <span class='ocrx_word' id='word_1_47' title='bbox 875 1095 1011 1173; x_wconf 88' lang='lat' dir='ltr'>amavit,</span> <span class='ocrx_word' id='word_1_48' title='bbox 1041 1093 1164 1158; x_wconf 86' lang='lat' dir='ltr'>affectu</span> <span class='ocrx_word' id='word_1_49' title='bbox 1192 1092 1286 1168; x_wconf 81' lang='lat' dir='ltr'>ducta,</span> 
     </span>
     <span class='ocr_line' id='line_1_9' title="bbox 219 1191 1286 1268; baseline -0.002 -12"><span class='ocrx_word' id='word_1_50' title='bbox 219 1191 288 1256; x_wconf 91' lang='lat' dir='ltr'>sine</span> <span class='ocrx_word' id='word_1_51' title='bbox 320 1191 389 1257; x_wconf 88' lang='lat' dir='ltr'>ulla</span> <span class='ocrx_word' id='word_1_52' title='bbox 421 1192 628 1258; x_wconf 83' lang='lat' dir='ltr'>dubitatione</span> <span class='ocrx_word' id='word_1_53' title='bbox 659 1192 719 1256; x_wconf 90' lang='lat' dir='ltr'>has</span> <span class='ocrx_word' id='word_1_54' title='bbox 750 1193 889 1258; x_wconf 89' lang='lat' dir='ltr'>virtutes</span> <span class='ocrx_word' id='word_1_55' title='bbox 907 1194 1073 1258; x_wconf 61' lang='lat' dir='ltr'>vabsolute</span> <span class='ocrx_word' id='word_1_56' title='bbox 1101 1193 1172 1257; x_wconf 89' lang='lat' dir='ltr'>Deo</span> <span class='ocrx_word' id='word_1_57' title='bbox 1203 1192 1286 1268; x_wconf 80' lang='lat' dir='ltr'>vovit,</span> 
     </span>
     <span class='ocr_line' id='line_1_10' title="bbox 220 1289 1288 1376; baseline -0.002 -21"><span class='ocrx_word' id='word_1_58' title='bbox 220 1297 258 1356; x_wconf 88' lang='lat' dir='ltr'>ut</span> <span class='ocrx_word' id='word_1_59' title='bbox 286 1312 324 1356; x_wconf 95' lang='lat' dir='ltr'>eo</span> <span class='ocrx_word' id='word_1_60' title='bbox 352 1291 423 1374; x_wconf 90' lang='lat' dir='ltr'>ipso</span> <span class='ocrx_word' id='word_1_61' title='bbox 451 1293 655 1376; x_wconf 89' lang='lat' dir='ltr'>propositum</span> <span class='ocrx_word' id='word_1_62' title='bbox 687 1313 782 1356; x_wconf 88' lang='lat' dir='ltr'>suum</span> <span class='ocrx_word' id='word_1_63' title='bbox 813 1292 887 1356; x_wconf 91' lang='lat' dir='ltr'>illas</span> <span class='ocrx_word' id='word_1_64' title='bbox 919 1293 1070 1358; x_wconf 83' lang='lat' dir='ltr'>servandi</span> <span class='ocrx_word' id='word_1_65' title='bbox 1097 1289 1288 1356; x_wconf 85' lang='lat' dir='ltr'>immutabile</span> 
     </span>
     <span class='ocr_line' id='line_1_11' title="bbox 219 1388 1288 1475; baseline -0.002 -20"><span class='ocrx_word' id='word_1_66' title='bbox 219 1390 314 1455; x_wconf 93' lang='lat' dir='ltr'>fieret</span> <span class='ocrx_word' id='word_1_67' title='bbox 336 1397 370 1455; x_wconf 85' lang='lat' dir='ltr'>et</span> <span class='ocrx_word' id='word_1_68' title='bbox 390 1391 611 1456; x_wconf 79' lang='lat' dir='ltr'>irrevocabile.</span> <span class='ocrx_word' id='word_1_69' title='bbox 650 1391 833 1456; x_wconf 88' lang='lat' dir='ltr'>Puritatem</span> <span class='ocrx_word' id='word_1_70' title='bbox 854 1393 940 1456; x_wconf 92' lang='lat' dir='ltr'>enim</span> <span class='ocrx_word' id='word_1_71' title='bbox 960 1393 1159 1475; x_wconf 85' lang='lat' dir='ltr'>Angelorum</span> <span class='ocrx_word' id='word_1_72' title='bbox 1179 1388 1288 1455; x_wconf 85' lang='lat' dir='ltr'>imitari</span> 
     </span>
     <span class='ocr_line' id='line_1_12' title="bbox 220 1489 1288 1575; baseline -0.003 -21"><span class='ocrx_word' id='word_1_73' title='bbox 220 1490 417 1561; x_wconf 83' lang='lat' dir='ltr'>desideravit</span> <span class='ocrx_word' id='word_1_74' title='bbox 445 1497 480 1555; x_wconf 89' lang='lat' dir='ltr'>et</span> <span class='ocrx_word' id='word_1_75' title='bbox 509 1512 606 1574; x_wconf 92' lang='lat' dir='ltr'>quam</span> <span class='ocrx_word' id='word_1_76' title='bbox 637 1491 686 1554; x_wconf 93' lang='lat' dir='ltr'>illi</span> <span class='ocrx_word' id='word_1_77' title='bbox 714 1513 774 1574; x_wconf 88' lang='lat' dir='ltr'>per</span> <span class='ocrx_word' id='word_1_78' title='bbox 802 1498 971 1570; x_wconf 88' lang='lat' dir='ltr'>naturam,</span> <span class='ocrx_word' id='word_1_79' title='bbox 1004 1492 1076 1575; x_wconf 86' lang='lat' dir='ltr'>ipsa</span> <span class='ocrx_word' id='word_1_80' title='bbox 1103 1513 1164 1574; x_wconf 90' lang='lat' dir='ltr'>per</span> <span class='ocrx_word' id='word_1_81' title='bbox 1191 1489 1288 1555; x_wconf 84' lang='lat' dir='ltr'>volun-</span> 
     </span>
     <span class='ocr_line' id='line_1_13' title="bbox 219 1589 1349 1673; baseline -0.004 -19"><span class='ocrx_word' id='word_1_82' title='bbox 219 1590 338 1654; x_wconf 89' lang='lat' dir='ltr'>tariam</span> <span class='ocrx_word' id='word_1_83' title='bbox 355 1590 602 1673; x_wconf 80' lang='lat' dir='ltr'>promissionem</span> <span class='ocrx_word' id='word_1_84' title='bbox 622 1590 726 1655; x_wconf 83' lang='lat' dir='ltr'>voluit</span> <span class='ocrx_word' id='word_1_85' title='bbox 742 1589 865 1655; x_wconf 90' lang='lat' dir='ltr'>habere</span> <span class='ocrx_word' id='word_1_86' title='bbox 887 1591 1132 1656; x_wconf 89' lang='lat' dir='ltr'>immutabilem.</span> <span class='ocrx_word' id='word_1_87' title='bbox 1173 1590 1288 1673; x_wconf 87' lang='lat' dir='ltr'>Optime</span> <span class='ocrx_word' id='word_1_88' title='bbox 1346 1626 1349 1637; x_wconf 57' lang='grc' dir='ltr'>ι</span> 
     </span>
     <span class='ocr_line' id='line_1_14' title="bbox 221 1688 1288 1773; baseline -0.004 -20"><span class='ocrx_word' id='word_1_89' title='bbox 221 1689 306 1753; x_wconf 92' lang='lat' dir='ltr'>enim</span> <span class='ocrx_word' id='word_1_90' title='bbox 328 1689 429 1769; x_wconf 83' lang='lat' dir='ltr'>scivit,</span> <span class='ocrx_word' id='word_1_91' title='bbox 453 1688 674 1772; x_wconf 84' lang='lat' dir='ltr'>virginitatem</span> <span class='ocrx_word' id='word_1_92' title='bbox 695 1688 799 1754; x_wconf 89' lang='lat' dir='ltr'>relate</span> <span class='ocrx_word' id='word_1_93' title='bbox 821 1689 864 1754; x_wconf 90' lang='lat' dir='ltr'>ad</span> <span class='ocrx_word' id='word_1_94' title='bbox 884 1690 1027 1773; x_wconf 86' lang='lat' dir='ltr'>singulos</span> <span class='ocrx_word' id='word_1_95' title='bbox 1048 1711 1115 1754; x_wconf 91' lang='lat' dir='ltr'>non</span> <span class='ocrx_word' id='word_1_96' title='bbox 1136 1709 1207 1754; x_wconf 88' lang='lat' dir='ltr'>esse</span> <span class='ocrx_word' id='word_1_97' title='bbox 1226 1707 1288 1771; x_wconf 91' lang='lat' dir='ltr'>pro-</span> 
     </span>
     <span class='ocr_line' id='line_1_15' title="bbox 201 1786 1289 1876; baseline -0.002 -26"><span class='ocrx_word' id='word_1_98' title='bbox 201 1786 373 1876; x_wconf 81' lang='lat' dir='ltr'>bibitam,</span> <span class='ocrx_word' id='word_1_99' title='bbox 402 1787 597 1870; x_wconf 88' lang='lat' dir='ltr'>praesertim</span> <span class='ocrx_word' id='word_1_100' title='bbox 618 1809 724 1870; x_wconf 90' lang='lat' dir='ltr'>quum</span> <span class='ocrx_word' id='word_1_101' title='bbox 741 1788 836 1852; x_wconf 88' lang='lat' dir='ltr'>multi</span> <span class='ocrx_word' id='word_1_102' title='bbox 858 1795 935 1853; x_wconf 92' lang='lat' dir='ltr'>ante</span> <span class='ocrx_word' id='word_1_103' title='bbox 956 1788 1061 1871; x_wconf 88' lang='lat' dir='ltr'>ipsam</span> <span class='ocrx_word' id='word_1_104' title='bbox 1081 1788 1289 1871; x_wconf 84' lang='lat' dir='ltr'>virginitatem</span> 
     </span>
     <span class='ocr_line' id='line_1_16' title="bbox 220 1884 1289 1970; baseline -0.004 -20"><span class='ocrx_word' id='word_1_105' title='bbox 220 1885 390 1950; x_wconf 87' lang='lat' dir='ltr'>coluerint.</span> <span class='ocrx_word' id='word_1_106' title='bbox 433 1884 501 1950; x_wconf 87' lang='lat' dir='ltr'>Neo</span> <span class='ocrx_word' id='word_1_107' title='bbox 529 1886 706 1968; x_wconf 83' lang='lat' dir='ltr'>ignoravit,</span> <span class='ocrx_word' id='word_1_108' title='bbox 736 1887 957 1970; x_wconf 83' lang='lat' dir='ltr'>virginitatem</span> <span class='ocrx_word' id='word_1_109' title='bbox 983 1909 1043 1970; x_wconf 88' lang='lat' dir='ltr'>per</span> <span class='ocrx_word' id='word_1_110' title='bbox 1071 1909 1106 1952; x_wconf 89' lang='lat' dir='ltr'>se</span> <span class='ocrx_word' id='word_1_111' title='bbox 1134 1887 1289 1950; x_wconf 89' lang='lat' dir='ltr'>meliorem</span> 
     </span>
     <span class='ocr_line' id='line_1_17' title="bbox 221 1983 1355 2070; baseline -0.002 -22"><span class='ocrx_word' id='word_1_112' title='bbox 221 2005 290 2049; x_wconf 89' lang='lat' dir='ltr'>esse</span> <span class='ocrx_word' id='word_1_113' title='bbox 319 2005 358 2049; x_wconf 90' lang='lat' dir='ltr'>ac</span> <span class='ocrx_word' id='word_1_114' title='bbox 378 1985 667 2067; x_wconf 85' lang='lat' dir='ltr'>praestantiorem,</span> <span class='ocrx_word' id='word_1_115' title='bbox 699 2007 796 2069; x_wconf 90' lang='lat' dir='ltr'>quam</span> <span class='ocrx_word' id='word_1_116' title='bbox 823 1987 1027 2069; x_wconf 89' lang='lat' dir='ltr'>propositum</span> <span class='ocrx_word' id='word_1_117' title='bbox 1054 1987 1180 2070; x_wconf 91' lang='lat' dir='ltr'>prolem</span> <span class='ocrx_word' id='word_1_118' title='bbox 1207 2003 1291 2068; x_wconf 85' lang='lat' dir='ltr'>gene·</span> <span class='ocrx_word' id='word_1_119' title='bbox 1354 1983 1355 1986; x_wconf 70' lang='grc'>’</span> 
     </span>
     <span class='ocr_line' id='line_1_18' title="bbox 219 2082 1288 2168; baseline -0.001 -21"><span class='ocrx_word' id='word_1_120' title='bbox 219 2083 323 2147; x_wconf 88' lang='lat' dir='ltr'>randi.</span> <span class='ocrx_word' id='word_1_121' title='bbox 367 2082 451 2160; x_wconf 84' lang='lat' dir='ltr'>Quia</span> <span class='ocrx_word' id='word_1_122' title='bbox 472 2084 560 2166; x_wconf 83' lang='lat' dir='ltr'>virgo</span> <span class='ocrx_word' id='word_1_123' title='bbox 581 2083 764 2149; x_wconf 91' lang='lat' dir='ltr'>humillima</span> <span class='ocrx_word' id='word_1_124' title='bbox 783 2084 862 2164; x_wconf 82' lang='lat' dir='ltr'>fuit,</span> <span class='ocrx_word' id='word_1_125' title='bbox 885 2085 938 2149; x_wconf 85' lang='lat' dir='ltr'>vix</span> <span class='ocrx_word' id='word_1_126' title='bbox 960 2085 1197 2168; x_wconf 88' lang='lat' dir='ltr'>credipotest,</span> <span class='ocrx_word' id='word_1_127' title='bbox 1218 2102 1288 2157; x_wconf 90' lang='lat' dir='ltr'>eam,</span> 
     </span>
     <span class='ocr_line' id='line_1_19' title="bbox 221 2179 1289 2266; baseline -0.001 -21"><span class='ocrx_word' id='word_1_128' title='bbox 221 2182 299 2246; x_wconf 92' lang='lat' dir='ltr'>dum</span> <span class='ocrx_word' id='word_1_129' title='bbox 320 2203 354 2246; x_wconf 90' lang='lat' dir='ltr'>se</span> <span class='ocrx_word' id='word_1_130' title='bbox 375 2182 532 2264; x_wconf 85' lang='lat' dir='ltr'>virginem</span> <span class='ocrx_word' id='word_1_131' title='bbox 553 2181 683 2262; x_wconf 88' lang='lat' dir='ltr'>dicavit,</span> <span class='ocrx_word' id='word_1_132' title='bbox 706 2184 875 2266; x_wconf 81' lang='lat' dir='ltr'>cogitasse,</span> <span class='ocrx_word' id='word_1_133' title='bbox 895 2184 1049 2250; x_wconf 87' lang='lat' dir='ltr'>divinitus</span> <span class='ocrx_word' id='word_1_134' title='bbox 1070 2183 1134 2248; x_wconf 93' lang='lat' dir='ltr'>sibi</span> <span class='ocrx_word' id='word_1_135' title='bbox 1154 2179 1289 2255; x_wconf 83' lang='lat' dir='ltr'>revelari,</span> 
     </span>
     <span class='ocr_line' id='line_1_20' title="bbox 220 2270 1289 2366; baseline -0.004 -20"><span class='ocrx_word' id='word_1_136' title='bbox 220 2302 264 2346; x_wconf 92' lang='lat' dir='ltr'>an</span> <span class='ocrx_word' id='word_1_137' title='bbox 285 2280 319 2344; x_wconf 90' lang='lat' dir='ltr'>in</span> <span class='ocrx_word' id='word_1_138' title='bbox 340 2280 508 2365; x_wconf 91' lang='lat' dir='ltr'>proposito</span> <span class='ocrx_word' id='word_1_139' title='bbox 538 2280 714 2346; x_wconf 82' lang='lat' dir='ltr'>seruandae</span> <span class='ocrx_word' id='word_1_140' title='bbox 742 2282 939 2365; x_wconf 85' lang='lat' dir='ltr'>virginitatis</span> <span class='ocrx_word' id='word_1_141' title='bbox 960 2270 1168 2366; x_wconf 84' lang='lat' dir='ltr'>perseverare</span> <span class='ocrx_word' id='word_1_142' title='bbox 1188 2280 1289 2364; x_wconf 83' lang='lat' dir='ltr'>possit</span> 
     </span>
     <span class='ocr_line' id='line_1_21' title="bbox 220 2378 717 2463; baseline 0.004 -19"><span class='ocrx_word' id='word_1_143' title='bbox 220 2401 265 2445; x_wconf 89' lang='lat' dir='ltr'>an</span> <span class='ocrx_word' id='word_1_144' title='bbox 286 2378 328 2444; x_wconf 90' lang='lat' dir='ltr'>ab</span> <span class='ocrx_word' id='word_1_145' title='bbox 349 2379 419 2463; x_wconf 91' lang='lat' dir='ltr'>ipso</span> <span class='ocrx_word' id='word_1_146' title='bbox 442 2378 568 2444; x_wconf 89' lang='lat' dir='ltr'>resilire</span> <span class='ocrx_word' id='word_1_147' title='bbox 590 2378 717 2446; x_wconf 90' lang='lat' dir='ltr'>debeat.</span> 
     </span>
    </p>

    <p class='ocr_par' dir='ltr' id='par_1_4' title="bbox 220 2476 1292 2956">
     <span class='ocr_line' id='line_1_22' title="bbox 285 2476 1291 2566; baseline -0.006 -22"><span class='ocrx_word' id='word_1_148' title='bbox 285 2478 488 2557; x_wconf 86' lang='lat' dir='ltr'>Sententiae,</span> <span class='ocrx_word' id='word_1_149' title='bbox 518 2478 607 2562; x_wconf 89' lang='lat' dir='ltr'>quod</span> <span class='ocrx_word' id='word_1_150' title='bbox 632 2479 821 2566; x_wconf 85' lang='lat' dir='ltr'>beatissima</span> <span class='ocrx_word' id='word_1_151' title='bbox 841 2480 940 2563; x_wconf 85' lang='lat' dir='ltr'>Virgo</span> <span class='ocrx_word' id='word_1_152' title='bbox 968 2486 1079 2546; x_wconf 81' lang='lat' dir='ltr'>votum</span> <span class='ocrx_word' id='word_1_153' title='bbox 1104 2476 1291 2563; x_wconf 83' lang='lat' dir='ltr'>virginitatis</span> 
     </span>
     <span class='ocr_line' id='line_1_23' title="bbox 221 2571 1290 2663; baseline -0.004 -21"><span class='ocrx_word' id='word_1_154' title='bbox 221 2576 410 2643; x_wconf 88' lang='lat' dir='ltr'>absolutum</span> <span class='ocrx_word' id='word_1_155' title='bbox 444 2579 638 2661; x_wconf 87' lang='lat' dir='ltr'>quantocius</span> <span class='ocrx_word' id='word_1_156' title='bbox 673 2580 831 2658; x_wconf 88' lang='lat' dir='ltr'>omiserit,</span> <span class='ocrx_word' id='word_1_157' title='bbox 872 2571 1094 2663; x_wconf 85' lang='lat' dir='ltr'>repugnare</span> <span class='ocrx_word' id='word_1_158' title='bbox 1133 2579 1290 2651; x_wconf 87' lang='lat' dir='ltr'>videtur,</span> 
     </span>
     <span class='ocr_line' id='line_1_24' title="bbox 222 2667 1292 2760; baseline -0.004 -19"><span class='ocrx_word' id='word_1_159' title='bbox 222 2675 311 2760; x_wconf 91' lang='lat' dir='ltr'>quod</span> <span class='ocrx_word' id='word_1_160' title='bbox 339 2699 363 2740; x_wconf 88' lang='lat' dir='ltr'>s.</span> <span class='ocrx_word' id='word_1_161' title='bbox 386 2676 511 2741; x_wconf 89' lang='lat' dir='ltr'>Doctor</span> <span class='ocrx_word' id='word_1_162' title='bbox 531 2677 705 2760; x_wconf 84' lang='lat' dir='ltr'>Angelious</span> <span class='ocrx_word' id='word_1_163' title='bbox 734 2667 845 2742; x_wconf 90' lang='lat' dir='ltr'>docuit</span> <span class='ocrx_word' id='word_1_164' title='bbox 875 2683 1004 2760; x_wconf 86' lang='lat' dir='ltr'>etpost</span> <span class='ocrx_word' id='word_1_165' title='bbox 1025 2699 1099 2743; x_wconf 91' lang='lat' dir='ltr'>enm</span> <span class='ocrx_word' id='word_1_166' title='bbox 1120 2700 1186 2743; x_wconf 91' lang='lat' dir='ltr'>non</span> <span class='ocrx_word' id='word_1_167' title='bbox 1205 2673 1292 2760; x_wconf 85' lang='lat' dir='ltr'>pauci</span> 
     </span>
     <span class='ocr_line' id='line_1_25' title="bbox 221 2775 1290 2861; baseline 0 -21"><span class='ocrx_word' id='word_1_168' title='bbox 221 2797 260 2840; x_wconf 87' lang='lat' dir='ltr'>ac</span> <span class='ocrx_word' id='word_1_169' title='bbox 290 2775 468 2840; x_wconf 86' lang='lat' dir='ltr'>doctissimi</span> <span class='ocrx_word' id='word_1_170' title='bbox 497 2776 652 2860; x_wconf 86' lang='lat' dir='ltr'>theologi,</span> <span class='ocrx_word' id='word_1_171' title='bbox 683 2799 730 2860; x_wconf 83' lang='lat' dir='ltr'>vg.</span> <span class='ocrx_word' id='word_1_172' title='bbox 753 2777 949 2842; x_wconf 86' lang='lat' dir='ltr'>Benedictus</span> <span class='ocrx_word' id='word_1_173' title='bbox 970 2777 1054 2843; x_wconf 90' lang='lat' dir='ltr'>XIV.</span> <span class='ocrx_word' id='word_1_174' title='bbox 1066 2778 1090 2861; x_wconf 82' lang='grc'>1)</span> <span class='ocrx_word' id='word_1_175' title='bbox 1122 2775 1290 2856; x_wconf 74' lang='lat' dir='ltr'>Bissuart2)</span> 
     </span>
     <span class='ocr_line' id='line_1_26' title="bbox 220 2873 916 2956; baseline 0.006 -19"><span class='ocrx_word' id='word_1_176' title='bbox 220 2873 342 2956; x_wconf 90' lang='lat' dir='ltr'>aliique</span> <span class='ocrx_word' id='word_1_177' title='bbox 364 2890 543 2938; x_wconf 85' lang='lat' dir='ltr'>asseruere.</span> <span class='ocrx_word' id='word_1_178' title='bbox 585 2875 686 2940; x_wconf 86' lang='lat' dir='ltr'>Juxta</span> <span class='ocrx_word' id='word_1_179' title='bbox 708 2875 737 2939; x_wconf 93' lang='lat' dir='ltr'>d.</span> <span class='ocrx_word' id='word_1_180' title='bbox 759 2875 916 2941; x_wconf 84' lang='lat' dir='ltr'>Thomam</span> 
     </span>
    </p>

    <p class='ocr_par' dir='ltr' id='par_1_5' title="bbox 216 2971 1290 3157">
     <span class='ocr_line' id='line_1_27' title="bbox 285 2971 1290 3060; baseline -0.004 -22"><span class='ocrx_word' id='word_1_181' title='bbox 285 2973 315 3038; x_wconf 85' lang='lat' dir='ltr'>S.</span> <span class='ocrx_word' id='word_1_182' title='bbox 355 2973 530 3060; x_wconf 87' lang='lat' dir='ltr'>Deipara</span> <span class='ocrx_word' id='word_1_183' title='bbox 569 2974 739 3040; x_wconf 89' lang='lat' dir='ltr'>divorsis</span> <span class='ocrx_word' id='word_1_184' title='bbox 778 2974 1025 3058; x_wconf 90' lang='lat' dir='ltr'>temporibus</span> <span class='ocrx_word' id='word_1_185' title='bbox 1064 2976 1189 3058; x_wconf 92' lang='lat' dir='ltr'>primo</span> <span class='ocrx_word' id='word_1_186' title='bbox 1228 2971 1290 3038; x_wconf 91' lang='lat' dir='ltr'>sub</span> 
     </span>
     <span class='ocr_line' id='line_1_28' title="bbox 216 3066 1290 3157; baseline -0.006 -20"><span class='ocrx_word' id='word_1_187' title='bbox 216 3066 466 3150; x_wconf 85' lang='lat' dir='ltr'>conditione,</span> <span class='ocrx_word' id='word_1_188' title='bbox 494 3072 637 3140; x_wconf 89' lang='lat' dir='ltr'>deinde</span> <span class='ocrx_word' id='word_1_189' title='bbox 666 3074 851 3140; x_wconf 89' lang='lat' dir='ltr'>absolute</span> <span class='ocrx_word' id='word_1_190' title='bbox 878 3073 1157 3157; x_wconf 84' lang='lat' dir='ltr'>virginitatem</span> <span class='ocrx_word' id='word_1_191' title='bbox 1182 3071 1290 3138; x_wconf 76' lang='lat' dir='ltr'>vovit.</span> 
     </span>
    </p>

    <p class='ocr_par' dir='ltr' id='par_1_6' title="bbox 149 3170 1295 3661">
     <span class='ocr_line' id='line_1_29' title="bbox 284 3170 1290 3256; baseline -0.002 -22"><span class='ocrx_word' id='word_1_192' title='bbox 284 3170 518 3252; x_wconf 85' lang='lat' dir='ltr'>,Perfectionis</span> <span class='ocrx_word' id='word_1_193' title='bbox 547 3193 661 3255; x_wconf 90' lang='lat' dir='ltr'>opera,</span> <span class='ocrx_word' id='word_1_194' title='bbox 691 3173 847 3256; x_wconf 76' lang='lat' dir='ltr'>inquit‚⁸)</span> <span class='ocrx_word' id='word_1_195' title='bbox 876 3173 979 3256; x_wconf 83' lang='lat' dir='ltr'>magis</span> <span class='ocrx_word' id='word_1_196' title='bbox 1009 3179 1086 3238; x_wconf 90' lang='lat' dir='ltr'>sunt</span> <span class='ocrx_word' id='word_1_197' title='bbox 1113 3170 1290 3245; x_wconf 87' lang='lat' dir='ltr'>laudabilia,</span> 
     </span>
     <span class='ocr_line' id='line_1_30' title="bbox 221 3268 1292 3354; baseline -0.003 -20"><span class='ocrx_word' id='word_1_198' title='bbox 221 3269 250 3334; x_wconf 94' lang='lat' dir='ltr'>si</span> <span class='ocrx_word' id='word_1_199' title='bbox 279 3290 319 3334; x_wconf 84' lang='lat' dir='ltr'>ex</span> <span class='ocrx_word' id='word_1_200' title='bbox 347 3277 423 3335; x_wconf 82' lang='lat' dir='ltr'>voto</span> <span class='ocrx_word' id='word_1_201' title='bbox 452 3270 674 3336; x_wconf 90' lang='lat' dir='ltr'>celebrentur:</span> <span class='ocrx_word' id='word_1_202' title='bbox 707 3272 877 3354; x_wconf 86' lang='lat' dir='ltr'>virginitas</span> <span class='ocrx_word' id='word_1_203' title='bbox 907 3278 1018 3338; x_wconf 86' lang='lat' dir='ltr'>autem</span> <span class='ocrx_word' id='word_1_204' title='bbox 1045 3273 1080 3337; x_wconf 95' lang='lat' dir='ltr'>in</span> <span class='ocrx_word' id='word_1_205' title='bbox 1107 3279 1210 3338; x_wconf 88' lang='lat' dir='ltr'>matre</span> <span class='ocrx_word' id='word_1_206' title='bbox 1237 3268 1292 3334; x_wconf 91' lang='lat' dir='ltr'>Dei</span> 
     </span>
     <span class='ocr_line' id='line_1_31' title="bbox 221 3368 1293 3453; baseline -0.001 -21"><span class='ocrx_word' id='word_1_207' title='bbox 221 3369 395 3452; x_wconf 89' lang='lat' dir='ltr'>praecipue</span> <span class='ocrx_word' id='word_1_208' title='bbox 418 3369 533 3434; x_wconf 87' lang='lat' dir='ltr'>debuit</span> <span class='ocrx_word' id='word_1_209' title='bbox 552 3371 676 3453; x_wconf 89' lang='lat' dir='ltr'>pollere</span> <span class='ocrx_word' id='word_1_210' title='bbox 704 3377 738 3452; x_wconf 84' lang='lat' dir='ltr'>et</span> <span class='ocrx_word' id='word_1_211' title='bbox 759 3371 832 3436; x_wconf 90' lang='lat' dir='ltr'>ideo</span> <span class='ocrx_word' id='word_1_212' title='bbox 860 3371 1052 3437; x_wconf 82' lang='lat' dir='ltr'>conveniens</span> <span class='ocrx_word' id='word_1_213' title='bbox 1074 3371 1152 3450; x_wconf 90' lang='lat' dir='ltr'>fuit,</span> <span class='ocrx_word' id='word_1_214' title='bbox 1181 3379 1218 3436; x_wconf 92' lang='lat' dir='ltr'>ut</span> <span class='ocrx_word' id='word_1_215' title='bbox 1236 3368 1293 3433; x_wconf 78' lang='lat' dir='ltr'>sir·</span> 
     </span>
     <span class='ocr_line' id='line_1_32' title="bbox 222 3466 1295 3553; baseline -0.002 -20"><span class='ocrx_word' id='word_1_216' title='bbox 222 3468 342 3552; x_wconf 82' lang='lat' dir='ltr'>ginitas</span> <span class='ocrx_word' id='word_1_217' title='bbox 364 3469 434 3553; x_wconf 91' lang='lat' dir='ltr'>ejus</span> <span class='ocrx_word' id='word_1_218' title='bbox 461 3491 501 3534; x_wconf 88' lang='lat' dir='ltr'>ex</span> <span class='ocrx_word' id='word_1_219' title='bbox 522 3476 597 3535; x_wconf 82' lang='lat' dir='ltr'>voto</span> <span class='ocrx_word' id='word_1_220' title='bbox 627 3478 714 3536; x_wconf 87' lang='lat' dir='ltr'>esset</span> <span class='ocrx_word' id='word_1_221' title='bbox 735 3471 805 3535; x_wconf 90' lang='lat' dir='ltr'>Deo</span> <span class='ocrx_word' id='word_1_222' title='bbox 835 3478 1035 3537; x_wconf 90' lang='lat' dir='ltr'>consecrata.</span> <span class='ocrx_word' id='word_1_223' title='bbox 1078 3471 1200 3537; x_wconf 89' lang='lat' dir='ltr'>Verum</span> <span class='ocrx_word' id='word_1_224' title='bbox 1225 3466 1295 3553; x_wconf 88' lang='lat' dir='ltr'>quia</span> 
     </span>
     <span class='ocr_line' id='line_1_33' title="bbox 149 3569 1292 3661; baseline -0.003 -29"><span class='ocrx_word' id='word_1_225' title='bbox 149 3595 152 3604; x_wconf 93' lang='lat'><em>·</em></span> <span class='ocrx_word' id='word_1_226' title='bbox 222 3573 369 3651; x_wconf 88' lang='lat' dir='ltr'>tempore</span> <span class='ocrx_word' id='word_1_227' title='bbox 407 3569 489 3652; x_wconf 83' lang='lat' dir='ltr'>legis</span> <span class='ocrx_word' id='word_1_228' title='bbox 529 3570 758 3653; x_wconf 91' lang='lat' dir='ltr'>oportebat</span> <span class='ocrx_word' id='word_1_229' title='bbox 798 3571 1002 3661; x_wconf 82' lang='lat' dir='ltr'>generationi</span> <span class='ocrx_word' id='word_1_230' title='bbox 1044 3570 1195 3637; x_wconf 88' lang='lat' dir='ltr'>insistere</span> <span class='ocrx_word' id='word_1_231' title='bbox 1231 3575 1292 3633; x_wconf 87' lang='lat' dir='ltr'>tam</span> 
     </span>
    </p>
   </div>
   <div class='ocr_carea' id='block_1_3' title="bbox 222 3813 1292 4049">
    <p class='ocr_par' dir='ltr' id='par_1_7' title="bbox 222 3813 1292 4049">
     <span class='ocr_line' id='line_1_34' title="bbox 290 3813 1291 3885; baseline -0.001 -17"><span class='ocrx_word' id='word_1_232' title='bbox 290 3815 310 3882; x_wconf 91' lang='lat'>¹)</span> <span class='ocrx_word' id='word_1_233' title='bbox 328 3815 368 3870; x_wconf 87' lang='lat' dir='ltr'>De</span> <span class='ocrx_word' id='word_1_234' title='bbox 385 3815 464 3870; x_wconf 84' lang='lat' dir='ltr'>festis</span> <span class='ocrx_word' id='word_1_235' title='bbox 480 3813 513 3868; x_wconf 91' lang='grc' dir='ltr'>Β.</span> <span class='ocrx_word' id='word_1_236' title='bbox 529 3814 634 3870; x_wconf 81' lang='lat' dir='ltr'>Mariae</span> <span class='ocrx_word' id='word_1_237' title='bbox 651 3815 777 3885; x_wconf 81' lang='lat' dir='ltr'>Virginis</span> <span class='ocrx_word' id='word_1_238' title='bbox 795 3832 838 3885; x_wconf 85' lang='lat' dir='ltr'>ep.</span> <span class='ocrx_word' id='word_1_239' title='bbox 856 3814 882 3881; x_wconf 86' lang='grc' dir='ltr'>Ι,</span> <span class='ocrx_word' id='word_1_240' title='bbox 905 3834 932 3871; x_wconf 89' lang='lat' dir='ltr'>n.</span> <span class='ocrx_word' id='word_1_241' title='bbox 950 3818 989 3872; x_wconf 90' lang='lat'>10.</span> <span class='ocrx_word' id='word_1_242' title='bbox 1030 3815 1052 3882; x_wconf 80' lang='lat'>²)</span> <span class='ocrx_word' id='word_1_243' title='bbox 1069 3814 1101 3870; x_wconf 91' lang='lat' dir='ltr'>ln</span> <span class='ocrx_word' id='word_1_244' title='bbox 1119 3816 1173 3881; x_wconf 88' lang='grc' dir='ltr'>ΙΙΙ,</span> <span class='ocrx_word' id='word_1_245' title='bbox 1191 3833 1215 3884; x_wconf 92' lang='lat' dir='ltr'>p.</span> <span class='ocrx_word' id='word_1_246' title='bbox 1230 3817 1291 3867; x_wconf 78' lang='lat' dir='ltr'>am.</span> 
     </span>
     <span class='ocr_line' id='line_1_35' title="bbox 222 3891 1292 3968; baseline 0.006 -17"><span class='ocrx_word' id='word_1_247' title='bbox 222 3897 283 3964; x_wconf 81' lang='lat' dir='ltr'>XV,</span> <span class='ocrx_word' id='word_1_248' title='bbox 301 3901 382 3952; x_wconf 80' lang='lat' dir='ltr'>tract.</span> <span class='ocrx_word' id='word_1_249' title='bbox 401 3896 435 3950; x_wconf 88' lang='lat' dir='ltr'>de</span> <span class='ocrx_word' id='word_1_250' title='bbox 456 3898 595 3965; x_wconf 85' lang='lat' dir='ltr'>mysteriis</span> <span class='ocrx_word' id='word_1_251' title='bbox 612 3896 715 3954; x_wconf 81' lang='lat' dir='ltr'>Christi</span> <span class='ocrx_word' id='word_1_252' title='bbox 733 3897 796 3953; x_wconf 92' lang='lat' dir='ltr'>diss.</span> <span class='ocrx_word' id='word_1_253' title='bbox 813 3896 840 3964; x_wconf 84' lang='grc' dir='ltr'>Ι,</span> <span class='ocrx_word' id='word_1_254' title='bbox 859 3914 883 3953; x_wconf 86' lang='lat' dir='ltr'>s.</span> <span class='ocrx_word' id='word_1_255' title='bbox 899 3899 924 3954; x_wconf 86' lang='lat'>4.</span> <span class='ocrx_word' id='word_1_256' title='bbox 965 3899 987 3966; x_wconf 81' lang='lat'>³)</span> <span class='ocrx_word' id='word_1_257' title='bbox 1007 3897 1063 3966; x_wconf 85' lang='grc' dir='ltr'>ΙΙΙ,</span> <span class='ocrx_word' id='word_1_258' title='bbox 1086 3916 1114 3968; x_wconf 87' lang='lat' dir='ltr'>p.</span> <span class='ocrx_word' id='word_1_259' title='bbox 1131 3915 1157 3968; x_wconf 91' lang='lat' dir='ltr'>q.</span> <span class='ocrx_word' id='word_1_260' title='bbox 1174 3891 1292 3956; x_wconf 75' lang='lat' dir='ltr'>xxvrn,</span> 
     </span>
     <span class='ocr_line' id='line_1_36' title="bbox 223 3979 481 4049; baseline 0 -15"><span class='ocrx_word' id='word_1_261' title='bbox 223 3984 274 4036; x_wconf 83' lang='lat' dir='ltr'>art.</span> <span class='ocrx_word' id='word_1_262' title='bbox 292 3980 341 4046; x_wconf 79' lang='lat' dir='ltr'>lv,</span> <span class='ocrx_word' id='word_1_263' title='bbox 358 3979 388 4033; x_wconf 89' lang='lat' dir='ltr'>in</span> <span class='ocrx_word' id='word_1_264' title='bbox 406 3995 481 4049; x_wconf 87' lang='lat' dir='ltr'>corp.</span> 
     </span>
    </p>
   </div>
   <div class='ocr_carea' id='block_1_4' title="bbox 0 0 1378 4560">
    <p class='ocr_par' dir='ltr' id='par_1_8' title="bbox 0 0 1378 4560">
     <span class='ocr_line' id='line_1_37' title="bbox 0 0 1378 4560; baseline 0 0"><span class='ocrx_word' id='word_1_265' title='bbox 0 0 1378 4560; x_wconf 95' lang='lat' dir='ltr'> </span> 
     </span>
    </p>
   </div>
  </div>
 </body>
</html>
