2728 4554
535 361 604 420 *411

46 527 177 604 tempore
198 519 390 598 Zachariae,
419 520 454 583 in
482 518 618 584 urbibus
640 519 897 586 sacerdotalibus
918 523 1112 588 commorari

47 620 191 704 obligatos
219 619 321 684 fuisse
348 617 564 702 probabitur?
595 617 681 684 Urbs
701 618 903 703 Jeroeolyma
931 621 1111 688 certissime

46 718 112 784 urbs
137 717 442 784 sacerdotalis·nou
469 715 549 795 suit,
580 717 638 782 sed
658 716 736 782 urbs
764 718 870 801 regia;
902 719 1111 784 nihilominus

44 818 163 900 plurimi
183 818 231 882 ibi
251 818 403 882 vixerunt
423 816 625 894 sacerdotes,
654 822 693 881 ut
714 816 787 881 luce
817 817 935 883 clarius
957 826 1051 901 patet
1072 840 1112 884 ex

45 917 172 982 secundo
192 915 318 981 Esdrae
338 915 433 980 libro.
447 916 471 998 ¹)
514 915 583 980 Imo
605 915 727 980 licebat
748 916 982 996 sacerdotibus,
1012 939 1112 1001 quae·

45 1036 158 1099 cunque
185 1015 322 1093 vellent,
352 1014 473 1097 oppida
501 1013 658 1094 incolere,
689 1014 776 1097 quod
801 1036 868 1080 non
895 1016 1032 1082 obscure
1059 1017 1110 1082 his

44 1113 109 1178 libri
129 1113 398 1196 Paralipomenon
405 1113 430 1194 ²)
452 1111 559 1176 verbis
581 1112 743 1177 innuitur:
766 1113 980 1194 ,Sacerdotes
1001 1121 1111 1180 autem

44 1220 72 1278 et
89 1213 214 1292 levitae,
237 1213 295 1296 qui
318 1218 412 1276 erant
432 1212 466 1275 in
487 1211 637 1277 universo
659 1211 770 1289 Israel,
793 1219 952 1276 venerunt
973 1213 1111 1277 adeum

44 1311 205 1395 (boboam)
248 1311 288 1376 de
330 1310 454 1375 cunctis
497 1309 628 1374 sedibus
671 1310 737 1374 suis
776 1309 997 1394 relinquentes
1035 1311 1110 1376 sub·

44 1410 157 1476 urbana
184 1417 219 1477 et
239 1410 457 1493 possessiones
480 1430 555 1474 suas
577 1415 610 1473 et
631 1414 839 1474 transeuntes
867 1408 910 1474 ad
929 1409 1049 1474 Judam
1077 1416 1111 1474 et

43 1508 211 1575 Jerusalem
234 1558 240 1572 .
265 1557 272 1571 .
295 1558 302 1572 .
325 1557 332 1572 .
356 1515 390 1573 et
410 1508 647 1573 roboraverunt
673 1528 809 1591 regnum
827 1507 915 1572 luda
942 1515 976 1574 et
996 1508 1111 1574 confir·

43 1614 200 1673 naverunt
228 1607 390 1686 Roboam,
423 1606 527 1672 filium
559 1606 755 1684 Salomonis,
789 1627 848 1690 per
878 1613 946 1672 tres
978 1609 1110 1673 annos.“

45 1706 88 1770 Sic
117 1728 143 1771 v.
172 1729 201 1790 g.
230 1705 307 1770 Heli
336 1705 511 1770 habitabat
540 1705 574 1770 in
604 1704 690 1770 Siloe
721 1705 832 1788 ibique
863 1712 1011 1770 mortuus
1045 1713 1110 1786 est;

43 1803 154 1871 Elcana
182 1813 218 1873 et
246 1805 376 1871 Samuel
404 1805 591 1870 incolebant
618 1804 983 1888 Ramathaim-Sophim.
1025 1806 1111 1870 Arca

42 1901 171 1970 foederis
191 1906 227 1969 in
248 1905 342 1970 domo
364 1905 483 1970 levitae
504 1904 675 1970 Abinadab
697 1905 731 1968 in
753 1904 983 1970 Cariathiarim
1003 1907 1111 1989 posita

44 2011 99 2083 est;
126 2003 212 2070 filius
234 2004 303 2087 ejus
324 2003 473 2082 Eleazar,
503 2004 559 2087 qui
581 2024 653 2068 eam
675 2003 890 2082 custodiebat,
914 2012 986 2069 erat
1006 2026 1111 2070 sacer·

44 2103 101 2172 dos.
141 2104 320 2170 Mathatias
346 2103 520 2168 habitabat
549 2102 584 2166 in
604 2102 731 2180 Modin,
762 2103 871 2168 Simon
893 2103 1110 2170 Machabaeus

43 2202 72 2266 in
91 2204 174 2270 Gaza
198 2209 259 2269 etc.
303 2202 388 2280 Quid
408 2222 484 2285 ergo
506 2223 564 2266 nos
586 2222 701 2284 cogere
712 2207 846 2284 potest,
876 2208 915 2266 ut
935 2203 1110 2268 Zachariae
1196 2274 1202 2286 ‚

44 2301 211 2368 incolatum
231 2301 274 2366 ad
295 2301 532 2367 sacerdotalem
552 2301 785 2383 restringamus
806 2301 992 2367 civitatem?

51 2439 54 2446 ·
95 2405 122 2464 2.
153 2400 253 2466 Nulla
281 2423 341 2466 nec
371 2400 547 2466 Zachariae
579 2421 639 2465 nec
669 2399 881 2465 Elisabethae
911 2422 972 2466 nec
1003 2424 1028 2467 s.
1056 2402 1111 2468 Jo-

44 2501 124 2566 annia
138 2502 295 2566 memoria
315 2502 349 2566 in
367 2500 498 2566 civitate
515 2499 649 2564 Hebron
667 2504 768 2564 extat
800 2497 1013 2566 Gonsuevisse
1034 2523 1111 2567 vero

44 2597 232 2665 Christianos
259 2600 294 2664 in
320 2599 417 2677 locis,
447 2599 505 2682 qni
532 2597 765 2680 redemptionis
793 2602 926 2663 nostrae
946 2601 1110 2682 mysteriis

44 2697 175 2764 celebres
196 2704 288 2778 sunt,
318 2705 376 2763 ant
398 2718 524 2763 sacram
545 2697 669 2780 erigere
691 2696 805 2761 aedem
826 2704 885 2762 aut
906 2698 1023 2763 saltem
1044 2721 1112 2782 my·

44 2798 204 2864 steriorum
225 2798 414 2863 memoriam
432 2819 506 2862 cum
524 2797 731 2861 veneratione
748 2817 946 2874 conservare,
957 2797 1112 2880 probati·

44 2915 95 2960 one
120 2897 172 2962 vix
200 2897 334 2980 indiget.
373 2895 613 2960 Animadvertit
633 2894 765 2978 quidem
793 2894 1109 2980 Trombellius:³)

44 2991 157 3072 ,Quum
184 2995 258 3060 loca
285 2994 528 3078 Hierosolymae
556 2994 705 3078 proxima
732 2993 931 3076 Vespasiano
959 2994 1108 3078 primum,

43 3097 103 3158 tum
142 3093 310 3159 Hadriano
348 3094 586 3177 imperantibus
636 3114 748 3158 eversa
792 3093 858 3158 sint
899 3099 932 3158 et
976 3114 1110 3176 prorsus

44 3189 156 3273 diruta,
186 3193 316 3277 alioque
338 3193 492 3258 translati
518 3200 644 3258 veteres
672 3192 815 3270 incolae,
844 3191 940 3256 facile
961 3191 1034 3257 fieri
1053 3215 1110 3275 po-

44 3290 113 3369 tuit,
140 3299 179 3356 ut
205 3291 351 3375 priorum
379 3291 558 3356 incolarum
587 3290 726 3374 ideoque
747 3291 923 3356 Zachariae
952 3299 985 3356 et
1006 3292 1110 3357 Elisa-

44 3383 149 3455 bethae
169 3391 327 3456 memoria
348 3389 519 3473 deperdita
540 3391 597 3468 sit,
628 3390 759 3456 minime
781 3389 930 3455 sollicitis
952 3411 991 3454 ea
1012 3391 1053 3456 de
1074 3412 1110 3456 re
1153 3433 1156 3439 -

44 3489 122 3553 novis
141 3489 257 3554 incolis
277 3489 427 3567 romanis,
450 3495 489 3553 ut
508 3495 599 3571 puto,
622 3494 681 3553 aut
702 3495 791 3553 certe
816 3489 940 3572 graecis
961 3496 1110 3554 vetustae

45 3588 257 3668 superstitioni
283 3587 522 3652 addictissimis.
569 3587 731 3652 Fortassis
761 3588 862 3652 etiam
893 3589 966 3654 ideo
994 3589 1110 3654 horum

45 3693 219 3752 sanctorum
238 3687 395 3752 memoria
415 3685 522 3768 periit,
548 3685 632 3769 quod
657 3685 890 3769 Hierosolymis
911 3694 969 3753 aut
990 3689 1055 3754 alia
1076 3690 1110 3753 in

45 3782 113 3849 urbe
135 3808 199 3851 non
219 3785 301 3850 nihil
322 3785 364 3850 ab
385 3783 519 3849 Hebron
540 3791 667 3850 remota
690 3785 861 3850 obierint.“
903 3786 992 3851 Haec
1014 3787 1078 3850 ille.

48 3924 229 3938 ψ

102 4001 121 4068 ¹)
137 4001 184 4072 Cp.
202 4001 249 4056 Xl.
282 4002 304 4068 ²)
322 4003 346 4057 2.
372 4001 490 4069 Paralip.
510 4000 556 4068 Xl,
575 4004 606 4056 13
623 4019 682 4071 sqq.
715 4005 736 4069 ³)
754 4001 785 4058 L.
802 4018 826 4057 c.
844 4019 870 4070 p.
889 4000 924 4068 ll,
942 4003 1007 4058 diss.
1025 4002 1086 4058 ΧΗ.
