2728 4554
698 371 701 379 ·
745 355 804 416 382

231 519 391 603 judicium
411 517 522 582 ferret.
567 515 758 580 Consultum
784 536 854 580 esse
875 516 1017 598 putavit,
1047 538 1117 582 rem
1139 518 1205 582 Deo
1227 539 1291 582 con·
1356 550 1361 582 t

201 644 203 648 ·
234 620 366 684 mittere
403 635 503 698 seque
540 614 581 678 ab
614 635 714 679 uxore
751 635 918 697 separare,
958 615 1061 680 donec
1099 623 1230 682 eventus
1258 618 1297 682 rei
1355 668 1359 685 ,

235 718 364 801 aperiat
394 714 576 780 veritatem.
632 714 684 779 Sic
717 714 817 778 etiam
849 715 951 779 sensit
983 715 1124 780 Glossa
1160 716 1298 780 ordina·
1356 758 1358 788 ,

221 817 310 899 ⁸ria:
325 817 349 898 ¹)
382 814 548 897 „Sciebat
578 812 669 877 illam
698 833 768 878 esse
795 813 1043 895 inculpabilem,
1072 815 1130 878 sed
1152 815 1235 880 unde
1259 814 1299 878 vel
1357 807 1358 846 ³

236 915 315 998 quid
337 919 439 991 esset,
468 911 656 996 ignorabat,
688 917 722 975 et
743 911 816 975 ideo
845 911 986 976 mediam
1007 912 1109 996 elegit
1129 912 1213 977 viam
1235 911 1300 977 effn-
1360 920 1361 952 ³

235 1012 358 1095 giendi,
393 1018 431 1076 ut
457 1031 563 1093 neque
597 1009 645 1074 rei
677 1009 862 1092 incognitae
897 1011 1128 1076 consentiendo
1164 1033 1198 1077 se
1223 1033 1299 1076 reum
1356 1045 1361 1092 23

234 1111 375 1190 faceret,
406 1129 490 1194 quae
518 1130 595 1174 vera
615 1107 718 1172 virtus
746 1115 811 1188 est,
841 1131 942 1192 quum
969 1130 1028 1173 nec
1049 1109 1157 1192 pietas
1178 1111 1243 1175 sine
1258 1111 1298 1193 ju·
1356 1137 1357 1180 ς

236 1211 329 1276 stitia
349 1231 410 1274 nec
432 1209 500 1274 sine
522 1208 646 1290 pietate
665 1207 795 1290 justitia
816 1208 890 1272 sit.“

299 1309 370 1387 Qua
407 1308 441 1371 in
479 1306 602 1372 virtute
644 1327 668 1370 s.
704 1306 827 1388 Joseph
860 1312 1022 1388 patrum
1062 1309 1211 1374 veteris
1246 1308 1299 1372 Te·

236 1407 426 1473 stamenti
460 1405 623 1489 justitiam
660 1405 755 1488 longe
794 1406 969 1488 superavit.
1022 1407 1202 1473 Audiamus
1236 1408 1299 1472 Iso·
1360 1439 1361 1476 1

236 1507 368 1571 lanum
388 1505 449 1570 hoo
470 1504 520 1570 ita
541 1504 834 1569 demonstrantem:
856 1504 984 1586 „Primo
1007 1506 1148 1588 quidem,
1167 1507 1298 1590 inquiet
1340 1535 1356 1552 ν

236 1605 322 1684 Noe,
355 1604 520 1669 Abraham
558 1612 591 1669 et
622 1605 714 1669 Isaac
745 1604 912 1688 praecipui
950 1604 1042 1669 fuere
1071 1606 1202 1688 justitia
1229 1607 1301 1670 inter
1360 1653 1361 1656 η

236 1704 351 1768 Patres
372 1710 515 1781 vateres3
545 1702 603 1767 sed
623 1703 658 1766 hi
685 1702 778 1767 fuera
806 1701 911 1784 figura
931 1703 1070 1787 Joseph;
1100 1726 1176 1788 ergo
1195 1703 1300 1786 Joseph
1360 1763 1361 1774 ,

235 1802 395 1885 figuratus
412 1801 633 1891 praestantior
654 1807 726 1866 erat
740 1801 879 1884 justitia.
914 1800 1089 1867 Praeterea
1106 1803 1190 1868 Abel
1210 1803 1300 1868 dictus
1360 1851 1361 1874 ἶ

238 1907 304 1980 est,
334 1901 412 1984 quia
433 1901 502 1984 ejus
524 1898 718 1964 sacrificium
738 1899 883 1982 respexit
906 1899 994 1964 Deus
1017 1907 1050 1967 et
1071 1902 1150 1985 quia
1171 1901 1298 1992 simplex,
1355 1933 1356 1936 ¹

236 2008 276 2067 ut
295 2001 437 2065 habetur
465 2001 499 2064 in
520 1999 638 2066 Genesi
650 1999 675 2082 3)
705 2006 739 2063 et
767 2003 806 2063 ut
832 1999 880 2063 ait
909 1999 939 2062 d.
962 2001 1299 2084 Augustinus,⁴)in
1360 2069 1361 2074 γ

213 2121 276 2166 =eo
306 2100 474 2165 exordium
505 2099 633 2180 accepit
661 2097 775 2162 civitas
804 2097 882 2176 Dei;
914 2097 973 2162 sed
1002 2099 1090 2164 Deus
1118 2123 1184 2166 non
1211 2099 1300 2165 solum

237 2206 373 2282 accepta
394 2199 457 2263 sibi
484 2219 621 2262 munera
640 2196 762 2280 Joseph
783 2196 944 2276 ostendit3
977 2197 1034 2262 sed
1056 2200 1157 2264 etiam
1178 2200 1299 2275 domun
1355 2189 1361 2270 s

237 2301 351 2378 verba,
388 2319 495 2363 mores
515 2294 784 2379 simplicitatem,
822 2296 1030 2378 prudentiam
1062 2299 1300 2381 exercitiumque
1360 2333 1361 2338 κ

238 2400 308 2482 ejus
328 2397 493 2475 manuale,
523 2395 654 2460 domum
678 2395 748 2478 ejus
775 2395 837 2459 sibi
858 2395 1096 2461 habitationem
1118 2397 1257 2480 deligens
1276 2401 1301 2460 et
1353 2446 1361 2476 ,

238 2518 273 2566 se
300 2497 369 2580 ejus
389 2496 494 2560 filium
515 2495 625 2578 putari
645 2516 711 2559 non
737 2494 916 2577 aufugiens.
958 2495 1078 2561 Itidem
1106 2496 1136 2560 d.
1158 2496 1301 2580 Iosephus
1353 2505 1357 2566 ’ς

237 2595 397 2661 terminus
440 2593 505 2658 fuit
543 2593 686 2658 omnium
724 2593 857 2659 Patrum
895 2595 1058 2677 justorum
1102 2596 1220 2661 veteris
1255 2594 1301 2659 Te

239 2695 394 2760 stamenti
411 2693 599 2776 primusque
621 2693 708 2757 inter
724 2692 838 2758 Patres
859 2693 943 2758 novi.
977 2693 1062 2776 Ergo
1084 2693 1172 2760 illius
1187 2693 1301 2778 justitia
1360 2729 1361 2732 =

239 2791 400 2858 censenda
429 2798 480 2856 est
507 2791 735 2875 praecelluisse
761 2792 924 2874 justitiam
952 2791 1087 2856 Patrum
1114 2794 1232 2859 veteris
1255 2792 1301 2857 Te·
1360 2826 1361 2830 =

238 2892 402 2959 stamenti.
434 2891 609 2957 Praeterea
628 2891 803 2956 Cherubim
824 2892 1000 2956 custodivit
1017 2891 1126 2956 divino
1144 2895 1301 2975 praecepto

238 2991 427 3075 paradisum
448 2996 639 3056 terrestrem
661 2997 695 3055 et
715 2991 839 3073 lignum
860 2991 960 3069 vitae,
984 3013 1024 3056 ne
1045 2991 1212 3056 hominum
1231 2989 1300 3074 quis·

238 3091 328 3174 piam
348 3088 566 3172 ingrediatur,
588 3091 764 3173 praecipue
786 3091 890 3155 Adam
912 3113 950 3155 ac
972 3113 1011 3155 ex
1033 3111 1070 3155 eo
1092 3091 1178 3170 nati3
1207 3088 1299 3156 sedin

238 3189 377 3272 figurato
406 3209 466 3271 per
492 3188 681 3270 paradisum
708 3195 912 3268 terrestrem,
942 3189 1068 3254 seilicet
1094 3189 1126 3253 b.
1154 3189 1300 3272 Virginem
1360 3253 1361 3258 ,

238 3309 278 3353 ac
298 3307 358 3370 per
377 3287 501 3370 lignum
521 3288 622 3366 vitae,
645 3287 770 3353 scilicet
792 3289 973 3368 Christum,
995 3287 1118 3370 Joseph
1146 3284 1300 3354 custodivit
1360 3323 1361 3328 κ

240 3385 310 3451 Deo
337 3385 548 3465 instituente,
586 3407 663 3468 ergo
690 3386 820 3469 justitia
852 3387 921 3470 ejus
953 3387 1042 3470 apud
1070 3388 1176 3452 Deum
1202 3385 1300 3452 clarior
1360 3423 1361 3426 =

238 3485 304 3551 fuit
324 3485 465 3564 inventa,
485 3507 582 3568 quam
597 3486 728 3568 justitia
742 3485 877 3550 Patrum
896 3488 1114 3570 antiquorum.
1146 3487 1299 3552 Praeterea
1360 3533 1361 3538 ,

239 3584 385 3668 antiquis
403 3584 557 3650 Patribus
575 3585 664 3649 Deus
684 3585 860 3668 praecepit,
879 3586 1021 3668 Josepho
1042 3607 1119 3650 vero
1140 3586 1224 3651 idem
1242 3579 1300 3647 sub
1360 3619 1361 3653 ;

235 3685 344 3768 jectus
376 3685 465 3749 Deus
493 3684 748 3767 obtemperavit3
775 3685 910 3769 Josephi
938 3707 1015 3768 ergo
1042 3685 1173 3768 justitia
1199 3685 1299 3748 incom-
1360 3745 1361 3751 ,

239 3782 435 3865 parabiliter
455 3783 611 3865 superior.
650 3782 769 3847 Itidem
790 3784 847 3868 qui
867 3783 1045 3849 laudantur
1061 3783 1175 3850 Patres
1193 3787 1298 3846 veteres
1360 3846 1361 3850 Ἰ

239 3925 436 3936 -ῄ-

307 3995 327 4062 ¹)
344 3996 377 4050 111
395 3997 458 4065 θαι).
476 3993 498 4052 1·
531 3995 552 4062 2)
570 3994 606 4063 u,
624 4013 650 4065 r·
668 4012 710 4065 cr·
726 3996 760 4055 V·
794 3997 815 4064 ³)
833 3997 901 4053 een.
919 3995 965 4064 ιν,
982 3997 1007 4052 4ὁ
1039 3993 1061 4062 ³)
1077 3995 1120 4050 ne
1137 3995 1211 4052 ervic
1224 3987 1267 4046 na
1280 3984 1297 4038 1.
