2718 4556
552 364 611 424 325

60 525 156 591 biliter
176 525 387 602 arbitramur,
416 523 508 588 illum
529 511 630 590 fuisse
652 525 832 608 Virginem,
855 545 955 607 quum
975 525 1009 588 in
1031 526 1122 590 obse-

60 626 123 706 quio
145 625 264 690 Christi
291 623 444 688 familiari
465 645 526 707 par
552 623 654 688 fuerit
674 622 822 706 Angelis,
855 645 930 707 ergo
952 625 1051 707 Virgo
1074 646 1122 689 se·

59 724 183 787 cundum
204 723 383 806 angelicam
403 722 650 787 imitationem.“

109 827 133 885 2:
165 821 313 899 Accedit,
343 821 430 904 quod
449 823 669 887 necessarium
689 821 870 902 videretur,
894 828 931 886 ut
953 844 976 885 s.
1001 822 1122 904 Joseph

58 943 106 1002 pro
130 921 229 986 officio
252 920 392 985 maximo
415 920 478 985 sibi
507 922 691 1000 commisso,
715 958 755 966 -
777 921 854 1003 quia
874 928 970 1004 pater
992 921 1122 985 Domini

58 1022 162 1086 meruit
196 1020 357 1104 appellari
392 1027 426 1085 et
462 1027 571 1085 custos
607 1022 803 1104 virginitatis
839 1021 962 1085 Mariae
999 1020 1122 1084 electus

59 1127 132 1198 erat,
155 1119 372 1202 —singulari
399 1120 506 1202 gratia
534 1143 554 1185 a
580 1121 649 1185 Deo
679 1127 867 1197 ornaretur,
901 1125 939 1184 ut
968 1141 1042 1184 cum
1070 1141 1122 1183 ca·
1158 1123 1160 1130 ‘

58 1220 183 1284 ctissime
215 1241 274 1284 sua
306 1241 424 1302 sponsa
461 1219 548 1283 domi
579 1218 725 1302 forisque
757 1219 902 1283 securius
935 1225 970 1282 et
1002 1219 1122 1283 castius

57 1326 153 1400 posset
183 1319 313 1397 versari.
368 1317 481 1400 ,Habe
514 1339 590 1400 ergo
622 1318 758 1401 loseph,
797 1318 904 1401 inquit
940 1339 963 1382 s.
997 1317 1122 1399 Augu-

58 1418 208 1500 stinus,¹)
231 1440 304 1483 cum
322 1417 427 1480 Maria
448 1417 583 1499 conjuge
604 1422 662 1480 tua
684 1437 885 1481 communem
902 1416 1122 1499 virginitatem

57 1517 275 1594 membrorum,
310 1516 386 1598 quia
415 1515 455 1578 de
483 1515 636 1597 virgineis
665 1513 818 1578 membris
845 1515 948 1579 virtus
976 1516 1123 1579 nascitur

58 1615 247 1697 Angelorum.
292 1617 342 1681 Sit
368 1615 474 1682 Maria
500 1615 609 1679 Mater
637 1614 760 1679 Christi
788 1615 822 1677 in
848 1635 945 1678 carne
976 1615 1122 1678 11111111-

57 1714 179 1793 ginitate
208 1712 351 1779 seruata:
381 1717 424 1780 sis
454 1722 564 1780 autem
593 1721 626 1779 et
647 1721 685 1780 tu
706 1714 804 1779 Pater
826 1714 947 1778 Christi
969 1736 1048 1778 cura
1069 1735 1122 1778 ca-

58 1811 166 1876 stitatis
195 1819 228 1877 et
248 1812 496 1878 honorificentia
524 1813 729 1896 uirginitatis.
753 1861 760 1874 .
785 1861 822 1874 ..
866 1811 979 1877 Gaude
999 1813 1122 1895 Joseph

57 1909 228 1991 virginitate
246 1911 378 1991 Mariae,
402 1913 458 1994 qui
479 1912 567 1976 solus
588 1912 738 1976 meruisti
758 1911 947 1993 virginalem
969 1911 1122 1977 affectum

56 2009 209 2086 possidere
246 2011 402 2093 conjugii,
443 2011 521 2092 quia
556 2032 616 2093 per
655 2010 807 2074 meritum
839 2011 1035 2092 virginitatis
1073 2011 1122 2074 ita

57 2114 212 2187 separatus
245 2129 278 2172 es
307 2129 326 2172 a
353 2109 527 2174 concubitu
556 2109 682 2187 uxoris,
715 2116 753 2172 ut
781 2115 877 2190 pater
905 2109 1022 2173 dicaris
1052 2108 1121 2174 Sal-

58 2206 195 2270 catorisf‘

110 2309 134 2368 3.
163 2306 196 2370 si
215 2305 363 2371 Christus
381 2307 479 2371 matri
498 2328 575 2372 suae
591 2307 659 2390 jam
677 2313 787 2371 aetate
805 2314 977 2389 provectae
996 2305 1121 2371 nullum

58 2401 143 2467 alium
169 2405 273 2471 uoluit
300 2407 440 2489 relinqui
468 2405 650 2485 custodem,
680 2407 743 2471 nisi
770 2406 928 2489 virginem
953 2406 1119 2483 Joannem,

58 2510 165 2582 quanto
186 2505 288 2588 magis
317 2506 423 2570 eidem
451 2505 556 2570 adhuc
578 2506 839 2588 adolescentulae
868 2505 1037 2570 custodem
1065 2504 1121 2568 ad-

58 2621 116 2665 esse
135 2603 248 2684 noluit,
277 2605 340 2668 nisi
360 2604 550 2687 Virginem?
582 2605 634 2669 Ita
662 2627 685 2668 s.
708 2605 932 2688 Hieronymus,
944 2604 969 2686 2)
999 2626 1023 2668 s.
1046 2603 1121 2665 Am-

57 2697 211 2786 orosiusss)
245 2725 268 2767 s.
297 2703 480 2787 Thomasff)
514 2725 595 2786 quos
628 2704 775 2787 sequitur
807 2703 987 2768 Toletus:
1024 2702 1121 2784 ,Pro-

57 2795 182 2866 babilius
215 2809 248 2866 et
280 2803 400 2866 certius
433 2808 498 2881 est,
532 2802 688 2885 inquit,⁵)
724 2803 811 2884 quod
843 2801 873 2865 d.
906 2801 1120 2883 Hieronymus

58 2897 195 2964 aduersus
211 2899 398 2965 Helvidium
416 2908 450 2966 et
468 2902 497 2966 d.
516 2902 716 2984 Augustinus
723 2903 747 2983 6)
771 2905 928 2978 asserunt,
943 2898 1120 2980 Josephum

57 2991 143 3060 luisse
173 2999 348 3080 Virginem.
402 3000 505 3076 Quam
541 3000 672 3082 quidem
709 2999 905 3064 sententiam
937 2997 988 3061 vel
1018 2998 1120 3080 ipsius

57 3091 216 3177 Epiphanii
246 3097 395 3162 doctrina
423 3099 606 3178 confirmat3
635 3099 704 3181 ipse
734 3099 819 3163 enim
839 3097 1040 3180 Epiphanius
1061 3097 1121 3160 ibi-

57 3191 118 3256 dem
138 3195 253 3274 tradit,
275 3195 438 3262 Passionis
460 3204 606 3280 tempore
616 3198 640 3278 7)
662 3197 781 3262 Joanni
801 3196 1026 3278 Euangelistae
1047 3195 1120 3260 Vir-

113 3427 131 3492 ¹)
149 3427 234 3481 Serm.
253 3429 285 3480 14
307 3427 342 3480 de
360 3427 475 3483 Nativit.
518 3429 540 3493 ²)
558 3427 619 3482 Lib.
639 3432 651 3480 1
675 3433 774 3482 contra
790 3428 976 3482 Jovinianum.
1019 3429 1040 3494 ³)
1058 3428 1120 3482 Lib.

57 3505 84 3559 de
105 3508 191 3564 Instit.
210 3508 288 3578 Virg.
313 3514 419 3584 1117.Δ
439 3511 461 3576 ⁴)
481 3510 569 3579 Super
591 3511 680 3579 Epist.
705 3511 741 3564 ad
763 3511 820 3566 Gal.
844 3511 908 3564 lect.
926 3512 948 3564 5.
990 3509 1013 3576 ⁵)
1031 3511 1121 3578 Super

57 3585 112 3644 Luc.
129 3609 169 3660 cp.
188 3589 209 3655 I,
227 3597 319 3646 annot.
337 3595 377 3648 59.
420 3593 440 3660 ⁶)
457 3594 543 3648 Ssrm.
565 3597 594 3648 18
612 3595 646 3648 de
665 3596 809 3664 Tempore.
853 3595 872 3662 7)
890 3594 952 3648 Non
973 3594 1122 3648 defuerunt

58 3668 149 3740 Patres,
166 3674 214 3742 qui
231 3674 249 3727 J
255 3674 415 3742 osephum
433 3675 567 3730 Christo
589 3676 625 3729 in
647 3693 749 3730 cruce
768 3678 939 3745 pendente
961 3676 1067 3729 adhuc
1085 3677 1120 3729 in

57 3753 135 3808 11111
156 3757 262 3810 fuisse
285 3758 505 3811 asseruerint.
539 3758 695 3812 Secundum
718 3759 800 3826 Serry
824 3760 940 3813 exercit.
957 3761 990 3811 25
1007 3758 1030 3826 ἓ.
1047 3762 1062 3812 3
1081 3759 1121 3813 ita

57 3839 173 3900 putarunt
197 3857 217 3893 s.
241 3838 450 3907 Chrysostomus
473 3840 546 3893 hom.
569 3844 584 3893 5
608 3841 637 3893 in
660 3840 763 3914 Matth.
784 3859 804 3895 s.
827 3841 988 3894 Ambrosius
1012 3841 1060 3894 lib.
1085 3842 1120 3896 de

58 3916 133 3974 instit.
151 3921 228 3990 Virg.
250 3937 293 3989 cp.
311 3925 335 3986 6,
361 3939 381 3976 s.
399 3923 569 3990 Augustinus
592 3941 672 3976 serm.
694 3925 722 3976 81
750 3923 785 3976 de
806 3924 943 3988 Tempore
968 3928 997 3977 et
1014 3925 1120 3978 Auctor

58 4005 175 4058 sermonis
193 4007 227 4058 de
247 4004 375 4056 Passione
393 4005 506 4058 Domini
523 4006 596 4074 apud
613 4007 786 4074 Cyprianum.
822 4009 859 4060 At
876 4023 896 4060 s.
912 4005 1120 4073 Chrysostomus
