2814 4548
573 337 633 398 635

250 511 287 556 ae
308 513 387 559 suae
408 495 509 561 Matri
531 495 649 562 offerre
675 505 709 563 et
730 498 914 564 decernere.
959 499 1151 568 Certissima

278 594 397 658 ‘omni
424 616 559 677 prorsus
587 595 709 662 fiducia
737 598 874 662 nitimur
901 598 989 677 fore,
1020 606 1058 663 ut
1077 600 1151 683 ipsa

308 692 391 774 rgo,
421 713 505 775 quae
527 700 600 758 tota
621 695 737 777 pulcra
766 701 800 760 et
820 695 1035 763 Immaculata
1056 718 1151 763 vene·

350 791 423 854 simi
451 793 614 874 serpentis
643 800 743 876 caput
772 795 926 860 contrivit
954 802 988 860 et
1009 797 1151 862 salutem

385 910 534 973 quaeque
566 890 820 972 Prophetarum,
854 893 1151 978 Apostolorumque

412 1009 485 1052 mor
511 989 693 1072 Martyrum
723 991 932 1075 omniumque
956 993 1151 1058 Sanctorum

446 1108 589 1170 tuaeque
619 1089 820 1152 tutissimum
844 1092 1043 1155 'cunctorum
1064 1091 1148 1174 peri·

512 1192 546 1250 et
573 1184 731 1250 fidissima
760 1185 951 1251 auxiliatrix
979 1208 1016 1253 ac
1046 1189 1150 1254 totius

510 1284 620 1348 *ssime
660 1285 748 1368 apud
783 1284 995 1368 Unigenitum
1031 1287 1151 1351 Filium

477 1382 673 1462 anciliatrix,
703 1405 741 1448 ac
769 1384 1069 1466 praeclarissimum
1090 1385 1150 1450 Ec-

343 1534 352 1544 ,
394 1489 492 1544 decus
529 1488 562 1546 et
602 1488 830 1546 ornamentum
848 1557 849 1562 γ
865 1481 1150 1565 firmissimumque

220 1609 260 1642 ‚m
285 1586 419 1645 cunctas
447 1601 576 1662 semper
597 1581 765 1646 interemit
785 1581 952 1658 haerenae,
983 1587 1017 1645 et
1037 1580 1151 1646 fideles

110 1693 200 1754 ,utos
222 1684 401 1762 gentesque
423 1699 443 1743 a
464 1679 613 1742 maximis
634 1679 737 1743 omnis
757 1679 884 1761 generis
906 1679 1150 1744 calamitatibus

72 1771 200 1853 eripuit,
227 1799 266 1842 ac
288 1777 355 1842 Nos
376 1777 465 1860 ipsos
487 1798 507 1841 a
534 1783 585 1841 tot
605 1777 834 1860 ingruentibus
855 1778 1010 1860 periculis
1031 1778 1151 1844 libera-

71 1867 129 1948 vit3
161 1874 238 1940 velit
266 1875 464 1940 validissimo
494 1896 553 1938 suo
581 1875 764 1956 patrocinio
795 1874 937 1955 efficere,
967 1883 1005 1941 ut
1034 1884 1149 1942 sancta
1213 1893 1221 1904 ·

71 1964 172 2034 Mater
207 1974 369 2038 catholica
399 1973 548 2038 Ecclesia
585 1974 710 2039 cunctis
749 1975 868 2039 amotis
900 1974 1149 2041 difficultatibus

70 2070 255 2154 cunctisque
276 2071 459 2154 profligatis
481 2073 648 2138 erroribus
669 2073 867 2156 ubicumque
889 2075 1048 2155 gentium,
1078 2075 1150 2138 ubi·

70 2183 202 2250 cumque
223 2170 370 2234 locorum
392 2170 538 2254 quotidie
560 2172 662 2254 magis
683 2172 806 2254 rigeat,
836 2170 954 2236 floreat
975 2193 1013 2237 ac
1035 2179 1151 2256 regnet

70 2283 89 2324 a
113 2269 319 2352 mariusque
345 2269 391 2333 ad
412 2291 501 2334 mare
531 2276 565 2334 et
586 2291 606 2335 a
627 2269 759 2334 flumine
788 2291 892 2353 usque
921 2271 964 2334 ad
992 2272 1150 2336 terminos

69 2362 153 2428 orbis
174 2374 346 2446 terrarum,
375 2369 528 2451 omnique
549 2389 639 2450 pace,
669 2369 913 2452 tranquillitate
936 2389 973 2434 ac
995 2369 1151 2435 libertate

68 2458 208 2545 fruatur,
243 2474 281 2531 ut
312 2468 360 2531 rei
393 2468 535 2545 veniam,
571 2469 661 2551 aegri
692 2468 868 2545 medelam,
908 2468 1021 2549 pusilli
1052 2467 1150 2532 corde

68 2560 172 2643 robur,
198 2565 310 2630 afflicti
331 2567 596 2645 consolationem,
623 2567 850 2649 periclitantes
872 2566 1073 2649 adjutorium
1095 2566 1150 2630 ob-

68 2659 191 2730 tineant
222 2671 258 2729 et
286 2686 396 2729 omnes
429 2671 576 2730 errantes
609 2666 755 2731 discussa
786 2667 905 2730 mentis
938 2664 1076 2748 caligine
1107 2665 1151 2729 ad

68 2761 211 2828 veritatis
233 2785 271 2828 ac
292 2763 442 2845 justitiae
464 2765 614 2828 semitam
635 2765 781 2844 redeant,
803 2786 842 2829 ac
863 2764 922 2829 fiat
943 2784 1045 2828 unum
1067 2763 1150 2828 ovile

67 2863 100 2922 et
120 2882 203 2926 unus
225 2869 348 2944 pastor.
755 2915 762 2923 .

125 2961 272 3024 Audiant
292 2961 373 3025 haec
395 2961 516 3025 Nostra
537 2960 636 3024 verba
659 2981 770 3026 omnes
792 2961 895 3026 Nobis
917 2961 1077 3027 carissimi
1098 2982 1151 3025 ca-

66 3054 205 3124 tholicae
227 3059 394 3123 Ecclesiae
421 3058 496 3137 filii,
528 3065 562 3123 et
583 3058 764 3122 ardentiori
792 3080 896 3141 usque
919 3060 1070 3141 pietatis,
1100 3079 1148 3123 re·

65 3151 191 3236 ligiouis
215 3164 249 3222 et
270 3158 389 3222 amoris
411 3156 519 3222 studio
541 3164 682 3240 pergant
701 3157 817 3234 colere,
836 3157 994 3235 invocare,
1015 3176 1151 3221 exorare

65 3251 288 3322 beatissimam
310 3257 371 3321 Dei
400 3255 601 3322 Genitricem
621 3256 788 3338 Virginem
809 3255 949 3318 Mariam
978 3255 1047 3318 sine
1075 3253 1151 3318 labe

65 3355 215 3437 originali
244 3362 436 3437 conceptam
463 3363 564 3438 atque
594 3355 636 3420 ad
664 3356 749 3420 hauc
778 3353 998 3419 dulcissimam
1026 3353 1151 3417 miseri-

65 3455 195 3519 cordiae
218 3462 252 3519 et
270 3455 397 3538 gratiae
414 3454 556 3519 Matrem
576 3455 610 3518 in
632 3454 781 3518 omnibus
800 3452 964 3536 periculis,
982 3452 1151 3535 angustiis,

64 3553 315 3618 necessitatibus
337 3553 501 3635 rebusque
523 3552 631 3618 dubiis
650 3574 689 3617 ac
708 3553 846 3635 trepidis
868 3573 942 3616 cum
964 3551 1053 3616 omni
1069 3550 1153 3615 fidu·

65 3649 115 3713 cia
137 3651 335 3734 confugiant.
380 3650 470 3714 Nihil
498 3652 583 3716 enim
605 3651 787 3716 timendum
808 3651 956 3733 nihilque
979 3650 1153 3732 desperan-

66 3747 143 3812 dum
163 3751 240 3833 Ipsa
263 3750 362 3828 duce,
390 3751 465 3833 Ipsa
487 3750 634 3832 auspice,
664 3750 741 3832 Ipsa
762 3750 923 3832 propitia,
945 3751 1022 3832 Ipsa
1042 3755 1153 3831 prote·

65 3855 178 3929 gente,
209 3871 294 3934 quae
322 3855 508 3915 maternum
537 3870 614 3914 sano
643 3849 677 3911 in
705 3869 765 3912 nos
793 3869 908 3931 gerens
930 3847 1074 3911 animum
1096 3867 1153 3911 no·

66 3952 219 4031 atraeque
251 3948 368 4013 salutis
404 3948 537 4030 negotia
570 3953 717 4011 tractans
755 3946 795 4010 de
828 3947 978 4011 universo
1011 3946 1153 4010 humano
