2808 4556
308 543 536 609 Ebionitarum
564 563 602 606 ac
623 541 899 606 Talmudistarum
927 541 1065 624 vestigia
1091 563 1241 625 premere
1268 563 1333 606 non
1388 545 1389 606 f

248 641 451 706 erubuerunt
483 640 605 705 saeculi
637 640 755 705 decimi
786 641 870 705 sexti
901 640 1159 706 haeresiarchae.
1216 640 1332 706 Oeco-
1388 677 1389 724 ,

247 739 471 823 lompadius
511 738 670 804 transfert
709 738 809 803 verba
844 738 1021 822 vulgatae:
1062 739 1167 821 ,Ecce
1206 739 1334 804 adoles·
1388 777 1389 822 ,

247 838 380 903 centula
411 837 469 902 illa
495 858 678 920 praegnans
711 845 745 902 et
772 838 902 920 pariens
933 836 1068 902 fili11m.“
1116 839 1221 903 Juxta
1252 839 1334 904 Cal·

248 939 378 1004 vinum
399 936 528 1002 nomine
547 936 696 1018 ¹„almah“
714 935 911 1018 intelligitur
929 936 1060 1019 ,puella
1079 937 1147 1002 viro
1169 938 1332 1021 cognita.“

248 1037 433 1100 Erasmus
461 1037 661 1118 autumat,1)
697 1035 785 1118 apud
813 1035 980 1101 Hebraeos
1008 1036 1092 1102 hanc
1120 1058 1235 1101 vocem
1266 1059 1333 1102 esse
1388 1013 1389 1056 ¹

249 1136 412 1218 ancipem,
443 1141 481 1198 ut
507 1157 591 1218 quae
621 1141 692 1200 tum
720 1134 863 1218 puellam
892 1135 1067 1217 significet,
1096 1143 1168 1200 tum
1198 1138 1336 1202 abscon-

250 1235 362 1299 ditam.
423 1233 598 1315 „Videtur,
644 1233 752 1317 inquit
797 1233 1123 1315 Rosenmiiller,2)
1171 1235 1337 1319 propheta
1388 1287 1389 1292 1

249 1333 435 1416 designasse
457 1331 626 1416 virginem,
657 1340 727 1397 tum
755 1331 841 1397 forte
869 1340 1092 1414 praesentem,
1121 1335 1190 1398 sive
1219 1343 1335 1419 nupta,
1388 1391 1389 1420 ,

250 1433 317 1496 sive
345 1431 500 1514 innupta,
533 1431 600 1496 sive
627 1431 732 1495 Isaiae
764 1431 876 1496 reeens
909 1431 1108 1515 desponsata
1136 1455 1237 1513 uxor,
1273 1435 1337 1499 sive

250 1531 316 1596 alia
339 1530 448 1608 fuerit,
471 1567 511 1576 -
532 1530 615 1594 nihil
636 1530 768 1594 refert.“
1164 1547 1167 1554 ·
1388 1587 1389 1616 ,

315 1637 343 1694 4.
371 1629 545 1694 Versiones
559 1628 791 1694 Theodotionis
809 1636 843 1694 et
857 1629 995 1712 Aquilae
1014 1651 1078 1696 non
1097 1633 1195 1698 multi
1214 1634 1339 1700 lacien-
1388 1619 1389 1666 ³

251 1729 310 1794 das
331 1722 546 1810 auctoresque
566 1728 655 1792 inter
671 1728 854 1812 haereticos
870 1728 1076 1811 judaizantes
1098 1733 1338 1815 computandos
1388 1805 1389 1814 ,

253 1849 322 1893 esse
355 1827 451 1891 docet
486 1827 515 1891 d.
549 1827 773 1911 Hieronymus.
788 1829 813 1910 ³)
868 1827 986 1911 Aquila
1017 1829 1160 1910 primum
1194 1832 1337 1915 gentilis,
1388 1873 1389 1922 p

251 1934 368 2011 postea
396 1947 436 1990 ex
465 1926 650 1992 Christiano
678 1927 786 1992 factus
816 1935 866 1992 est
895 1927 1072 2008 hebraeus3
1106 1930 1207 1994 etiam
1235 1931 1341 1995 Theo·
1388 1929 1389 2002 t

253 2027 381 2103 dotion,
412 2027 468 2108 qui
495 2024 594 2090 fidem
615 2026 833 2092 Christianam
855 2025 1087 2108 profitebatur,
1118 2036 1278 2111 apostata
1299 2029 1339 2093 ad
1388 2013 1389 2040 ¹

246 2125 449 2209 judaismum
470 2123 600 2198 defecit.

315 2224 503 2302 Audiamus,
534 2223 695 2307 quomodo
729 2222 1039 2302 Stridoniensis,
1073 2226 1129 2307 qui
1159 2226 1338 2310 ,singulari
1388 2235 1389 2252 l

255 2325 404 2390 doctrina
432 2331 466 2388 et
492 2323 623 2405 linguae
651 2344 717 2388 non
746 2322 852 2386 solum
879 2322 1002 2386 latinae
1031 2330 1065 2387 et
1093 2345 1249 2406 graecae,
1285 2326 1339 2390 sed
1388 2335 1389 2368 l

254 2423 427 2489 hebraicae
460 2422 559 2487 etiam
595 2429 628 2486 et
660 2421 847 2486 chaldaicae
883 2421 1121 2504 intelligentia“
1157 2424 1340 2490 instructus
1388 2479 1389 2528 ,

255 2522 458 2606 ,haereticos
486 2521 653 2585 acerrimis
682 2521 814 2603 seriptis
843 2521 1041 2604 exagitarit“
1052 2521 1079 2602 4)
1115 2543 1229 2587 omnes
1268 2524 1339 2588 illos
1388 2583 1389 2586 ,

255 2621 429 2698 refellerit,
460 2620 516 2703 qui
538 2619 785 2685 celeberrimum
806 2620 912 2684 Isaiae
939 2619 1108 2684 oraculum
1129 2641 1338 2706 corrumpere
1388 2629 1389 2676 l

139 2725 143 2730 “
255 2720 438 2786 tentabant.
481 2717 611 2800 ,Alma
641 2718 793 2802 inquit‚⁵)
822 2740 887 2783 non
909 2718 1013 2783 solum
1033 2718 1145 2801 puella
1167 2721 1218 2784 vel
1240 2722 1338 2804 virgo,

256 2820 314 2886 sed
329 2840 403 2884 cum
421 2817 570 2884 ἐπιτάσει
590 2819 678 2902 virgo
697 2817 890 2882 abscondita
909 2817 1029 2882 dicitur
1047 2825 1081 2882 et
1099 2827 1238 2898 secreta,
1258 2841 1337 2904 quae
1388 2817 1389 2896 l

255 2940 423 3002 nunquam
443 2919 587 2984 virorum
606 2918 754 3001 patuerit
774 2917 976 3000 aspectibus,
1006 2916 1064 2982 sed
1084 2939 1204 3000 magna
1224 2940 1339 3001 paren·

256 3025 327 3083 tum
357 3018 527 3102 diligentia
555 3017 720 3084 custodita
747 3017 821 3082 sit.“
864 3015 958 3094 Quod
987 3023 1021 3081 et
1041 3017 1164 3100 repetit
1192 3018 1228 3081 in
1249 3017 1339 3082 libris
1388 3091 1389 3110 χ

223 3125 226 3132 ’
255 3124 373 3183 Ἰοοηῐιέι
402 3118 618 3184 Jovinianum.
666 3115 776 3199 ,Scio,
810 3115 933 3194 scribit,
944 3115 969 3196 ⁶)
1001 3113 1150 3188 Judaeos
1175 3135 1338 3199 opponere
1388 3111 1389 3194 l

254 3216 372 3296 solere,
394 3218 429 3282 in
449 3215 600 3281 Hebraeo
621 3216 757 3281 verbum
778 3214 926 3298 ,almah“
949 3235 1014 3278 non
1035 3215 1193 3298 virginem
1214 3236 1337 3291 sonare,

257 3315 316 3382 scd
344 3315 629 3381 adolescentulam.
673 3315 717 3380 Et
744 3337 779 3379 re
808 3335 885 3378 vera
912 3315 1001 3396 virgo
1029 3313 1161 3397 proprie
1181 3312 1337 3378 bethulah
1388 3357 1389 3384 t

257 3414 461 3499 appellatum
498 3412 742 3479 adolescentula
774 3421 884 3479 autem
914 3413 965 3477 vel
993 3412 1104 3495 puella
1135 3434 1202 3477 non
1233 3412 1336 3478 almah

326 3613 346 3680 ¹)
363 3612 394 3665 In
413 3611 512 3668 Matth.
530 3628 574 3680 cp.
592 3610 613 3666 1.
646 3612 669 3679 ²)
687 3609 799 3665 Scholia
814 3612 843 3665 in
861 3612 930 3667 Nor.
949 3611 1023 3667 reu.
1038 3615 1104 3667 tom.
1123 3613 1137 3664 1
1155 3628 1220 3681 pag.
1235 3614 1269 3667 26
1284 3627 1339 3679 sqq.

258 3696 280 3763 ¹)
298 3694 388 3750 Praei.
404 3695 434 3748 in
451 3694 506 3748 Job
524 3693 574 3750 clr.
591 3691 665 3748 Iren.
682 3693 744 3749 adr.
765 3693 870 3749 haeres.
887 3694 937 3748 lib.
953 3696 969 3747 3
986 3707 1029 3762 cp.
1046 3695 1088 3748 24.
1120 3693 1294 3749 Theodotion
1311 3695 1338 3746 et

258 3776 360 3845 Aquila
372 3775 464 3830 almah
475 3780 590 3832 vertunt
607 3762 745 3828 νεάνιδα
763 3776 946 3847 (juvencula);
964 3773 1072 3838 νεανῖς
1092 3793 1159 3831 vero
1170 3794 1225 3832 vox
1240 3789 1337 3842 anceps

257 3863 338 3914 notat
354 3859 475 3926 puellum
499 3859 545 3914 vel
568 3861 707 3930 integrum
731 3860 776 3915 vel
793 3859 933 3928 vitiatam3
959 3877 1013 3930 qno
1037 3876 1119 3915 sensu
1136 3859 1210 3914 hanc
1231 3871 1338 3924 usurpa·
1388 3867 1389 3926 j

258 3941 352 3994 vemat
367 3954 481 4007 vocem,
507 3940 622 3994 dubium
640 3946 691 3997 est.
731 3942 754 4009 ⁴)
772 3939 853 3996 Brev.
871 3957 940 3997 rom.
957 3942 987 3996 in
1003 3942 1075 3998 festo
1091 3959 1114 3998 a.
1130 3941 1261 4009 hierony.
1274 3940 1336 3993 lect
1388 3951 1389 4000 l

259 4021 308 4078 Vl.
340 4023 362 4086 ⁵)
380 4021 414 4074 ln
431 4019 467 4076 ls.
482 4038 526 4091 cp.
544 4022 607 4089 Vll,
625 4026 666 4080 14.
698 4024 720 4091 ⁶)
737 4024 807 4081 Adv.
825 4025 965 4080 Jovinian.
981 4025 1030 4081 lib.
1048 4025 1070 4080 L
