2726 4560
9 703 11 736 l

557 382 593 440 19

49 543 180 630 Christus
198 563 241 605 ex
260 539 470 604 immaculata
485 539 618 623 Virgine
640 549 815 627 conceptus
834 545 878 610 sit
894 552 993 630 atque
1012 555 1113 615 ortus.
1164 557 1169 568 '

49 643 132 706 Porro
152 648 291 706 eatenus
312 645 414 718 terra,
437 659 477 703 cx
498 661 565 722 qua
584 640 781 723 plasmatum
803 650 854 708 est
875 644 965 711 Adae
987 667 1113 730 corpus,

9 765 10 800 2
49 741 243 807 inmaculata
265 740 403 818 dicitur,
427 746 603 822 quatenus,
625 741 676 804 uti
695 741 805 824 plures
829 752 1012 827 exponunt,
1035 768 1114 812 non·

49 844 111 906 dum
128 842 242 907 fuerat
263 840 305 904 ob
330 837 420 903 Adae
442 838 572 921 culpam
594 838 734 904 obnoxia
756 842 986 924 maledictioni,
1007 866 1114 930 neque

47 941 107 1006 ullis
132 941 278 1005 filiorum
306 939 376 1022 ejus
406 938 636 1021 iniquitatibus
663 939 814 1006 foedata:
848 951 1048 1028 quapropter
1075 952 1114 1011 ut

9 1107 10 1130 ζ
46 1040 177 1121 perfecta
198 1038 359 1103 consistat
379 1037 568 1116 antithesis,
591 1037 664 1102 ideo
693 1039 964 1108 immaculata
993 1042 1113 1108 dicitur

9 1165 10 1200 ι
48 1139 69 1202 b.
79 1140 182 1223 Virgo,
201 1138 280 1222 quia
295 1136 422 1201 nullum
439 1137 505 1200 sive
524 1136 734 1219 originarium
751 1138 818 1202 sive
833 1141 967 1223 propria
984 1144 1112 1210 actione

9 1323 10 1332 ἵ
47 1239 208 1304 admissum
228 1240 401 1319 peccatum
420 1234 511 1298 illam
532 1255 676 1318 unquam
697 1237 960 1304 contaminavit.“
974 1242 999 1323 ¹)

92 1337 121 1400 b.
152 1333 418 1400 Testimonia
445 1354 577 1398 summ.
606 1333 867 1401 Pontificum.

98 1441 121 1499 1.
154 1435 248 1501 Inter
269 1434 433 1498 Romanos
452 1431 625 1498 Pontifices
655 1433 689 1497 in
717 1433 860 1499 favorem
880 1435 1112 1506 immaculatae

9 1533 11 1608 l
46 1534 261 1618 Conceptionis
281 1532 406 1616 primus
425 1530 528 1596 edidit
548 1532 656 1614 (extra
674 1533 825 1615 concilia)
843 1535 1112 1603 constitutionem

9 1677 10 1728 3
44 1635 192 1715 publicam
217 1639 252 1698 et
274 1629 405 1716 quidem
425 1630 588 1712 triplicem
609 1630 755 1696 Sixtus
776 1632 835 1697 IV.
845 1633 870 1714 ²)
911 1633 951 1698 In
972 1657 1111 1718 quarum

9 1735 10 1748 ³
44 1733 134 1813 prima
156 1754 244 1798 auno
267 1736 347 1796 1476
369 1730 459 1820 edita
478 1729 600 1794 festum
621 1730 863 1814 Conceptionis,
883 1732 952 1815 jam
973 1741 1071 1800 antea
1091 1758 1112 1801 a

9 4063 10 4072 ι
43 4011 118 4076 ’ler
136 4015 314 4088 Sedlmcyrl.
333 4033 356 4073 c.
375 4020 427 4072 art
444 4013 493 4084 1X,
510 4033 538 4071 ιι.
553 4016 602 4070 389
619 4031 678 4084 sqq.

46 1832 172 1898 Concilio
199 1829 382 1896 Basileensi
407 1829 596 1894 institutum
626 1836 660 1894 et
686 1828 727 1894 ab
749 1829 896 1895 Ecclesia
926 1833 1027 1897 etiam
1047 1835 1111 1899 Ro-

46 1952 124 1996 mana
138 1931 394 2015 frequentatum,
411 1928 609 2011 apostolicae
625 1928 717 1995 Sedis
733 1931 932 1996 auctoritate
949 1940 1110 2016 quatenus

46 2037 119 2095 certa
149 2037 184 2096 et
215 2027 353 2094 indubia
384 2026 540 2106 firmauit3
571 2027 636 2111 ipsi
665 2027 799 2111 insuper
830 2028 916 2095 festo
943 2033 1110 2115 propriam

46 2128 158 2195 Missam
186 2127 383 2195 et·officium
409 2127 550 2210 speciale
571 2126 703 2210 publica
730 2130 926 2195 auctoritate
954 2132 1108 2199 instituit.

46 2227 201 2296 Praeterea
222 2231 257 2293 in
279 2228 341 2292 hac
359 2226 461 2308 ‚officii
481 2227 689 2292 institutione
710 2226 860 2292 fidelibus
882 2229 969 2296 clare
990 2231 1107 2312 innuit,

45 2327 105 2394 festi
125 2327 356 2412 conceptionis
384 2325 549 2408 objectum
571 2345 640 2390 csse
663 2325 924 2410 ,immaculatam
946 2329 1108 2413 Deiparae

45 2431 273 2512 conceptionem
294 2432 328 2491 et
357 2426 398 2491 ab
421 2425 571 2508 originali
592 2425 918 2508 praeservationem.“
961 2429 1109 2496 Secunda

45 2529 217 2593 constitutio
241 2547 283 2590 ex
302 2545 386 2590 anno
411 2529 488 2589 1482
511 2523 645 2588 damnat
666 2525 892 2605 assertionem,
916 2527 1025 2610 ,quod
1045 2529 1108 2592 Ro-

45 2645 123 2692 mana
141 2626 291 2692 Ecclesia
315 2623 417 2688 solam
439 2623 641 2706 spiritualem
662 2623 915 2707 conceptionem
936 2648 994 2691 seu
1014 2649 1106 2692 sanc-

43 2723 239 2791 tificationem
258 2723 401 2806 Virginis
422 2722 546 2786 Mariae
567 2720 746 2800 celebret,“
770 2729 938 2807 tamquam
959 2724 1104 2808 ,falsam

44 2843 193 2890 erroneam
220 2831 255 2889 et
276 2845 297 2888 a
316 2823 455 2887 veritate
476 2821 608 2904 penitus
636 2821 806 2887 alienam‘f
848 2822 959 2888 Tertia
987 2825 1107 2890 consti-

43 2924 111 2987 tutio
131 2946 216 2989 anno
241 2927 321 2987 1483
351 2920 440 2986 edita
460 2921 568 3004 rejicit
587 2927 626 2985 ut
652 2920 768 2986 falsam
791 2928 824 2986 et
846 2917 1015 2986 erroneam
1034 2944 1106 2988 sen·

43 3025 176 3102 tentiam,
207 3043 293 3106 quae
314 3026 422 3100 tenet,
450 3019 636 3085 mortaliter
655 3041 791 3103 peccare
813 3027 847 3085 et
867 3021 1011 3087 haeresis
1031 3021 1105 3086 labe

44 3139 99 3185 esse
122 3122 280 3204 pollutos,
316 3121 373 3204 qui
394 3121 525 3185 beatam
545 3119 712 3202 Virginem
732 3119 908 3184 immunem
929 3142 950 3184 a
969 3127 1104 3204 peccato

44 3219 175 3302 originali
194 3220 329 3285 habent.

90 3323 114 3382 2.
141 3319 217 3384 Leo
239 3318 288 3398 X,
311 3339 396 3384 anno
420 3323 499 3383 1518
520 3317 554 3382 in
576 3338 635 3382 sua
655 3318 888 3384 constitutione
909 3318 1105 3401 incipiente:

45 3415 105 3494 ,Pia
125 3416 393 3484 christifidelium
422 3422 456 3483 et
482 3416 676 3500 praesertim
705 3417 740 3481 in
767 3417 999 3483 Immaculatae
1021 3417 1105 3482 Gon·

48 3541 226 3556 Q...—

93 3601 110 3667 ¹)
131 3602 208 3657 Hanc
226 3602 385 3672 epistolam,
410 3617 492 3670 quam
514 3600 589 3654 inter
605 3600 675 3655 elios
697 3600 784 3654 refert
801 3599 985 3654 Bellarminus
1001 3599 1050 3656 lib.
1068 3599 1104 3672 de

42 3683 119 3752 script
136 3686 217 3752 eccl„
239 3685 367 3740 nonnulli
383 3682 487 3738 habent
508 3683 726 3753 supposititiam
752 3681 914 3737 Gallandius
930 3679 960 3734 in
976 3698 1026 3734 sua
1042 3682 1104 3736 bib·

43 3763 83 3818 liot
83 3765 144 3821 heca
159 3769 273 3822 Petrum
295 3773 362 3822 tom.
380 3766 409 3832 l,
426 3781 469 3834 op.
487 3768 510 3820 5.
528 3782 580 3820 nec
598 3783 654 3821 non
671 3766 762 3835 Wcog
778 3768 936 3834 protestans
953 3763 1104 3832 genuinam

44 3861 92 3901 ean
112 3854 248 3918 reputant
290 3849 346 3906 Cir.
372 3846 568 3903 L‘immaculie
592 3849 765 3918 Conception
790 3847 824 3902 de
850 3847 878 3901 le
901 3846 1103 3901 bienheureuse

43 3926 111 3999 Yirge
128 3932 216 3988 Maria
237 3950 291 4004 par
306 3935 423 3999 Mulon,
441 3933 545 4002 tueque
567 3932 602 3986 de
618 3933 737 4002 Bruges·
728 3931 883 3986 ·Bruxelles
900 3931 965 3985 1857
982 3947 1044 4000 pag.
1060 3933 1102 3985 82
