2728 4554
761 342 822 400 affl

246 509 322 586 post
343 501 469 584 aliquot
491 499 568 564 dies.
613 498 719 578 Adde,
750 498 838 583 quod
858 499 982 566 multae
1004 498 1144 565 feminae
1163 502 1306 585 jamenta

245 601 343 666 finem
364 600 442 664 noni
461 599 581 664 mensis
602 599 741 681 pariant.

308 700 400 764 Abiit
428 697 561 782 quidem
591 697 622 761 h.
649 697 749 779 Virgo
779 719 887 778 „cum
914 696 1234 777 festinatione;“
1262 700 1307 764 sed

245 799 308 864 hoo
336 819 403 862 non
431 797 475 860 ad
495 803 624 879 tempus
653 795 813 874 refertur,
847 795 904 861 sed
930 797 1041 878 potius
1072 797 1117 861 ad
1137 799 1214 877 iter,
1243 800 1261 862 i.
1280 821 1306 876 e,

247 897 376 983 quando
406 897 502 974 abiit,
533 896 624 961 abiit
643 917 717 960 oum
745 895 970 974 festinatione,
1001 895 1079 980 quia
1106 897 1242 980 Spiritus
1262 898 1308 962 Ilei

246 1019 319 1063 eam
339 995 492 1080 urgebat,
522 994 600 1078 quia
621 994 763 1059 charitas
784 993 911 1059 fervens
938 1001 973 1060 et
994 994 1112 1060 ardens
1134 996 1308 1062 desiderium

245 1095 442 1162 inserviendi
476 1093 685 1158 Elisabethae
723 1093 758 1157 in
797 1100 907 1158 aetate
945 1103 1100 1176 provecta
1135 1095 1308 1180 praegnanti

248 1218 319 1261 eam
341 1189 564 1260 stimulabant.

308 1294 339 1358 b.
367 1291 490 1357 Mansit
510 1290 541 1354 b.
564 1289 663 1372 Virgo
685 1289 774 1372 apud
794 1289 1018 1356 Elisabetham
1039 1292 1160 1377 ,quasi
1185 1294 1307 1358 mensi·

246 1394 322 1458 bus
357 1389 528 1457 tribus.“
577 1388 776 1453 Adverbium
812 1389 973 1473 ,quasi“
1008 1411 1075 1455 non
1103 1392 1233 1471 minuit,
1265 1391 1308 1458 sed

246 1490 408 1575 significat
444 1488 493 1554 rei
528 1487 717 1568 veritatem3
756 1488 820 1552 imo
858 1487 1020 1571 significat
1056 1511 1226 1556 numerum
1258 1511 1308 1555 non

246 1592 352 1657 solum
372 1587 470 1673 paulo
492 1586 665 1665 minorem,
695 1586 753 1651 sed
778 1586 879 1651 etiam
899 1587 998 1670 paulo
1025 1589 1191 1672 majorem.
1233 1589 1307 1668 Quod

168 1699 170 1704 '
245 1692 280 1755 in
308 1712 332 1755 s.
357 1688 528 1771 Scriptura
548 1685 711 1768 particula
739 1686 874 1769 ,quasi“
902 1687 1069 1752 interdum
1097 1688 1138 1753 iis
1166 1690 1241 1773 ipsis
1265 1712 1307 1772 ap·

244 1794 396 1873 ponatur,
417 1787 450 1850 in
472 1785 591 1868 quibus
611 1785 693 1848 nihil
714 1785 925 1863 imminuitur,
943 1787 1084 1869 plurima
1106 1788 1307 1855 demonstrant

247 1885 396 1969 exempla
428 1905 447 1948 a
478 1882 674 1948 Trombellio
686 1884 710 1965 ¹)
744 1884 855 1949 citata.
906 1884 1021 1950 Nonne
1051 1887 1195 1954 Joannes
1224 1871 1318 1954 Esau?

245 1986 363 2070 gelista
384 1983 550 2049 Christum
572 1981 748 2046 Dominum
769 1983 908 2065 ,quasi
929 1985 1246 2070 unigenitum“²)
1264 2009 1307 2069 ap·

244 2085 361 2170 pellat,
393 2103 494 2167 quum
520 2081 635 2165 procul
663 2080 762 2145 dubio
792 2081 836 2146 sit
862 2083 1175 2166 „unigenitus?“
1214 2087 1306 2152 Nome

245 2207 268 2249 s.
301 2184 431 2248 Marcus
468 2201 639 2246 numerum
677 2180 859 2259 hominum,
900 2203 981 2264 quos
1014 2182 1164 2250 Christus
1203 2192 1306 2268 septen

245 2283 385 2366 panibus
407 2289 441 2346 et
462 2280 574 2363 paucis
596 2280 740 2363 piscibus
760 2285 974 2360 saturaverat,
997 2285 1134 2365 ,quasi
1158 2292 1306 2369 quatuor

245 2381 434 2462 millia“³)
471 2378 573 2443 fuisse
605 2377 758 2456 tradidit,
799 2400 899 2461 quum
934 2386 1045 2445 tamen
1083 2405 1107 2447 s.
1141 2384 1305 2450 Matthaeus

246 2495 397 2562 expresse
419 2479 517 2556 dicat,
539 2476 639 2541 fuisse
661 2483 862 2559 „quatuor
882 2477 1017 2542 millia
1039 2483 1228 2564 exceptis
1247 2504 1305 2547 mu·

245 2577 419 2641 lieribus
441 2584 481 2641 et
500 2575 757 2659 parvulis“4)
800 2575 965 2641 Particula
987 2598 1063 2661 ergo
1086 2582 1242 2664 „quasi“
1261 2602 1305 2654 nos

245 2676 377 2740 minime
406 2676 507 2766 cogit,
537 2681 575 2740 ut
603 2675 633 2739 b.
662 2674 827 2757 Virginem
855 2682 923 2741 tres
951 2698 1078 2743 menses
1107 2682 1196 2762 apud
1222 2679 1304 2745 Elisa·

235 2767 380 2840 'betham
401 2775 557 2839 mansisse
578 2794 742 2856 negemus,

307 2872 392 2955 ,Sed
412 2871 474 2951 fac,
496 2873 605 2956 inquit
622 2870 836 2936 Trombellius
853 2872 874 2936 l.
894 2895 930 2951 c,
949 2875 1149 2956 particulam
1166 2878 1303 2963 ,quast

244 2972 297 3036 hio
321 2971 462 3054 positam
484 2992 553 3036 esse
574 2971 617 3035 ad
637 2970 762 3054 aliquid
782 2972 1053 3038 imminuendum:
1076 2977 1123 3040 sio
1146 2986 1184 3043 ut
1203 2975 1305 3062 aliquid

245 3070 331 3134 desit
349 3069 483 3151 integris
501 3069 607 3134 tribus
628 3069 801 3148 mensibus,
820 3069 916 3135 facile
933 3071 1014 3138 haec
1036 3075 1181 3157 explicas
1202 3085 1303 3143 etcum

244 3168 431 3251 praesentia
462 3168 602 3248 Mariae,
644 3169 721 3233 dum
752 3169 944 3235 Elisabetha
974 3175 1120 3256 peperit,
1162 3175 1304 3242 commode

245 3266 426 3349 componis,
463 3267 491 3330 si
523 3267 659 3347 dixeris,
696 3268 840 3352 aliquot,
873 3269 954 3335 licet
984 3293 1106 3354 paucos
1139 3277 1221 3357 dies,
1244 3295 1304 3359 per·

244 3364 401 3429 mansisse
428 3363 581 3445 Mariam,
610 3374 787 3451 antequam
815 3369 879 3433 iter
907 3370 950 3434 ad
976 3371 1200 3442 Elisabetham
1226 3373 1304 3442 susci-

245 3468 352 3546 peret,
381 3465 554 3530 nonnullos
583 3465 683 3531 etiam
711 3467 780 3532 dies
807 3468 842 3531 in
863 3469 979 3534 itinere
1007 3471 1077 3554 ipso
1107 3475 1302 3558 insumpsisse,

246 3569 297 3626 tot
333 3560 402 3625 dies
443 3569 515 3626 tum
551 3563 693 3630 fortasse
733 3566 898 3631 mensibus
934 3569 1040 3634 tribus
1080 3571 1204 3652 demes,
1240 3591 1303 3656 quos

246 3660 394 3742 demptos
423 3661 471 3725 vis
499 3662 539 3726 ab
562 3663 769 3747 Evangelista
789 3665 879 3730 Luca
899 3669 1062 3750 particula
1089 3671 1149 3736 illa
1175 3667 1302 3756 „quast”¹

313 3892 332 3956 1)
350 3889 381 3944 n.
399 3907 422 3945 ο.
439 3909 466 3958 p.
485 3892 506 3956 1,
523 3892 590 3947 aaa
609 3894 669 3960 xa,
687 3913 714 3951 n.
731 3899 755 3952 7.
794 3899 817 3966 a)
836 3860 937 3966 aar,
957 3861 996 3957 ie.
1030 3902 1052 3969 ⁸)
1072 3903 1150 3972 vm,
1167 3906 1190 3959 e.
1220 3904 1240 3968 4)
1255 3896 1302 3962 st.

246 3973 288 4025 38.
320 3973 341 4037 ὓ)
360 3972 391 4026 L.
409 3988 435 4026 c.
451 3991 477 4029 n.
494 3975 517 4028 8.
