2718 4556
569 332 627 394 311

71 492 188 558 disertis
201 491 308 558 uerbis
323 489 366 557 ad
378 492 618 576 quaestionem:
640 493 748 577 ,Quid
760 499 872 560 autem
887 501 938 560 est
950 495 1139 579 accipere?“

71 591 321 674 respondentem:
344 591 461 673 ,Domi
481 591 629 675 profecto
652 592 804 659 retinere.
846 592 921 659 Jam
941 593 1029 658 enim
1049 593 1140 660 illam

71 695 166 754 mente
188 689 373 755 dimiserat:
407 689 464 756 sed
485 690 667 770 dimissam,
697 691 820 776 inquit,
852 692 1011 772 retineas,
1042 713 1140 776 quam

71 788 147 853 Deus
173 789 235 854 tibi
267 789 415 873 copulat,
448 811 514 855 non
541 797 711 873 parentes:
747 791 880 873 copulat
907 813 983 856 vero
1012 812 1078 856 non
1105 792 1140 856 in

70 886 171 952 foedus
202 888 347 954 solemne
379 889 536 972 conjugii,
573 889 631 954 sed
663 889 697 954 in
728 890 929 955 consortium
960 892 1140 955 communis

70 985 236 1052 habitaculi
259 994 293 1054 et
314 989 447 1072 copulat
465 1009 525 1071 per
545 1009 637 1054 meae
660 989 746 1054 vocis
770 988 924 1056 officium:
947 989 1140 1054 sicutenim

69 1086 147 1152 illam
163 1095 279 1171 postea
297 1087 503 1166 commendat
522 1087 670 1153 Christus
689 1088 759 1170 ipse
781 1086 1018 1170 discipulo,ita
1039 1088 1140 1153 etiam

69 1207 141 1250 nuno
167 1186 311 1270 Angelus
340 1208 474 1269 sponso,
509 1186 662 1251 solatium
690 1186 916 1252 tantummodo
950 1187 1019 1270 ejus
1047 1186 1140 1252 habi·

69 1292 164 1375 turam
185 1286 309 1369 absque
331 1286 463 1351 foedere
484 1286 705 1368 nuptiarum.“

120 1385 205 1471 Bene
239 1407 368 1468 quoque
401 1385 642 1450 animadvertas
670 1405 807 1467 quaeso,
840 1385 911 1450 loco
944 1385 1045 1451 citato
1074 1407 1139 1450 uon

69 1482 123 1548 diei
153 1485 212 1566 ,in
244 1484 448 1567 conjugem
480 1484 700 1566 accipere,“
732 1483 791 1550 sed
822 1485 1049 1568 ,conjugem
1080 1505 1138 1550 ao-

69 1583 220 1665 cipere.“
263 1583 323 1648 llle
345 1583 439 1662 enim,
462 1583 519 1666 qui
541 1583 574 1646 in
595 1583 803 1648 matrimonio
821 1583 963 1666 primum
981 1583 1138 1666 jungitur,

68 1701 124 1745 non
149 1681 285 1760 dieitur,
318 1683 466 1765 accipere
495 1681 665 1766 conjugem
681 1701 800 1766 suam,
834 1681 892 1746 sed
913 1682 947 1746 in
968 1683 1139 1766 conjugem

69 1800 158 1845 suam.

121 1886 147 1944 4.
180 1879 362 1945 Difficultas
395 1901 435 1944 ex
465 1879 674 1945 beatissimae
702 1878 844 1962 Virginis
876 1879 1139 1962 peregrinatione

69 1977 104 2041 ad
122 1979 291 2044 Elisabeth
318 1985 491 2062 cognatam
519 1979 691 2062 desumpta
722 1979 868 2044 exoritur
896 1977 997 2042 etiam
1026 1983 1140 2042 contra

69 2079 254 2143 sententiam
276 2099 401 2157 eorum,
430 2078 486 2162 qui
507 2085 654 2161 tempore
680 2077 839 2143 adventus
861 2075 977 2160 angeli
996 2097 1062 2140 non
1082 2075 1139 2140 ad·

70 2175 193 2242 mittunt
223 2177 288 2242 nisi
318 2178 490 2260 sponsalia.
544 2177 630 2242 Num
661 2197 780 2260 sponsa
812 2182 881 2242 tam
911 2175 1043 2258 longum
1074 2174 1139 2240 iter

70 2275 220 2358 suscipere
257 2269 397 2359 poterit,
438 2276 517 2360 quin
553 2276 721 2341 licentiam
757 2275 867 2359 sponsi
902 2294 968 2338 non
998 2273 1139 2357 petitam

69 2375 243 2458 acceperit?
276 2375 440 2454 Gerson,
470 2375 668 2441 clarissimus
694 2374 762 2440 ille'
777 2373 1000 2438 universitatis
1021 2372 1139 2438 Parisi-

70 2473 144 2537 ensis
171 2473 401 2554 cancellarius,
430 2475 545 2540 scribit
566 2474 706 2558 quidem,
718 2474 742 2556 ¹)
773 2495 839 2538 non
859 2493 955 2556 posse
984 2471 1137 2542 dubitari,

70 2572 138 2653 quin
167 2571 197 2638 b.
225 2573 324 2658 Virgo
353 2595 545 2640 consensum
577 2596 601 2639 s.
628 2567 764 2657 losephi
792 2572 835 2638 ad
861 2573 926 2637 iter
953 2569 1140 2636 faciendum

69 2668 225 2738 habuerit:
255 2674 430 2756 ,Visitavit
450 2673 556 2738 Maria
582 2672 773 2738 Zachariam
802 2677 835 2736 et
855 2669 1042 2748 Elisabeth,
1072 2692 1138 2735 non

70 2767 206 2851 dubium,
241 2772 321 2855 quin
349 2771 389 2836 de
418 2772 552 2837 lieentia
584 2778 618 2837 et
645 2791 805 2837 consensu
835 2769 897 2834 viri
925 2770 976 2834 sui
1003 2769 1138 2853 Josephi

68 2865 125 2946 jam
144 2870 183 2934 de
205 2879 409 2938 sacramento
427 2872 667 2937 incarnationis
689 2871 871 2936 instructi.“

123 2967 151 3033 S.
181 2968 360 3051 Josephum
399 2970 613 3049 consensisse,
654 2989 780 3036 merum
816 2976 1032 3034 commentum
1072 2975 1137 3048 est;

72 3061 104 3127 de
136 3076 337 3132 sacramento
369 3067 607 3134 ln'carnationis
642 3075 721 3132 tunc
756 3069 913 3151 temporis
947 3068 1041 3132 illurn
1070 3057 1149 3152 jam

70 3159 158 3230 fuisse
188 3168 402 3245 instructum,
436 3166 585 3231 omnibus
616 3165 790 3230 videbatur
820 3167 930 3250 opinio
961 3167 1137 3250 paradoxa.

72 3259 305 3340 ,indubitatum
334 3273 384 3330 est
413 3266 513 3344 enim,
543 3265 658 3331 scribit
685 3265 996 3347 Trombellius‚2)
1026 3267 1138 3332 statim

71 3369 135 3440 post
151 3366 431 3431 annuntiationem
442 3365 629 3448 'suscepisse
645 3363 812 3448 Virginem
829 3365 894 3430 iter
910 3364 1001 3428 illud.
1038 3365 1137 3430 Porro

69 3457 178 3544 loseph
214 3463 254 3527 de
287 3464 528 3529 lncarnationis
565 3464 719 3547 mysterio
758 3464 939 3529 instructus
979 3485 1045 3528 non
1078 3471 1136 3542 est,

71 3559 126 3623 nisi
152 3571 324 3646 postquam
351 3564 492 3647 Virginis
524 3571 670 3629 ventrem
701 3563 863 3629 tumidum
893 3562 1032 3645 ideoque
1067 3583 1138 3628 earn

72 3678 189 3738 gravem
208 3662 300 3729 foetu
318 3664 493 3747 perspexit.
528 3663 579 3727 An
596 3684 672 3728 vero
694 3662 787 3728 foetu
808 3684 937 3746 gravem
953 3662 1138 3746 perspicere

131 3897 201 3962 ¹),ln
225 3914 306 3952 serm.
332 3895 367 3951 de
391 3895 482 3950 Nativ.
507 3895 632 3964 Virginis
658 3893 771 3950 Mariae.
813 3895 835 3962 ²)
858 3893 889 3949 L.
913 3910 937 3948 e.
962 3911 988 3963 p.
1013 3891 1050 3960 ll,
1075 3893 1141 3950 diss.
1242 3919 1244 3924 ·

74 3973 115 4041 Xl,
130 3995 154 4031 n.
170 3983 192 4035 6.
