2730 4564
739 362 798 423 140

222 545 248 588 s.
281 522 511 610 Ambrosius
535 521 764 606 sacrilegium,
792 521 1028 598 ,Gennadius
1058 522 1306 607 blasphemiam.

223 624 429 706 ,Intentam
445 623 492 696 ait
509 622 747 706 Origenesst)
757 622 866 714 neseio
883 622 956 706 quis
968 624 1121 706 prorupit
1135 625 1308 702 insaniam,

222 729 261 794 ut
282 725 616 806 assereretne'gatam
637 720 894 806 iuissaMariam
914 743 935 786 a
957 721 1136 802 salvatore,
1159 745 1198 788 eo
1221 725 1308 808 quod

222 829 300 906 post
318 822 526 898 nativitatem
547 819 636 886 illius
660 821 776 903 juncta
796 819 899 888 fuerit
918 820 1071 904 Joseph.“
1114 822 1225 905 ,Fieri
1247 844 1310 887 non

222 927 370 1005 poterat,
400 919 521 1011 scribit
535 919 566 1002 d.
589 920 830 999 Ambrosius,
840 922 865 1004 ²)
895 928 934 986 ut
953 921 1090 1007 loseph,
1120 922 1170 988 uir
1188 923 1307 1006 justus,

222 1023 256 1086 in
277 1022 362 1087 hanc
383 1020 587 1104 prorupisset
607 1021 792 1100 amentiam,
815 1027 853 1088 ut
874 1021 974 1086 matri
998 1021 1128 1086 Domini
1151 1043 1308 1104 corporeo

166 1199 169 1204 Ι
222 1121 399 1186 concubitu
426 1120 653 1208 miscereturf‘¹
694 1120 724 1186 S.
753 1119 1024 1202 Epiphanius
1043 1141 1104 1203 pro
1121 1121 1309 1187 haereticis

221 1220 323 1286 habet
344 1241 415 1298 eos,
446 1219 502 1302 qui
524 1219 685 1298 dicerent,
716 1219 874 1301 ,Mariam
894 1226 970 1302 post
992 1220 1118 1284 editum
1140 1220 1309 1286 Christum

223 1342 315 1384 oum:
328 1319 470 1401 Josepho
502 1319 570 1400 viro
604 1340 661 1383 suo
696 1319 964 1386 consuetudinem
977 1319 1188 1398 ..habuisse,.“
1229 1340 1309 1402 quos

222 1417 567 1488 Antidioomarianitas
583 1417 731 1486 nominat
747 1418 909 1500 variisque
926 1417 1053 1482 refutat
1069 1419 1307 1500 argumentis.³)

222 1516 347 1594 Quibus
369 1516 571 1598 adjiciendus
594 1522 644 1580 cst
671 1538 694 1581 s.
723 1516 865 1581 Petrus
896 1516 1166 1600 chrysologus
1195 1517 1309 1582 haere·

221 1615 384 1680 siaroham
405 1615 452 1680 ita
473 1615 657 1704 alloquens:
690 1615 837 1698 ,callide
858 1616 980 1681 fratres
1001 1616 1140 1698 ingeris,
1154 1617 1308 1700 inquit,⁴)
1363 1632 1364 1637 ’

221 1721 369 1780 ostentas
396 1736 538 1794 sorores,
566 1723 605 1781 ut
632 1736 805 1780 numeroso
827 1723 926 1798 partu
955 1722 1087 1780 sanctae
1109 1716 1226 1780 matris
1250 1717 1309 1779 vir·

214 1813 351 1903 'ginitas
365 1812 485 1892 lateat,
510 1813 704 1896 obscuretur
725 1815 911 1898 integritas,
937 1822 971 1880 et
992 1816 1157 1885 sentiatur
1178 1814 1220 1878 de
1243 1814 1308 1888 filio

221 1920 345 1992 totum,
369 1913 456 1996 quod
477 1913 655 1978 humanum
678 1920 744 1992 est,
766 1914 849 1980 nihil
870 1914 1023 1979 divinum.
1067 1914 1204 1993 Judaei,
1228 1935 1308 1998 quos

222 2012 303 2078 dicis
324 2013 445 2079 fratres
473 2019 508 2077 ct
535 2035 662 2084 sorores
685 2013 819 2092 Christi,
849 2013 1161 2097 Cleophae.3sororis
1183 2013 1308 2078 Mariae

221 2111 282 2176 filii
303 2119 388 2191 sunt,
407 2133 475 2176 non
490 2111 628 2192 Mariam
652 2120 686 2178 et
706 2113 847 2178 fratrum
865 2122 899 2178 et
917 2135 1065 2178 sororum
1082 2112 1167 2177 filios
1186 2112 1309 2178 fratros

220 2219 389 2296 nuncupat
411 2219 445 2277 et
466 2211 575 2277 divina
592 2213 645 2276 lex
667 2219 701 2277 et
718 2213 860 2276 humana
882 2213 1041 2296 cognatio.
1076 2212 1162 2295 Ergo
1182 2211 1307 2277 Christi

220 2311 341 2377 fratres
362 2310 442 2375 iecit
469 2333 535 2376 non
556 2312 670 2376 matris
691 2312 890 2394 virginitas,
907 2333 990 2396 quae
1011 2311 1196 2394 permansit
1217 2312 1306 2394 virgo

221 2417 475 2494 postpartum,
514 2409 571 2474 sed
603 2417 801 2476 materterae
833 2412 903 2494 ejus
934 2409 1014 2475 tecit
1047 2410 1306 2493 propinquitatis

220 2509 368 2574 assertio.
411 2511 515 2575 Beata
536 2509 649 2588 Maria,
672 2509 700 2574 si
723 2509 805 2575 alios
827 2510 911 2574 filios
932 2509 1110 2588 habuisset,
1133 2531 1153 2573 a
1176 2509 1307 2574 Christo

221 2615 328 2674 mater
348 2609 471 2692 inipso
494 2610 599 2674 crucis
617 2615 773 2692 tempore,
792 2609 826 2673 in
848 2609 986 2674 articulo
1008 2608 1079 2691 ipso
1098 2608 1224 2687 mortis,
1244 2630 1307 2672 non

222 2708 382 2790 discipulo
403 2708 598 2788 traderetur,
621 2731 687 2773 non
708 2708 992 2774 commendaretur
1015 2709 1203 2782 extraneo.“

284 2807 515 2889 Virginitatem
544 2809 613 2891 ejus
642 2814 835 2890 perpetuam
867 2829 891 2872 s.
921 2807 1165 2872 Athanasius
1200 2829 1241 2870 ex
1271 2827 1307 2870 eo

221 2903 368 2984 deducit,
397 2906 484 2988 quod
505 2907 649 2990 Angelus
678 2928 751 2978 eam
778 2907 931 2989 ,gratia
957 2907 1133 2988 plenam“
1160 2908 1307 2971 nomina-

221 3004 305 3068 verit
326 3004 478 3088 quodque
500 3027 629 3088 semper
649 3007 759 3088 gavisa
777 3006 901 3070 sit-hac
919 3005 1133 3089 plenitudine.
1171 3007 1308 3087 ,Gratia

221 3102 333 3185 plena,
363 3103 515 3187 inquit,⁵)
544 3105 773 3188 cognominata
802 3110 866 3184 est,
897 3126 935 3169 eo
965 3105 1052 3187 quod
1073 3104 1307 3188 adimpletione

222 3202 364 3284 Spiritus
403 3204 512 3272 sancti,
547 3203 696 3268 omnibus
736 3204 850 3287 gratiis
889 3203 1073 3269 abundaret
1113 3209 1146 3268 et
1185 3204 1307 3269 virtute

221 3300 381 3366 Altissimi
408 3303 675 3369 obumbraretur:
694 3324 802 3386 ‚quam
829 3304 991 3382 virtutem,
1006 3324 1066 3385 per
1094 3303 1204 3367 omnia
1226 3309 1307 3367 tem·

220 3423 303 3485 pora
325 3410 500 3486 conceptus
528 3425 599 3470 eam
620 3403 772 3468 habuisse
801 3403 927 3468 confido
955 3409 1085 3485 etpost
1112 3409 1325 3485 conceptum

221 3501 321 3566 etiam
343 3502 525 3568 retinuisse.
568 3501 683 3585 Neque
705 3503 791 3566 enim
812 3502 846 3566 id
864 3501 1099 3584 temporarium
1120 3501 1307 3584 iuvirgine

221 3599 378 3664 accidisse
400 3601 528 3684 opinor,
558 3601 615 3665 sed
636 3622 695 3684 per
723 3601 832 3664 omnia
860 3607 1009 3683 tempora
1037 3600 1099 3664 hoc
1120 3599 1170 3664 illi
1192 3600 1308 3665 datum

213 3697 338 3778 ¹fuisse,
385 3699 656 3783 quemadmodum
698 3707 732 3778 et
770 3721 856 3764 nuno
897 3701 931 3764 in
969 3699 1157 3782 praesentia
1199 3706 1234 3765 et
1274 3700 1307 3762 in

219 3851 416 3862 ——-.-

288 3934 307 3992 ¹)
326 3929 357 3984 In
376 3929 441 3984 Luc.
461 3929 534 3986 hom.
550 3934 575 3985 7.
616 3930 637 3997 ²)
655 3929 715 3984 Lib.
734 3929 769 3984 de
792 3931 911 3985 institut.
929 3930 1007 3996 virg.
1025 3946 1068 3998 cp.
1086 3933 1103 3985 6
1152 3932 1173 3994 8)
1192 3930 1307 3988 naeres.

220 4013 374 4070 Lixum.
392 4033 418 4070 n.
436 4021 460 4070 o.
494 4017 515 4080 ⁴)
530 4015 677 4072 semme.
711 4017 734 4078 ὅ)
752 4014 783 4067 ln
801 4031 897 4084 evang.
916 4013 950 4068 de
968 4014 1144 4068 sanctissima
1160 4012 1291 4082 Deipcra
