2808 4556
757 368 817 424 644

302 526 393 604 Quae
426 547 527 609 quum
560 525 609 589 ita
641 523 723 603 sint,
761 523 965 588 sanctissime
997 522 1112 601 Pater,
1147 525 1325 592 sacerdotii

238 624 368 690 culmen
390 630 424 689 et
445 644 538 706 apen,
562 629 596 687 et
617 623 785 688 Ecclesiae
808 622 991 688 catholicae
1013 644 1058 701 os,
1088 623 1155 688 Nos
1178 624 1327 689 Vaticani

239 723 377 790 Concilii
404 745 424 788 a
452 723 496 787 Te
524 721 640 786 indicti
668 722 784 786 Patres
812 721 856 786 ad
876 721 963 786 Tuos
990 720 1107 804 pedes,
1138 720 1179 786 de
1211 723 1325 805 quibus

239 823 364 888 dictum
386 829 450 886 est:
474 820 615 902 „Quam
635 819 796 902 pulchri
816 818 939 902 pedes
962 819 1326 903 evangelizantium

238 942 386 1004 pacem,
428 919 795 1002 evangelizantium
826 919 965 998 bone,“
1004 919 1120 985 devote
1151 920 1324 1002 provoluti

239 1019 417 1102 Deipuram
435 1020 544 1084 anime
562 1016 774 1083 immaculata
791 1023 826 1083 et
843 1018 990 1101 virgineo
1007 1039 1143 1101 empore
1168 1019 1202 1083 in
1221 1018 1326 1085 coelos

237 1119 414 1196 viventem,
449 1139 600 1200 supremo
629 1117 698 1182 Tuo
731 1116 919 1199 magisterio
952 1118 988 1182 in
1019 1117 1081 1182 hac
1111 1117 1326 1183 Sacrosancta

238 1216 368 1300 Synodo
390 1215 528 1297 firmari,
559 1216 771 1299 proclamari,
802 1215 939 1295 definiri,
970 1217 1074 1282 enixis
1095 1217 1250 1300 precibus
1272 1238 1327 1300 po·

237 1315 412 1394 stulamus;
442 1315 582 1400 ideoque
604 1316 827 1401 chyrographo
855 1322 968 1382 nostro
988 1317 1049 1382 hes
1071 1317 1327 1400 supplicationes

237 1414 378 1480 fidenter
399 1414 619 1497 obsignemus.

267 1548 353 1613 Huic
373 1548 589 1631 postulationi
610 1549 875 1631 subscripserunt
898 1553 957 1613 113
982 1548 1120 1614 Ooncilii
1140 1548 1297 1630 Patres.¹)

303 1783 323 1849 ¹)
342 1781 384 1835 lte
400 1797 458 1835 rev,
477 1780 529 1850 Ep.
547 1781 596 1836 Dr.
614 1781 717 1834 Martie
735 1782 764 1834 in
782 1797 867 1850 opere
884 1797 934 1835 suo
951 1797 1035 1849 supro
1052 1781 1151 1835 citato:
1177 1781 1326 1846 „Omnium

237 1863 355 1918 Consilii
373 1863 502 1918 Vaticani
523 1863 755 1918 documentorum
778 1863 908 1918 collectio
932 1881 994 1932 pag.
1013 1867 1061 1919 106
1077 1864 1165 1932 sqq.,“
1190 1863 1240 1917 ubi
1264 1867 1326 1917 octo

237 1946 291 1999 clia
308 1945 399 2000 adhuc
416 1946 556 2012 postulatu
572 1945 645 2000 idem
665 1945 835 2000 desiderium
855 1947 1042 2014 exprimentia
1060 1945 1229 2013 allegantur.
