2726 4560
740 376 777 433 14

217 533 345 614 peceati
366 532 564 615 originalis.“
608 533 824 616 Respondeat¹
838 535 939 599 etiam
960 557 984 598 s.
1007 535 1316 606 Bernardinus

219 633 454 714 Senensis1)
485 631 611 696 dicens:
645 632 732 713 ,Ave
763 632 862 698 beata
892 632 991 716 Virgo
1022 635 1091 701 sine
1124 636 1195 702 Vae
1231 640 1253 703 i.
1277 662 1314 705 e.

217 731 287 796 sine
308 737 446 814 tyranno
467 730 595 814 peccati
614 731 788 813 originalis,
809 732 885 814 quia
906 732 975 797 siue
993 754 1031 799 eo
1053 743 1216 819 concepta
1239 741 1316 803 es.“

280 828 493 912 Prosequitur
508 829 651 912 Angelus
673 829 819 894 salutans
840 830 944 894 illam:
967 831 1128 913 „Gratia
1151 835 1317 918 plena.“

215 928 317 992 Juxta
344 927 374 991 d.
404 927 697 1010 Hieronymum
725 928 790 993 ista
818 928 988 1012 plenitudo
1018 952 1130 997 omnes
1153 935 1318 1002 continet

120 1059 121 1062 ¹
159 1089 161 1096 ,
217 1027 342 1092 divinas
364 1027 495 1109 gratias.
539 1026 706 1108 ,Caeteris
733 1037 793 1109 per
820 1034 945 1110 partes,
975 1028 1101 1094 Mariae
1130 1053 1209 1098 vero
1231 1041 1317 1100 tota

216 1147 251 1192 se
278 1124 400 1191 infudit
427 1125 552 1207 gratiae
574 1125 774 1208 plenitud0.“
816 1125 929 1210 Neque
957 1129 1021 1193 alio
1050 1131 1160 1197 tendit
1181 1154 1207 1196 s.
1230 1135 1316 1198 Au-

216 1225 412 1308 gustinus
432 1224 634 1307 inquiens:²)
658 1224 784 1307 ,Quum
806 1224 889 1289 dixit
907 1225 1064 1309 Angelus:
1088 1229 1193 1311 ,Ave
1216 1253 1315 1314 gra-

215 1325 276 1389 tia
303 1324 463 1408 plena‚“
492 1323 638 1388 ostendit
666 1345 706 1388 ex
728 1323 855 1414 integro
883 1325 967 1389 iram
988 1327 1154 1414 exclusam
1174 1331 1315 1412 primae

215 1423 398 1489 sententiae
427 1430 460 1488 et
486 1421 617 1506 plenam
643 1421 881 1487 benedictionis
910 1425 1051 1506 gratiam
1077 1427 1313 1493 restitutam.“

215 1523 301 1605 Ergo
324 1545 397 1588 cnm
419 1522 491 1596 aliis
513 1511 627 1604 gratiis
656 1521 756 1586 etiam
776 1521 941 1604 originalis
962 1523 1170 1590 innocentiae
1192 1529 1316 1610 gratia

215 1623 247 1687 h.
278 1621 377 1705 Virgo
407 1621 560 1686 decorata
588 1620 660 1686 fuit.
709 1620 824 1685 Gratia
851 1620 949 1704 plena
982 1623 1184 1704 nominatur,
1216 1648 1314 1710 quae

214 1716 319 1786 totam
346 1721 533 1785 exhauserit
555 1720 695 1803 Spiritus
717 1721 822 1784 sancti
850 1720 997 1806 gratiam.
1041 1721 1161 1805 „Virgo
1183 1733 1316 1792 sancta

214 1825 321 1885 totam
348 1820 410 1884 sibi
440 1819 597 1884 hauserat
626 1819 766 1901 Spiritus
799 1818 904 1883 sancti
936 1819 1090 1901 gratiam,
1124 1823 1250 1888 asserit
1284 1847 1311 1890 s.

214 1919 433 2002 Thomas³l
490 1917 679 1982 Plenissime
722 1918 884 1981 consentit
927 1939 950 1982 s.
994 1918 1313 1989 Bernardinus.

216 2018 381 2101 ,Excepto
412 2017 558 2094 Christe,
592 2016 686 2098 ait‚4)
717 2021 812 2080 tanta
843 2017 949 2098 gratia
975 2016 1102 2100 Virgini
1130 2018 1212 2085 data
1243 2029 1314 2102 est,

215 2121 340 2199 quanta
362 2122 532 2180 creaturae
553 2137 655 2198 purae
677 2114 749 2179 dari
768 2113 922 2198 possibile
946 2117 1048 2180 est.“‘

275 2213 362 2278 Num
379 2213 465 2278 forte
483 2221 562 2278 tunc
579 2213 780 2278 solummodo
797 2213 903 2295 gratia
918 2213 1024 2296 plena,
1040 2236 1141 2297 quum
1151 2216 1315 2285 Verbum

214 2319 384 2376 aeternum
400 2312 435 2375 in
453 2313 523 2396 ejus
542 2318 635 2376 utero
658 2332 788 2376 carnem
810 2311 969 2392 sumpsit?
989 2313 1058 2377 Iam
1076 2314 1110 2377 in
1132 2315 1205 2398 ipso
1226 2339 1315 2383 con·

214 2410 373 2494 ceptionis
385 2411 535 2474 ‘instanti
551 2409 755 2493 plenitudine
777 2408 940 2492 gaudebat
958 2411 1093 2492 gratiae.
1136 2412 1315 2494 ,Domina

213 2516 326 2575 nostra
346 2507 411 2574 fuit
431 2507 529 2590 plena
557 2508 664 2591 gratia
684 2507 937 2591 praeservativa,
968 2509 1086 2573 asserit
1113 2509 1143 2573 d.
1171 2509 1315 2580 Bona-

213 2607 441 2690 ventura,⁵)
473 2613 589 2671 contra
617 2606 810 2671 foeditatem
838 2606 1005 2688 originalis
1033 2607 1166 2690 culpae,
1199 2631 1316 2693 quam

114 2783 118 2793 ¹
189 2758 191 2763 .
214 2707 430 2773 contraxisset
452 2727 492 2770 ex
507 2705 716 2788 corruptione
735 2710 882 2782 naturae,
901 2704 964 2767 nisi
981 2725 1021 2768 ex
1038 2706 1175 2787 speciali
1190 2712 1316 2790 gratia

212 2813 390 2892 praeventa
416 2812 689 2889 praeservataque
715 2804 862 2869 fuisset.“
903 2803 1110 2868 Praeservari
1139 2806 1181 2870 ab
1203 2813 1316 2893 omni

212 2905 325 2989 culpa,
356 2911 406 2970 est
427 2905 542 2986 gratia.
587 2904 621 2970 Si
642 2904 672 2967 b.
697 2902 795 2985 Virgo
819 2923 885 2966 non
913 2901 1083 2966 habuisset
1104 2903 1204 2968 istam
1228 2929 1317 2989 gra-

212 3006 302 3084 tiam,
322 3025 389 3068 non
409 3003 527 3068 fuisset
543 3003 642 3086 plena
658 3001 792 3085 gratiae,
811 2999 889 3083 quia
910 3019 982 3063 eam
1000 2999 1175 3066 defecisset
1191 3008 1316 3085 gratia

212 3105 277 3170 ista
297 3119 509 3186 praeservans
530 3123 590 3166 uec
610 3099 781 3172 habuisset
807 3098 951 3162 omnium
972 3099 1132 3163 virtutum
1153 3100 1315 3183 plenitu.

212 3203 329 3268 dinem.
373 3202 534 3284 ,Talibus
558 3200 666 3282 inquit
686 3188 760 3262 ideo
785 3217 808 3260 s.
827 3196 1100 3279 Hieronymus,
1109 3197 1134 3280 6)
1158 3198 1316 3271 decebat

211 3302 379 3385 Virginem
407 3300 617 3385 oppignorari
645 3295 837 3374 virtutibuS‚
871 3301 910 3360 ut
938 3302 1023 3360 esset
1051 3295 1150 3378 plena
1179 3303 1312 3385 gratia,

212 3422 296 3485 quae
318 3400 409 3466 dedit
435 3401 533 3465 terris
556 3399 677 3476 Deum,
707 3395 806 3460 coelis
827 3393 977 3477 gloriam,
1006 3414 1121 3477 paoem
1144 3402 1179 3461 et
1200 3397 1315 3467 fidem

211 3499 373 3584 gentibus,
395 3498 494 3564 finem
515 3498 633 3564 vitiis.“
1296 3525 1298 3528 -

274 3597 494 3680 ,Dominus
521 3594 685 3661 tecum.“
720 3590 860 3654 Nullum
889 3597 1017 3673 tempus
1047 3592 1311 3680 determinatur,

278 3845 298 3912 ¹)
315 3845 401 3899 Serm.
420 3847 459 3898 52.
500 3843 521 3907 ²)
539 3839 681 3900 larvam.
699 3835 811 3891 Domini
829 3851 910 3890 serm.
928 3838 968 3889 ll.
1009 3837 1029 3899 θ)
1047 3835 1080 3889 ln
1098 3837 1214 3894 Crtad
1233 3841 1311 3902 Luc.

210 3944 253 3996 ep.
273 3927 294 3982 1.
333 3929 354 3993 ⁴)
372 3928 451 3982 Tom.
469 3923 491 3992 l,
508 3939 590 3979 serm.
607 3925 638 3976 61
657 3913 716 3975 u2.
756 3920 778 3984 ⁶)
797 3915 884 3972 Serm-
901 3919 917 3970 2
934 3915 970 3971 de
986 3917 1018 3972 B.
1035 3917 1074 3972 M.
1091 3917 1124 3974 V.
1165 3922 1190 3987 ⁸)
1211 3922 1311 3984 Serm.

211 4010 246 4065 de
263 4012 404 4079 Assumpt.
