2814 4548
578 367 636 428 623

54 531 125 614 ejus
143 528 374 595 beatissimam
389 528 531 594 Matrem
546 527 714 611 Virginem
730 527 870 592 Mariam
888 528 995 611 pietas
1017 527 1153 610 speciali

54 629 118 693 Dei
148 628 262 711 gratia
294 632 328 692 et
348 627 531 711 privilegio,
561 625 687 692 intuitu
715 625 908 692 meritorum
928 626 1008 692 Jesu
1030 623 1153 692 Christi

54 729 126 811 ejus
148 727 231 791 Filii
251 725 386 791 humani
414 725 543 808 generis
565 725 806 808 Redemptoris,
836 725 1005 790 emacula
1025 725 1154 808 peccati

55 825 232 910 originalis
263 831 508 908 praeservatam
539 824 733 904 immunem,
766 830 867 906 atque
898 823 933 887 in
961 822 1023 887 hoc
1056 844 1153 888 sensu

56 927 127 1009 ejus
149 923 386 1008 Conceptionis
414 922 630 989 festivitatem
658 923 796 988 solemni
824 923 891 988 ritu
921 921 1097 986 colentium
1120 927 1156 987 31

56 1024 335 1090 celebrantium.“
350 1025 374 1106 ¹)

120 1125 237 1208 Atque
272 1122 355 1187 illud
393 1120 542 1203 inprimis
581 1119 725 1184 solemne
765 1139 895 1203 quoque
937 1117 1002 1183 fuit
1038 1117 1154 1183 iisdem

58 1221 301 1288 Decessoribus
318 1219 449 1286 Nostris
468 1218 652 1283 doctrinam
670 1218 711 1282 de
727 1218 942 1284 Immaculata
959 1218 1021 1282 Dei
1038 1217 1157 1283 Matris

58 1320 287 1404 Conceptione
324 1327 447 1385 sartam
484 1325 672 1402 tectamque
711 1319 799 1384 omni
836 1341 931 1398 cura,
972 1318 1082 1384 studio
1122 1325 1156 1384 et

59 1421 276 1485 contentione
307 1419 403 1485 tueri.
453 1417 584 1483 Etenim
613 1438 678 1482 non
710 1417 815 1482 solum
847 1417 1038 1482 nullatenus
1065 1417 1155 1499 passi

60 1524 152 1598 sunt,
184 1517 292 1601 ipsam
313 1518 497 1582 doctrinam
525 1516 736 1600 quovismodo
758 1537 778 1580 a
799 1516 954 1598 quopiam
976 1515 1085 1580 notari
1106 1522 1156 1580 at-

61 1637 124 1698 que
154 1616 305 1694 traduci,
335 1637 447 1681 verum
476 1617 577 1681 etiam
604 1616 701 1700 longe
729 1616 869 1681 ulterius
897 1613 1062 1697 progressi
1082 1635 1156 1696 per·

62 1715 187 1796 spicuis
210 1714 488 1781 declarationibus
509 1716 703 1800 iteratisque
725 1714 850 1780 vicibus
875 1713 1058 1791 edixerunt,
1081 1712 1156 1777 doc·

60 1813 203 1893 trinam,
233 1834 300 1897 qua
327 1813 577 1879 immaculatam
602 1813 745 1897 Virginis
774 1812 1028 1895 conceptionem
1058 1809 1157 1894 profi·

62 1918 182 1992 tamur,
209 1934 280 1977 esse
301 1934 426 1996 suoque
448 1913 566 1978 merito
586 1912 703 1978 haberi
724 1933 797 1976 cum
821 1909 1041 1977 ecclesiastico
1063 1909 1155 1975 cultu

61 2011 161 2093 plane
193 2033 386 2090 consonam,
417 2032 554 2096 eamque
583 2017 726 2077 veterem
755 2032 794 2075 ac
815 2030 918 2092 prope
939 2006 1156 2073 universalem

64 2117 97 2174 ct
119 2111 296 2195 ejusmodi,
325 2131 422 2194 quam
444 2110 593 2175 Romana
613 2110 761 2174 Ecclesia
783 2108 845 2174 sibi
867 2108 1040 2174 fovendam
1061 2114 1156 2173 tuen-

65 2208 208 2294 damque
229 2209 424 2292 susceperit,
455 2215 555 2292 atque
578 2209 708 2273 omnino
731 2208 878 2291 dignam,
901 2206 1041 2290 quaein
1063 2226 1157 2272 sacra

65 2306 137 2388 ipsa
152 2309 305 2392 Liturgia
323 2307 587 2391 solemnibusque
604 2306 758 2390 precibus
777 2312 1002 2389 usurparetur.
1040 2304 1156 2387 Neque

65 2405 115 2471 his
144 2408 310 2486 contenti,
340 2414 378 2472 ut
403 2407 476 2490 ipsa
505 2407 545 2471 de
572 2405 787 2471 Immaculata
815 2404 958 2487 Virginis
988 2403 1156 2486 Conceptu

66 2501 219 2571 doctrina
247 2506 404 2572 1111131313
431 2507 639 2589 persisteret,
670 2505 856 2588 opinionem
884 2503 960 2568 huic
989 2502 1158 2566 doctrinae

66 2602 238 2670 adversam
266 2605 333 2669 3113
354 2604 485 2688 publice
515 2605 581 2669 sive
608 2603 763 2687 privatim
792 2601 926 2667 defendi
946 2622 1041 2684 posse
1069 2622 1158 2667 seve·

66 2701 195 2769 rissime
217 2704 415 2787 prohibuere
441 2724 579 2787 eamque
600 2702 777 2786 multiplici
797 2702 900 2767 veluti
927 2701 1061 2766 vulnere
1083 2721 1158 2766 con-

67 2799 189 2868 sectam
218 2825 288 2869 esse
315 2803 498 2869 voluerunt.
542 2802 666 2881 Quibus
695 2802 847 2885 repetitis
875 2798 1158 2865 luculentissimis-

69 2920 139 2982 que
153 2902 442 2981 declarationibus,
472 2923 514 2966 ne
534 2901 649 2966 inanes
670 2901 870 2980 viderentur,
893 2899 1044 2983 adjecere
1066 2920 1159 2963 sanc·

69 2997 208 3065 tionem:
231 3022 315 3084 quae
336 3001 445 3066 omnia
462 3000 616 3065 laudatus
631 2999 867 3064 Praedecessor
888 3005 1002 3064 noster
1017 2998 1159 3063 Alexan·

71 3094 129 3160 der
149 3099 220 3164 VII.
244 3099 296 3164 his
316 3099 424 3165 verbis
448 3105 499 3164 est
521 3098 725 3181 complexus:

131 3199 220 3280 ,Nos
241 3199 499 3277 considerantes,
528 3197 616 3282 quod
638 3198 759 3263 Sancta
780 3198 927 3260 Romana
948 3194 1096 3259 Ecclesia
1117 3194 1158 3260 de

71 3292 290 3362 lntemeratae
319 3319 448 3382 semper
467 3299 611 3382 Virginis
640 3297 764 3362 Mariae
787 3295 1008 3378 Conceptione
1036 3294 1159 3359 festum

71 3392 261 3460 solemniter
288 3398 450 3477 celebrat,
481 3404 515 3463 31
536 3397 678 3480 speciale
706 3417 744 3462 ac
772 3395 943 3479 proprium
972 3413 1071 3476 super
1096 3393 1159 3457 hoc

73 3490 213 3560 officium
232 3495 309 3560 olim
328 3496 491 3562 ordinavit
505 3497 602 3580 juxta
620 3496 717 3578 piam,
736 3495 887 3559 devotam
906 3501 940 3560 31
958 3491 1159 3558 laudabilem

72 3587 324 3674 institutionem,
344 3616 428 3679 quae
449 3617 470 3659 a
487 3595 578 3661 Sixto
595 3594 649 3659 IV.
667 3593 920 3659 Praedecessore
937 3594 1058 3659 Nostro
1079 3598 1159 3657 tunc

74 3693 252 3773 emanavit3
273 3693 486 3777 volentesque
507 3693 667 3760 laudabili
688 3693 765 3758 huic
786 3694 906 3777 pietati
928 3700 962 3760 et
984 3691 1159 3771 devotioni,

77 3839 275 3856 *ᾖ

140 3923 160 3990 ¹)
176 3923 337 3979 Alexander
358 3924 420 3981 Vll.
442 3925 559 3982 constit.
591 3925 776 3994 „Sollicitudo
802 3926 925 3982 omnium
952 3925 1162 3982 ecclesiarum⁴‘.

73 4000 150 4061 Vlll.
167 4007 331 4065 Decembris
349 4011 422 4065 1661.
