2726 4560
552 371 589 430 21

58 530 173 612 plena“
190 530 420 613 respondetur:
444 531 569 613 ,Maria
585 530 685 615 Virgo
703 531 826 596 nullius
841 537 970 616 peccati
985 538 1115 603 macula

59 651 104 694 uec
128 631 286 712 originalis
311 651 372 694 nec
401 629 540 694 actualis
568 651 629 694 nec
655 631 804 696 mortalis
827 654 886 699 nec
907 637 1044 701 venialis
1065 638 1114 701 in·

56 729 126 792 fecta
152 729 244 793 fuit.“
294 729 469 793 Praeterea
496 728 644 794 Clemens
673 730 776 808 VIH.,
809 731 844 795 in
872 755 955 798 nova
987 737 1114 800 romani

56 827 184 892 breviati
201 827 433 892 reformatione
451 827 573 892 festum
595 834 629 892 et
650 827 789 893 officium
805 830 1034 916 Conceptionis
1052 835 1113 900 sub

54 927 107 990 ritu
126 927 257 1010 duplicis
279 927 410 1010 majoris
433 927 591 992 celebrari
612 930 788 1012 praecepit.

103 1032 126 1090 6.
156 1027 310 1092 Paulus
336 1025 374 1090 V.
405 1027 438 1091 in
465 1028 699 1092 constitutione
730 1029 847 1111 ,Regis
875 1029 1025 1095 Pacifioi“
1055 1033 1114 1096 im-

54 1127 127 1206 ponit
145 1127 327 1192 contrariae
350 1127 532 1190 sententiae
553 1148 613 1209 pro
634 1127 773 1210 publicis
796 1128 1021 1208 concionibus,
1050 1131 1114 1194 lec·

54 1225 174 1289 tionibus
200 1225 341 1307 aliisque
359 1224 507 1307 ¹publicis
537 1226 664 1290 actibus
693 1227 909 1291 arctissimum
938 1229 1113 1309 silentium,

54 1345 142 1387 uocem
169 1323 359 1407 relinquens
388 1324 449 1388 soli
469 1324 543 1407 piae
571 1325 768 1389 sententiae.'
807 1327 845 1390 In
866 1326 957 1391 brevi
978 1329 1020 1392 ad
1040 1328 1115 1391 Phi-

53 1422 156 1505 lippum
176 1424 244 1502 111,
267 1422 499 1504 Hispaniarum
520 1444 630 1505 regem
652 1423 729 1488 dato
752 1423 838 1487 idem
859 1426 1010 1491 Pontifex
1032 1427 1115 1491 (lone

53 1524 213 1604 ceptionem
233 1523 265 1586 b.
283 1521 426 1605 Virginis
448 1523 594 1588 nominat
613 1523 894 1604 ,immaculatam“
913 1527 1114 1609 indulsitque

52 1621 186 1686 fratribus
216 1621 397 1685 minoribus
428 1643 487 1704 pro
516 1622 652 1704 singulis
680 1623 826 1686 sabbatis
854 1646 919 1688 non
948 1625 1114 1708 impeditis

53 1720 118 1785 festo
135 1742 251 1786 novem
269 1721 446 1784 lectionum
463 1722 603 1786 recitare
622 1721 760 1786 officium
777 1722 859 1786 illud
876 1723 1112 1807 conceptionis

54 1821 150 1904 inquo
172 1820 425 1903 ,immaculata“
446 1819 623 1902 Conceptio
645 1821 863 1903 praedicatur.
924 1834 950 1851 ·’

99 1927 122 1984 7.
150 1920 372 2003 Gregorius
389 1918 472 1998 XV,
485 1919 577 1984 Pauli
590 1921 627 1984 V.
645 1927 819 1999 successor,
837 1941 865 1984 a.
888 1925 965 1985 1622
982 1920 1115 2004 perde·

53 2027 155 2083 eretum
173 2042 196 2084 s.
217 2017 486 2101 Congregationis
504 2018 727 2101 Inquisitionis
750 2019 901 2101 grauibus
923 2018 982 2083 sub
1000 2020 1115 2102 poenis

53 2120 213 2198 prohibuit,
242 2139 285 2182 ne
308 2119 380 2201 quis
404 2118 469 2182 sive
499 2119 531 2180 in
553 2119 636 2182 actis
657 2118 797 2201 publicis
825 2119 891 2182 sive
913 2119 947 2182 in
968 2119 1113 2201 privatis,

54 2219 161 2300 scriptis
185 2224 246 2282 aut
277 2217 446 2300 colloquiis
473 2223 647 2296 assereret,
677 2218 707 2281 b.
729 2217 895 2299 Virginem
923 2219 957 2281 in
978 2224 1114 2300 peccato

53 2314 132 2382 luisse
170 2323 364 2399 conceptam
402 2316 622 2399 expunxitque
655 2339 672 2381 e
704 2339 797 2381 sacra
834 2316 968 2399 liturgia
997 2333 1116 2380 uocem

55 2416 354 2495 „sanctificationisf‘
383 2438 447 2499 qua
468 2423 567 2481 antea
587 2418 736 2481 nonnulli
762 2438 823 2500 pro
845 2417 1114 2500 ,Conceptioni's“

53 2535 112 2578 uoce
132 2517 195 2580 sive
218 2516 253 2580 in
275 2515 374 2579 Missa
395 2516 461 2579 sive
483 2517 517 2578 in
538 2515 705 2580 Breviario
727 2515 914 2582 utebantur.
927 2517 950 2598 ¹)
996 2529 999 2534 '

100 2619 124 2676 8.
150 2613 385 2678 Alexander
405 2614 487 2679 VII.
510 2616 544 2678 in
566 2637 625 2680 sua
647 2616 879 2680 constitutione
902 2614 1114 2697 ,Sollicitudo

52 2714 173 2777 omnium
194 2713 437 2778 Ecclesiarum“
459 2715 522 2792 ait,
553 2736 608 2796 ,se
629 2715 711 2779 uelle
734 2715 1022 2797 praedecessorum
1043 2733 1116 2777 suo·

53 2831 109 2873 mm
127 2812 273 2895 exemplo
290 2811 399 2877 favere
420 2834 480 2877 nec
498 2835 563 2878 non
580 2815 666 2878 tueri
683 2815 842 2896 pietatem
860 2820 894 2878 et
910 2812 1115 2876 devotionem

53 2905 118 2973 hauc
142 2911 272 2976 colendi
300 2917 334 2975 et
362 2910 547 2975 celebrandi
569 2912 792 2976 beatissimam
812 2913 993 2994 Virginem,
1022 2903 1115 2993 praess

53 3008 179 3074 ueniente
202 3009 329 3074 scilicet
343 3011 491 3093 ‘Spiritus
513 3013 618 3076 sancti
638 3013 746 3094 gratia
767 3019 942 3095 a·peccato
965 3010 1115 3094 originali

53 3108 312 3187 p1·aeservatam;“
352 3109 598 3176 commendatur
630 3117 801 3194 praeterea
832 3113 937 3194 pietas
974 3111 1116 3176 sentien-

53 3203 130 3284 tium,
159 3208 229 3291 ejus
258 3207 303 3290 (b.
326 3207 481 3291 Virginis)
510 3210 652 3273 animam
673 3210 708 3272 in
728 3210 833 3293 primo
862 3211 999 3275 instanti
1027 3231 1116 3274 crea·

53 3302 133 3370 tionis
163 3312 264 3389 atque
301 3305 473 3372 infusionis
510 3308 544 3372 in
577 3329 695 3390 corpus
726 3309 846 3386 fuisse,
887 3308 1021 3392 speciali
1054 3308 1116 3372 Dei

54 3406 140 3476 gratia
167 3412 200 3470 et
228 3405 397 3488 privilegio
426 3406 549 3471 intuitu
577 3408 767 3472 meritorum
787 3408 866 3472 Jesu
895 3408 1017 3472 Christi
1046 3408 1116 3490 ejus

53 3498 111 3580 filii,
137 3505 272 3569 humani
293 3507 420 3588 generis
442 3505 685 3588 RedemptoriS,
715 3528 734 3570 a
755 3507 883 3571 macula
903 3506 1030 3588 peccati
1052 3507 1116 3570 ori-

54 3599 150 3678 ginalis
166 3611 408 3687 praeservatam
426 3605 631 3669 immunem.“
665 3606 820 3670 Declarat
837 3627 933 3688 porro
950 3606 983 3668 in
1002 3605 1115 3670 eadem

55 3703 281 3780 constitutione,
314 3703 580 3785 praedecessores
612 3725 687 3768 suos
718 3706 792 3788 piae
825 3704 1008 3769 sententiae
1040 3727 1116 3769 con-

56 3805 162 3865 stanter
181 3801 299 3867 favisse
327 3801 466 3885 ideoque
487 3802 609 3866 festum
635 3803 862 3869 immaculatae
885 3804 1115 3886 Conceptionis

58 3939 232 3956 x·—

15 4011 16 4020 ’
107 4019 123 4082 1)
140 4018 192 4072 cn.
210 4019 332 4072 Perrone
349 4019 367 4072 l.
386 4034 409 4072 c.
426 4033 489 4086 pag.
507 4020 548 4072 46.
