2718 4556
551 371 611 432 305

107 531 220 597 Existit
251 529 384 615 quidem
416 529 602 596 differentia
633 530 721 596 inter
749 532 906 596 terminos
937 533 1122 616 ,despon-

56 639 130 698 sata
150 638 187 696 ct
207 631 364 712 nupta,“
387 628 445 694 sed
462 636 593 694 tantum
613 630 648 696 in
670 651 717 708 eo,
738 631 826 713 quod
844 631 975 695 termini
997 639 1122 716 ,nupta

56 729 333 816 111γαμειθεῐσα“
353 729 553 794 matrimonii
571 730 639 813 jam
661 731 876 796 consummati
899 731 1007 796 ideam
1027 753 1121 814 prae·

55 833 155 912 beant,
184 829 317 896 termini
345 829 363 894 d
392 835 507 894 contra
535 829 753 912 „desponsata
778 830 831 894 u'el
850 831 1120 915 μνηστευθεῖσα“

55 933 90 997 ad
107 953 262 998 summum
292 929 514 1012 conjugatam,
544 928 688 993 nondum
716 929 750 992 in
779 927 968 1013 desponsati
989 932 1121 996 domum

55 1033 210 1098 deductam
232 1031 412 1113 designent.
456 1029 583 1110 ,Quum
604 1029 708 1093 virum
730 1029 886 1108 audieriS,
915 1037 1026 1095 monet
1045 1030 1120 1094 ideo

10 1146 14 1156 ’
54 1133 183 1214 apprime
220 1153 244 1194 s.
277 1128 591 1210 Hieronymus,¹)
629 1126 769 1210 suspicio
805 1127 868 1191 tibi
903 1149 968 1192 non
1003 1129 1121 1193 subeat

54 1229 304 1315 nuptiarum,“
342 1247 401 1309 per
433 1225 567 1309 nuptias
598 1247 664 1291 non
698 1227 884 1311 intelligens
916 1233 1120 1292 contractum

53 1337 185 1395 mutuum
205 1330 226 1393 i.
247 1349 273 1393 e.
296 1325 472 1391 essentiam
493 1326 702 1405 matrimonii,
726 1326 784 1391 sed
804 1326 989 1392 maritalem
1008 1327 1119 1409 potius
1177 1404 1181 1412 Ι

54 1429 245 1494 concubitum
282 1426 325 1491 ad
357 1425 533 1490 essentiam
569 1425 770 1490 matrimonii
805 1425 992 1490 nullatenus
1019 1447 1120 1509 *spec-

54 1535 170 1593 tantem
205 1527 313 1604 Quare
335 1525 435 1590 etiam
457 1525 491 1588 in
508 1525 539 1589 b.
557 1524 699 1608 Virginis
717 1525 849 1591 laudem
870 1513 972 1590 canit:
995 1527 1119 1608 ,Beata

53 1635 143 1693 mater
163 1634 196 1693 et
216 1628 356 1708 innupta
376 1623 465 1707 virgo
494 1624 671 1706 gloriosa,“
701 1625 841 1690 termino
863 1625 1042 1708 ,innupta“
1064 1625 1119 1690 de-

52 1736 153 1793 notans
173 1727 397 1806 incorruptam
419 1730 453 1789 et
473 1723 772 1789 incontaminatam.

103 1827 190 1904 Quod
222 1824 362 1889 diximus
400 1822 440 1886 de
472 1843 550 1886 voce
583 1823 744 1904 „nupta,“
779 1823 878 1888 etiam
911 1823 951 1888 de
974 1823 1119 1887 ¹vocibus

54 1925 224 2004 ,maritus
249 1928 288 1986 et
310 1922 427 1986 111101(ί
449 1920 696 2003 intelligendum
718 1923 789 1990 erit.
834 1923 963 2006 Optime
985 1922 1119 1987 adrem

55 2022 268 2087 animadvertit
290 2020 544 2101 Salmeron:²)
566 2020 659 2106 ,Etsi
679 2020 715 2084 B.
735 2021 833 2105 Virgo
856 2009 891 2086 et
910 2021 1032 2104 Joseph
1053 2021 1119 2086 diei

53 2123 161 2202 possint
181 2142 264 2186 uxor
286 2125 320 2184 et
342 2119 494 2184 maritus:
528 2119 741 2184 verecundius
763 2127 874 2185 tamen
896 2126 929 2186 et
950 2121 1118 2186 honestius

54 2241 154 2302 sponsa
172 2228 216 2286 et
237 2237 374 2302 sponsus
402 2223 576 2296 uocantur,
608 2224 641 2282 et
669 2218 718 2282 vir
746 2226 780 2285 et
801 2221 919 2284 mulier
948 2227 981 2285 et
1001 2220 1118 2303 conjux

54 2327 190 2403 uterque,
229 2326 267 2384 ut
299 2317 478 2400 scriptura¹
497 2317 658 2399 loquitur,
698 2319 776 2401 quia
806 2318 898 2383 nulla
933 2320 1118 2384 intercessit

54 2419 151 2501 copula
172 2417 367 2502 conjugalis:
388 2432 465 2480 nam
483 2415 538 2480 ille
557 2437 732 2482 consensus
752 2419 786 2482 in
804 2419 950 2483 futuram
968 2420 1118 2502 copulam
1167 2422 1169 2427 ’

54 2537 112 2582 rere
133 2517 303 2583 constituit
324 2511 569 2580 matrimonium
597 2537 635 2580 ac
657 2517 809 2600 conjuges
832 2517 943 2597 efficit,
972 2519 1117 2583 nondum

55 2615 120 2680 tales
140 2624 263 2695 tamen,
286 2615 343 2697 qui
367 2613 518 2678 dicantur
539 2635 621 2678 uxor
643 2620 676 2680 et
698 2616 849 2695 maritus,
880 2617 1033 2700 quoniam
1054 2616 1116 2681 hae

54 2733 129 2780 uoces
158 2715 260 2798 magis
293 2713 457 2797 quadrant
487 2714 543 2793 iis,
577 2715 634 2797 qui
664 2717 908 2782 matrimonium
938 2738 999 2800 per
1030 2738 1115 2782 com·

53 2813 222 2880 mixtionem
243 2835 417 2897 corporum
435 2813 504 2896 jam
525 2821 839 2894 consummaverunt,
860 2816 978 2899 quibus
1000 2837 1116 2899 graeca

54 2913 191 2978 vocabula
213 2919 291 2996 apte
320 2910 527 2994 respondent.
570 2911 660 2976 Nam·
675 2913 812 2978 maritus
841 2914 961 2981 dicitur
983 2917 1117 3000 ἀκοίτης

54 3013 189 3092 acubili,
219 3020 254 3078 et
275 3033 371 3091 uxor,
404 3009 525 3094 ἄλοχος
551 3012 764 3095 apariendo:
798 3035 890 3079 secus
918 3037 993 3080 vero
1023 3037 1116 3081 voces

54 3112 137 3193 magis
154 3112 320 3196 generales
344 3111 425 3196 ἀνήρ
447 3111 505 3178 καὶ
521 3113 613 3196 γυνή,
635 3112 752 3194 quibus
768 3112 882 3178 ¹utitur
897 3114 1114 3198 Evangelista.

54 3206 114 3274 Luc.
141 3213 179 3276 H.
210 3213 346 3277 dicitur:
370 3209 493 3295 ,Cum
521 3233 643 3277 uxore
675 3212 754 3276 sibi
786 3212 1048 3294 desponsata“
1076 3220 1118 3304 τῇ

53 3313 320 3400 μεμνηστευομένῃ
353 3314 443 3402 αὐτῷ
474 3314 624 3396 γυναικί,
658 3312 716 3376 ubi
743 3333 809 3376 non
841 3311 991 3394 absolute
1023 3336 1114 3394 uxor,

54 3427 145 3474 rerum
171 3412 368 3494 desponsata
396 3413 561 3478 1011111111κ
603 3411 709 3486 Maria
740 3432 818 3494 ergo¹
837 3409 890 3474 hio
912 3410 1034 3475 dicitur
1055 3411 1116 3476 de·

55 3517 223 3586 sponsata
252 3517 286 3574 et
314 3533 427 3590 uxor,
457 3519 495 3576 ut
516 3533 651 3576 uxorem
680 3510 849 3574 credentes
876 3509 1023 3574 illibatae
1052 3511 1115 3574 uir·

53 3603 180 3682 pinitatis
197 3595 311 3674 florem
328 3610 495 3674 videamus
515 3618 548 3674 et
566 3611 772 3675 admiremur.
805 3607 854 3674 Ne
873 3608 969 3692 hujus
988 3608 1115 3674 illiusve

54 3706 182 3771 vocabuli
212 3708 425 3774 illuderemur
461 3708 712 3792 significatione,
751 3707 892 3772 alterum
923 3708 1117 3772 vocabulum

55 3851 227 3868 5⁸——

109 3935 125 4000 ¹)
141 3935 171 3990 In
188 3936 287 3992 Matth.
302 3953 346 4006 cp.
364 3937 384 3992 l.
418 3937 439 4004 2)
458 3939 609 3994 Comment.
627 3939 656 3992 in
673 3937 817 3993 historiam
831 3937 1031 4007 Evangelicam
1049 3927 1121 3995 tomi.

54 4009 83 4078 ll,
97 4018 169 4073 tract.
188 4021 271 4087 XXX,
288 4037 351 4089 pag.
368 4021 424 4075 224.
989 4041 993 4050 ·

918 4099 973 4174 20¹
