2728 4554
756 327 817 388 ιιι
937 280 939 286 ’

737 488 770 572 g,
792 485 829 554 4.

273 633 451 706 Ubinam
478 634 508 699 b.
537 634 661 716 Virgo
689 640 854 699 mortua
880 633 1017 700 fuerit
1046 641 1088 700 et
1115 633 1280 718 sepulta.

308 783 380 846 Duo
403 781 545 846 celebria
568 788 645 846 sunt
665 781 746 860 loca,
769 781 810 845 de
832 781 949 864 quibus
971 781 1119 865 disputat
1120 804 1168 860 ur,
1195 803 1234 845 an
1251 781 1303 844 siut

245 881 311 959 illa,
340 881 398 945 ubi
426 904 458 946 s.
474 881 618 964 Deipara
646 887 776 962 mortua
802 880 903 945 fuerit
931 888 965 945 et
986 881 1123 964 sepulta,
1146 881 1303 964 Ephesus

246 1001 363 1063 nempe
387 987 421 1045 et
441 980 725 1063 Hierosolyma.

309 1085 335 1142 1.
368 1079 522 1162 Epheso
550 1078 706 1143 honorem
733 1078 821 1144 huno
848 1078 1036 1144 attribuunt
1063 1079 1236 1162 praecipue
1253 1077 1303 1141 Til-

244 1178 420 1243 lemontius
431 1179 454 1260 ¹)
478 1185 511 1243 et
533 1179 630 1260 Serry
638 1178 664 1260 2)
685 1177 861 1260 probantes

307 1299 335 1341 a.
370 1299 410 1341 011
431 1298 478 1355 00,
502 1277 590 1360 quod
610 1276 724 1341 Patres
745 1275 937 1358 Ephesini
965 1276 1139 1342 Consilii
1166 1276 1239 1340 anni
1255 1280 1301 1340 431

244 1375 350 1439 habiti
377 1375 411 1440 in
432 1376 572 1458 epistola
593 1375 636 1440 ad
657 1376 780 1442 clerum
807 1375 1028 1459 populumque
1051 1376 1304 1458 Constantinopo-

244 1474 383 1540 litanum
406 1475 562 1554 scribunt,
592 1475 779 1540 Nestorium
808 1476 998 1540 damnatum
1019 1496 1089 1540 esse
1110 1475 1236 1559 Ephesi,
1263 1475 1304 1556 „in
1355 1495 1356 1504 ¹

245 1596 310 1657 qua
330 1575 472 1638 Joannes
500 1574 681 1656 Theologus
709 1580 743 1638 et
764 1574 907 1656 Deipara
927 1574 1025 1656 Virgo
1056 1582 1170 1640 sancta
1190 1573 1303 1638 Maria.“

245 1673 338 1754 „Qua
358 1673 513 1757 loquendi
534 1673 683 1752 formula,
706 1673 822 1756 inquit,
835 1673 952 1755 Serry
979 1673 999 1736 l.
1022 1695 1059 1752 0.,
1081 1673 1129 1736 nil
1151 1673 1237 1738 aliud
1254 1673 1303 1754 sig-

243 1771 411 1836 nificatum
432 1772 570 1850 voluere,
593 1793 689 1855 quarn
710 1773 868 1837 Joannem
885 1772 1083 1855 Theologum
1105 1779 1139 1837 et
1157 1774 1303 1856 Virginem

244 1870 421 1953 Deiparam
446 1871 514 1934 illio
543 1892 643 1951 esse3
673 1871 902 1936 subintellecto
931 1871 1057 1937 scilicet
1077 1872 1176 1938 verbo
1205 1871 1303 1955 „est,“

243 1969 331 2051 quod
356 1970 466 2051 juxta·
486 1990 622 2052 graecae
657 1976 690 2034 et
717 1970 840 2035 latinae
875 1971 1105 2052 grammaticae
1134 1972 1220 2054 leges
1251 1991 1303 2034 non

243 2068 338 2132 modo
371 2069 627 2151 subintelligitur
655 2069 837 2147 commode,
869 2090 980 2132 verum
1009 2071 1109 2134 etiam
1139 2071 1302 2154 eleganter:

242 2166 309 2230 illic
336 2188 412 2231 vero
435 2189 504 2232 esse
530 2169 645 2251 utique
665 2168 865 2245 inhumatos,
895 2190 995 2250 quum
1021 2169 1087 2233 alio
1115 2176 1194 2235 tunc
1222 2169 1302 2235 modo

243 2265 310 2329 illic
332 2287 402 2330 esse
423 2288 489 2330 non
509 2267 672 2350 [10110111.ιί

304 2364 335 2428 b.
369 2365 460 2444 Quia,
484 2373 522 2430 ut
542 2372 671 2431 constat
692 2387 732 2430 ex
751 2366 833 2430 actis
856 2365 1041 2430 Consilii
1061 2367 1303 2444 Tridentini,

243 2463 380 2528 ecclesia
408 2486 525 2546 magna
552 2465 673 2548 Ephesi
701 2465 825 2529 Mariae
853 2464 980 2548 Virgini
1008 2465 1160 2532 dedicata
1187 2474 1254 2532 crat
1277 2471 1304 2530 et

241 2560 385 2626 nondum
405 2563 439 2626 in
460 2584 584 2636 morem
603 2569 746 2642 venerat,
765 2570 803 2628 ut
825 2563 980 2628 ecclesiae
1001 2565 1035 2628 in
1055 2565 1194 2650 alicujus
1214 2564 1304 2631 sancti

241 2659 397 2724 honorem
425 2669 708 2741 consecrarentur,
738 2652 912 2744 inquibus
940 2663 1085 2746 ejusdem
1108 2665 1220 2730 Sancti
1242 2661 1304 2727 reli-

242 2759 338 2841 quiae
360 2759 509 2824 conditae
531 2783 597 2825 non
619 2767 736 2826 essent.

303 2879 329 2922 o.
358 2858 441 2935 Quia
459 2880 483 2923 s.
499 2860 575 2924 Leo
595 2861 629 2924 in
647 2882 706 2924 sua
724 2860 766 2924 ad
782 2860 972 2926 Juvenalem
988 2860 1303 2945 Hierosolymitannm

242 2957 390 3039 epistola,
410 2980 494 3041 quac
517 2960 557 3024 de
579 2981 603 3024 s.
621 2960 702 3024 locis
720 2959 1017 3043 Hierosolymorum
1037 2959 1115 3042 agit,
1135 2960 1166 3024 b.
1178 2957 1302 3042 Virginis

242 3056 382 3138 sepulcri
404 3059 601 3122 mentionem
621 3081 687 3124 non
707 3059 834 3143 facit.³)
1023 3050 1026 3056 ’

303 3159 331 3218 2.
360 3156 396 3220 B.
415 3156 581 3240 Virginem
602 3159 892 3243 Hierosolymis
913 3166 1076 3224 mortuam
1097 3179 1136 3222 ao
1158 3157 1302 3240 sepultam

241 3274 326 3331 csse,
356 3254 453 3320 multi
480 3262 646 3322 testantur
673 3259 825 3342 theologi.
868 3261 921 3326 Ita
941 3259 1087 3322 Andreas
1109 3254 1300 3334 Cretensis)

240 3351 457 3436 Nicephorus‚
495 3355 701 3441 Callistus‚⁵)
738 3359 948 3440 cedrenum)
985 3379 1009 3422 s.
1043 3357 1063 3421 J
1070 3377 1214 3421 oannes
1243 3354 1299 3418 Da·

239 3471 444 3518 mascenus
466 3454 648 3539 referens,⁷)
666 3456 840 3540 Apostolos
858 3463 918 3540 per
935 3456 1047 3521 orbem
1064 3451 1300 3538 praedicationis

239 3571 337 3615 causa
358 3551 520 3635 dispersos
542 3554 800 3638 Hierosolymam
829 3556 1014 3622 convenisse
1043 3555 1086 3620 ad
1107 3555 1226 3621 Christi
1245 3572 1300 3616 ma·

305 3719 324 3785 ¹)
343 3719 374 3772 ln
398 3737 419 3775 s.
442 3721 586 3790 Virginem
609 3725 711 3776 Anuot.
729 3725 761 3775 14
778 3726 807 3776 et
825 3724 864 3778 16.
905 3722 926 3789 ²)
943 3721 1098 3775 Exercitat.
1115 3723 1148 3776 65
1169 3720 1191 3789 §.
1207 3722 1221 3773 3
1236 3713 1298 3785 apud

239 3800 391 3855 Sandinum
415 3803 434 3856 l.
457 3819 480 3858 0.
503 3821 566 3873 pag.
588 3805 645 3858 392.
687 3805 783 3872 8)(111·.
808 3804 945 3859 Sandinus
969 3805 988 3859 1.
1010 3820 1034 3858 c.
1056 3819 1120 3873 pag.
1143 3805 1198 3857 391.
1235 3800 1255 3867 ⁴)
1273 3797 1298 3850 1³

237 3882 405 3938 dormitione
423 3885 449 3939 b.
467 3885 588 3954 Virginis
605 3891 674 3942 orat.
690 3891 715 3942 2.
754 3888 776 3955 ⁶)
793 3887 864 3942 Hist
881 3887 949 3942 0001.
966 3887 1015 3942 lib.
1033 3885 1092 3952 XV,
1109 3903 1152 3956 cp.
1169 3887 1207 3940 14.
1239 3883 1258 3949 ⁸)
1271 3877 1298 3931 111

237 3965 388 4034 Compend.
405 3967 469 4023 hist.
487 3985 551 4038 pag.
571 3970 624 4024 149.
658 3971 678 4035 ⁷)
696 3969 728 4024 111
746 3969 863 4025 Dormit.
880 3969 912 4026 B.
929 3970 968 4025 11.
985 3971 1017 4026 V.
1034 3968 1059 4038 ἓ.
1079 3971 1115 4024 la
