2808 4556
767 345 827 404 602

255 507 389 573 Domini
416 527 476 588 pro
503 525 595 569 more
626 512 660 569 et
688 527 750 568 nou
779 503 964 568 divinarum
993 503 1257 584 Scripturarum,
1289 499 1344 563 ubi

254 607 377 672 fratres
405 613 441 670 et
466 625 595 668 sorores
622 604 647 666 ii
674 603 901 686 appellantur,
930 602 990 684 qni
1016 601 1260 683 cognatione
1288 605 1344 663 aut

254 708 358 772 etiam
377 704 591 769 affinitate
611 703 700 766 inter
719 723 755 766 se
776 707 854 766 sunt
873 700 1051 783 conjuncti
1062 700 1088 780 ¹)

318 804 498 869 Audiamus
520 824 545 866 a.
562 801 842 883 Hieronymum
858 799 944 863 hanc
961 799 1138 863 veritatem
1155 797 1344 862 clarissim'm

254 904 363 968 uerbis
381 902 617 966 enuntiantem
660 899 754 979 ,Jam
769 920 857 962 nnnc
875 897 1056 974 doceberis,
1073 896 1256 979 respondet
1272 895 1344 959 Hel·
1389 975 1390 982 ἵ

255 1002 389 1081 vidio,²')
417 1006 561 1082 quatuor
581 997 687 1060 modis
714 998 749 1062 in
771 997 950 1078 Scriptnris
978 995 1098 1060 divinis
1119 995 1245 1059 fratres
1266 995 1343 1058 dici:
1389 1049 1390 1064 ,

256 1108 416 1178 natura,
439 1107 572 1183 gente,
598 1097 853 1178 cognatione,
876 1094 1044 1159 affectu.
1088 1093 1228 1170 Natura,
1250 1093 1343 1168 Esau,

255 1200 368 1278 Jacob,
384 1197 558 1263 duodecim
570 1195 788 1279 patriarchae,
803 1193 950 1258 Andreas
965 1201 1000 1258 et
1011 1194 1140 1271 Petrae,
1154 1193 1301 1257 Jacobns
1314 1199 1346 1254 et

255 1298 408 1364 Joannea
442 1297 557 1372 Gente,
577 1316 642 1376 qua
660 1314 772 1357 omnes
785 1292 906 1356 Judaei
922 1292 1011 1356 inter
1032 1314 1068 1356 se
1086 1292 1212 1356 fratres
1234 1313 1346 1356 rocau·
1389 1283 1390 1290 ἵ

257 1404 321 1474 tur,
339 1397 390 1461 uti
405 1395 541 1460 Paulus:
564 1393 794 1475 ,Optabam
812 1392 930 1473 inquit,
951 1413 1021 1475 ego
1044 1393 1115 1474 ipse
1137 1392 1355 1482 anathema¹

258 1517 344 1560 esse
372 1517 393 1558 a
420 1494 582 1559 Christo
611 1514 681 1574 pro
709 1491 910 1554 fratribus
938 1491 1049 1566 meis,
1080 1491 1269 1573 cognatis
1295 1513 1346 1553 se-

257 1593 426 1658 eundum
448 1613 619 1667 carnem,
648 1590 716 1673 qui
737 1596 830 1654 sunt
850 1589 1101 1653 israelitae.‘·'
1144 1589 1345 1672 Cognatioue

257 1692 379 1756 fratres
400 1698 573 1766 vocantur,
603 1691 660 1772 qui
688 1696 765 1753 eunt
787 1688 828 1752 de
849 1709 915 1750 nna
935 1687 1078 1765 familia,
1091 1729 1095 1734 -
1108 1690 1129 1751 i.
1153 1711 1192 1767 e.,
1216 1694 1345 1774 πατριᾷ,

256 1789 346 1873 quod
382 1789 477 1853 latini
511 1789 713 1870 paternitate
749 1788 1029 1869 interpretantur:
1069 1810 1174 1870 quum
1209 1811 1252 1852 ex
1288 1811 1347 1854 una

257 1888 369 1952 radice
391 1887 495 1952 multa
524 1889 651 1970 generis
679 1887 779 1951 turba
806 1885 1018 1962 diffunditur,
1048 1891 1088 1949 nt
1115 1885 1150 1949 in
1173 1886 1295 1951 Genesi
1305 1890 1346 1967 4);

259 1988 373 2069 ,Dixit
394 1995 505 2051 autem
528 1986 694 2050 Abraham
715 1985 758 2049 ad
779 1985 859 2048 Lot:
887 2005 953 2047 nou
974 1985 1020 2049 sit
1040 1986 1112 2048 r'ma
1134 1986 1225 2050 inter
1246 1994 1346 2050 meet

258 2094 310 2164 te,
342 2087 431 2150 inter
450 2093 600 2168 pastores
629 2107 718 2148 meos
746 2092 780 2148 et
802 2091 952 2165 pastores
979 2090 1072 2161 tuos,
1102 2084 1183 2166 quia
1203 2085 1347 2148 homines

258 2183 379 2248 fratres
397 2205 456 2248 nos
474 2185 616 2248 sumus.“
649 2184 693 2248 Et
713 2191 804 2247 certe
820 2183 884 2246 Lot
905 2203 971 2245 non
993 2190 1045 2247 est
1064 2181 1171 2246 frater
1188 2183 1345 2257 Abrahae,

258 2283 317 2346 sed
343 2282 431 2347 filius
459 2284 573 2348 fratris
602 2285 671 2366 ejus
700 2283 799 2346 Aram
802 2329 934 2344 .....
979 2281 1030 2344 Ad
1058 2287 1245 2345 extremam
1271 2281 1346 2344 divi·

258 2381 360 2445 sionis
381 2390 510 2464 partem
538 2391 698 2447 revertar:
728 2383 749 2444 i.
772 2403 799 2445 e.
822 2388 857 2444 et
878 2379 1000 2444 affectu
1029 2380 1152 2444 fratres
1181 2380 1263 2458 dici;
1292 2380 1345 2462 qui

326 2579 347 2643 ¹)
365 2578 458 2643 „Toua
474 2579 515 2632 les
531 2579 671 2632 membres
691 2578 727 2632 de
749 2578 778 2631 lu
793 2581 885 2633 meme
900 2579 1009 2632 famille
1032 2579 1140 2632 etaient
1155 2578 1248 2633 freres
1270 2582 1343 2631 entre

259 2675 323 2724 eux,
335 2660 428 2728 inquit
439 2660 609 2724 Mermillod,
623 2660 662 2725 (la
671 2660 772 2728 vierge
784 2661 873 2714 Marie
891 2679 927 2715 ou
941 2661 1049 2715 Etndee
1067 2679 1115 2714 rur
1131 2677 1164 2714 aa
1177 2660 1344 2730 perpetuelle

258 2741 400 2809 virginite,
418 2741 497 2810 chap.
516 2741 563 2806 lv,
580 2741 605 2810 ξ.
626 2742 649 2808 1)
672 2743 763 2795 meme
784 2744 897 2812 lorsque
921 2744 948 2796 le
972 2743 1060 2812 degi-e
1083 2743 1119 2795 de
1141 2743 1262 2812 parente
1283 2741 1344 2795 tuit
1389 2735 1390 2760 ¹

258 2824 349 2876 moins
365 2824 530 2891 rupproche.
564 2825 655 2889 Ainei,
680 2841 713 2877 ce
737 2830 797 2879 mot
812 2825 887 2878 frere
910 2842 946 2878 ne
968 2824 1104 2893 rignifiait
1121 2841 1172 2892 pao
1195 2827 1345 2879 seulement

258 2922 314 2972 qne
337 2905 393 2959 l’on
417 2907 487 2960 erait
507 2909 564 2960 issu
590 2907 628 2959 dn
651 2907 741 2960 mdme
759 2907 827 2975 pere
851 2907 933 2961 etde
956 2907 985 2959 ia
1009 2907 1102 2959 meme
1126 2907 1222 2972 mere,
1246 2907 1266 2960 il
1283 2906 1345 2961 ituit
1389 2949 1390 2960 ,

259 2988 333 3040 aussi
350 3005 493 3056 synonym.
511 2990 546 3042 de
569 2995 714 3056 parents.
748 2990 793 3043 Un
810 2990 891 3043 oncle
908 2989 978 3044 enit
993 2989 1021 3042 le
1037 2989 1113 3042 frere
1130 2989 1167 3042 de
1184 3005 1236 3042 aon
1254 3005 1343 3043 neven.
1389 3001 1390 3008 ¹

260 3087 297 3122 un
324 3072 420 3124 cousin
446 3071 481 3124 de
506 3089 557 3125 son
584 3072 681 3124 cousin
707 3075 736 3123 et
764 3070 1019 3139 reciproquement
1062 3071 1102 3123 Le
1135 3071 1209 3124 muri
1236 3070 1344 3125 donauit

259 3153 350 3206 meme
367 3154 394 3206 le
413 3172 476 3207 nom
501 3155 536 3207 de
559 3171 642 3207 aoeur
658 3154 676 3206 a
692 3171 722 3206 sa
738 3152 850 3218 femme,
873 3170 959 3221 parce
983 3153 1084 3222 qn’elle
1109 3153 1180 3208 etait
1197 3153 1343 3206 ordinaire·

260 3241 337 3288 ment
354 3252 386 3288 aa
401 3243 526 3303 parente.
560 3237 640 3289 Auni
665 3236 776 3303 lorsque
794 3235 883 3289 Motae
907 3238 1043 3290 restreiut
1064 3237 1091 3289 le
1116 3254 1181 3290 seur
1206 3237 1256 3290 der
1277 3238 1342 3288 mou

148 3321 152 3328 '
260 3315 351 3370 frere
370 3324 399 3371 et
415 3336 514 3372 soeur
530 3319 547 3370 'a
563 3319 592 3371 la
607 3317 795 3386 signification
814 3319 955 3371 exclusive
972 3317 1148 3382 modcrne,il
1165 3335 1181 3370 a
1197 3318 1225 3372 le
1238 3319 1297 3372 soin
1313 3315 1343 3368 de
1389 3307 1390 3336 ³

259 3398 301 3452 len
317 3399 387 3452 taire
403 3401 496 3454 rnivre
513 3401 549 3454 de
565 3407 646 3462 cetto¹
658 3401 842 3468 explication:
867 3402 941 3466 „Filo
958 3401 994 3454 dc
1011 3419 1062 3454 oon
1079 3402 1149 3469 pere
1167 3442 1174 3456 .
1193 3439 1200 3454 .
1219 3443 1226 3455 .
1244 3401 1298 3454 fille
1314 3397 1344 3452 de
1389 3417 1390 3456 t

257 3497 297 3532 aa.
314 3481 401 3535 mere,
431 3483 534 3548 (neue
555 3484 720 3548 xv111,19;
749 3484 808 3548 xi,
826 3487 866 3537 17.
900 3483 982 3538 neue.
1001 3483 1079 3549 xro,
1103 3485 1131 3550 c;
1159 3483 1277 3548 xxvo,
1297 3481 1343 3544 a.)
1389 3469 1390 3482 ¹

259 3564 312 3616 Cet
334 3580 419 3632 usage
444 3565 599 3632 d’appcller
622 3566 736 3619 freres
758 3573 822 3620 tour
847 3567 888 3618 les
905 3565 1025 3633 proches
1042 3571 1172 3633 parente,
1196 3582 1282 3634 usage
1305 3562 1345 3631 qni

260 3646 413 3698 remontait
428 3663 483 3698 aux
500 3653 590 3714 temps
613 3649 641 3700 le
658 3648 721 3716 plus
744 3648 868 3712 recoles,
892 3649 968 3701 aruit
991 3647 1042 3700 fini
1059 3663 1112 3716 par
1133 3645 1291 3716 prevaloir;
1312 3645 1345 3697 ta·

260 3727 352 3780 voriae
366 3743 418 3794 pur
429 3728 472 3780 leo
488 3728 541 3780 loia
559 3734 588 3783 et
603 3731 630 3782 la
647 3731 775 3798 religion,
795 3731 817 3784 il
833 3731 927 3784 e’etait
941 3731 1074 3784 enracine
1091 3729 1163 3782 dane
1185 3731 1227 3783 leo
1243 3744 1345 3782 moeurs

262 3811 291 3861 et
313 3809 335 3861 il
359 3808 429 3862 enit
451 3810 661 3876 generalement
684 3813 757 3866 snivi
781 3813 798 3864 a
821 3811 950 3882 l’epoque
974 3813 1010 3865 de
1035 3813 1062 3865 la
1087 3812 1133 3865 vie
1157 3816 1293 3866 terrestre
1315 3809 1343 3862 de
1389 3837 1390 3840 =

260 3894 343 3942 notre
368 3889 499 3956 seigneur
523 3892 604 3947 Jecur
628 3923 662 3931 -
687 3895 807 3948 Christ.“
848 3898 871 3960 ²)
898 3895 961 3948 Lib.
986 3896 1022 3948 de
1047 3911 1128 3963 perp.
1154 3895 1263 3964 virgin.
1290 3892 1344 3946 adr.

262 3970 373 4023 Helvid.
391 3987 417 4023 n.
436 3973 474 4024 16.
508 3973 530 4033 ³)
549 3976 627 4029 Rom.
645 3975 693 4041 lx,
710 3979 726 4029 3
743 3994 784 4045 sq.
817 3978 840 4044 ⁴)
859 3977 934 4044 xln,
951 3979 975 4032 8.
