2782 4554
770 352 830 412 554

256 537 363 601 panae
392 513 530 596 apollo
557 511 708 595 pulsatae
737 533 796 578 suo
825 510 936 576 sonitu
963 509 1154 576 thesaurum
1182 517 1218 576 et
1245 511 1331 576 miro-

257 616 368 682 oulum
396 612 617 698 vulgaverunt.
660 609 780 674 Postea
807 607 994 688 Waldrada,
1026 611 1145 677 mulier
1176 612 1332 697 sanguinis

256 713 353 798 regii,
383 717 507 778 temere
528 708 621 774 illum
644 709 783 774 inseruit
809 707 912 790 digito
934 729 1007 787 suo,
1038 710 1096 793 qui
1114 710 1331 776 incurabiliter

257 811 423 879 arefactus
454 815 513 876 est.
562 807 608 873 Et
638 808 746 891 lignea
777 807 888 886 theca,
921 807 955 872 in
987 829 1053 895 qus
1085 809 1163 874 olim
1195 816 1331 875 servatus

255 911 375 989 fuerat,
394 909 429 973 in
450 907 592 992 quodam
612 906 762 972 incendio
783 906 905 972 mansit
925 905 995 972 sola
1015 907 1174 974 inviolata
1194 908 1237 974 ab
1258 910 1329 992 igne.

258 1011 348 1076 Haec
371 1006 700 1097 ultimaaooiderunt
720 1006 855 1085 Perusii,
878 1027 943 1090 quo
964 1005 1095 1073 delatus
1115 1006 1181 1072 fuit
1203 1007 1331 1072 annolus

261 1114 340 1174 1477
366 1109 408 1174 ab
437 1106 519 1171 urbe
541 1105 747 1172 Clusinorum
776 1126 906 1189 quoqne
928 1106 1081 1171 undecim
1101 1107 1248 1172 clavibus
1269 1127 1331 1172 con·

258 1209 369 1275 clusus
390 1215 442 1273 ter
463 1205 639 1289 quotannis
661 1204 860 1289 spectandus
883 1204 1064 1270 exhibetur.

321 1307 370 1372 De
392 1304 513 1372 annulo
534 1305 596 1369 hoc
617 1304 749 1387 scripsit
771 1304 968 1369 Abraham
989 1304 1207 1388 Brovius:¹)
1226 1305 1332 1388 „Quod
1371 1309 1372 1392 l

258 1406 391 1471 Italiam
411 1404 558 1487 adeoque
578 1402 814 1468 nobilissimam
834 1402 1002 1468 civitatem
1018 1403 1080 1467 hoc
1101 1403 1224 1469 annulo
1242 1404 1333 1468 veluti
1371 1395 1372 1464 l

258 1503 494 1588 pretiosissimo
517 1501 652 1566 donario
674 1501 787 1584 regina
817 1500 982 1566 coelorum
1003 1501 1137 1584 dignata
1157 1503 1218 1582 sit,
1247 1503 1332 1568 facile
1371 1493 1372 1574 l

259 1601 339 1667 mihi
366 1599 567 1684 persuadeo:
603 1622 704 1683 quum
731 1600 766 1664 in
793 1600 892 1678 ltalia
919 1601 1047 1666 videam
1078 1603 1194 1668 aedem
1222 1605 1333 1670 Laure-
1371 1589 1372 1618 ¹

220 1783 222 1788 Α
258 1707 386 1778 tanam,
419 1699 575 1782 angelicis
603 1699 754 1764 manibus
786 1721 804 1764 e
832 1699 1020 1765 Palaestina
1047 1701 1209 1786 delatam,
1243 1723 1333 1766 cunas
1371 1711 1372 1714 ’

260 1805 294 1864 et
324 1819 499 1882 praesepe,
535 1798 570 1862 in
600 1797 719 1881 quibus
751 1819 840 1878 eum,
878 1819 976 1883 quem
1006 1799 1095 1864 orbis
1127 1820 1247 1883 capere
1276 1822 1333 1866 non
1371 1807 1372 1890 ᾗ

259 1899 415 1976 sustinet,
453 1897 683 1976 collocaverat,
719 1897 870 1980 capillos,
906 1919 1035 1978 zonam,
1071 1898 1206 1964 sudaria
1241 1905 1274 1965 et
1305 1898 1335 1962 id
1371 1903 1372 1980 l

259 2018 360 2082 genus
388 1996 624 2079 pretiosissima
647 2017 680 2061 a
714 1995 788 2061 diva
817 1996 1016 2079 Deiparente
1054 1998 1171 2062 relicta
1196 1999 1334 2082 pignora,

257 2097 301 2162 ab
332 2097 465 2162 Oriente
493 2097 630 2161 Romam
662 2101 697 2160 et
724 2094 759 2158 in
790 2094 872 2160 alias
904 2095 1056 2161 occiduas
1087 2097 1186 2162 urbes
1213 2097 1335 2180 piorum
1371 2101 1372 2146 l

258 2195 368 2261 studio
401 2196 570 2262 translata.
621 2195 670 2260 De
701 2200 809 2259 vestro
841 2194 962 2260 annulo
994 2202 1094 2280 auget
1124 2194 1224 2260 fidem
1254 2195 1335 2278 longi

260 2296 418 2378 temporis
439 2296 599 2360 acerrima
619 2295 706 2359 inter
722 2292 986 2359 bellicosissimos
1007 2300 1131 2360 vestros
1148 2294 1335 2360 Perusiauos

258 2415 298 2460 ac
328 2395 485 2460 Senenses
506 2400 591 2459 ante
613 2394 674 2459 CL.
697 2413 799 2458 annos
827 2391 1010 2472 dimicatio,
1040 2414 1138 2476 quam
1167 2415 1249 2477 opus
1277 2393 1335 2457 fnit

261 2493 353 2560 Sixto
376 2501 493 2576 quarto
511 2493 545 2558 P.
564 2493 607 2558 M.
632 2492 783 2559 dirimere
802 2492 1022 2576 annulumque
1042 2499 1187 2557 vestrum
1205 2493 1335 2558 Romam

260 2589 383 2656 deferri
406 2592 536 2675 jubere,
565 2591 788 2676 seponendum
815 2590 850 2654 in
878 2590 990 2674 aliqua
1017 2590 1109 2656 urbis
1135 2590 1272 2656 basilica
1297 2588 1335 2654 ad
1371 2637 1372 2674 ,

260 2691 402 2757 universi
430 2692 519 2757 orbis
553 2691 747 2757 culturam.“
795 2689 895 2754 Plura
921 2689 1074 2772 prodiere
1102 2695 1218 2773 postea
1246 2710 1334 2772 opus
1371 2677 1372 2748 l

260 2790 349 2869 cula,
378 2790 413 2854 in
434 2791 552 2874 quibus
573 2796 766 2876 argumenta
791 2790 834 2855 ad
854 2788 1065 2854 astruendam
1086 2788 1163 2853 huic
1183 2788 1333 2871 reliquiae

259 2888 359 2954 fidem
386 2890 488 2955 allata
515 2897 599 2956 sunt.
643 2890 728 2974 „Sed
753 2911 821 2968 nos,
849 2888 959 2972 inquit
986 2887 1133 2970 apprime
1155 2886 1333 2952 Benedic-

260 2993 326 3053 tus
354 2988 490 3071 XIV,²)
520 2997 648 3056 servata
669 2989 838 3073 Reliquiae
860 2987 1079 3064 veneratione,
1109 3007 1195 3070 qnae
1215 2986 1265 3050 illi
1284 2985 1333 3048 de

259 3087 373 3167 betur,
408 3088 521 3155 sedulo
549 3089 726 3156 monendos
761 3087 907 3153 ducimus
935 3085 993 3151 illa
1026 3087 1082 3169 qui
1110 3085 1265 3170 legerint,
1297 3103 1332 3147 ne
1371 3089 1372 3158 l

261 3205 302 3250 ex
329 3186 420 3252 Actis
448 3187 544 3272 Xysti
563 3190 617 3255 IV.
648 3196 682 3255 et
701 3187 885 3254 Innocentii
904 3185 989 3251 viu
1019 3183 1083 3250 sibi
1110 3185 1331 3268 persuadeant,
1371 3169 1372 3252 i

257 3285 483 3368 apostolicam
518 3289 629 3354 sedem
662 3288 838 3371 genuinum
874 3292 1024 3352 sanctum
1058 3284 1153 3350 illum
1186 3283 1333 3350 annulum
1371 3297 1372 3320 ¹

257 3385 430 3470 judicasse.
472 3386 557 3452 Nam
584 3387 644 3453 sub
673 3387 739 3454 illis
766 3383 979 3452 Pontificibus
1006 3375 1089 3449 illud
1115 3380 1332 3448 tantummodo

260 3485 523 3568 disceptabatur,
549 3475 621 3553 utri
641 3486 763 3571 populo
785 3485 968 3551 Clusinisne
996 3504 1039 3549 an
1058 3481 1223 3549 Perusinis
1250 3499 1334 3546 sacer

258 3586 401 3652 annulus
429 3593 516 3652 esset
543 3585 795 3670 adjudicandus:
825 3590 859 3649 et
880 3602 1078 3666 quamquam
1105 3582 1140 3646 in
1160 3602 1199 3648 eo
1216 3577 1332 3665 judicio

260 3685 533 3768 praesumebatur
555 3687 627 3782 ejus⁴
646 3685 759 3750 annuli
779 3683 914 3762 veritas,
941 3687 1088 3747 attamen
1109 3681 1182 3766 quis
1202 3680 1330 3764 ignorat
1371 3743 1372 3784 p

283 3995 289 4007 Ι
313 3914 725 4052 .¹)¹¹¹1¹³i.*⁰'il⁸5⁸d³⁰⁸”¹¹⁰m
743 3915 871 3971 Laurum.
904 3915 926 3982 ²)
943 3915 984 3969 De
1001 3913 1092 3969 Fastis
1108 3913 1140 3967 B.
1156 3912 1260 3968 Mariae
1277 3907 1332 3962 Vir·

261 4011 335 4064 gron
353 4011 395 4062 op.
427 4015 479 4062 ,n.
530 4039 536 4053 .
