2782 4554
739 324 799 384 568

225 479 339 546 Nostri
366 488 400 547 et
420 481 630 547 Pentecostes
660 481 769 548 divina
797 483 902 549 officia
930 484 1001 568 ipso
1029 485 1205 552 Interdicti
1234 495 1314 554 tem-

224 601 305 664 pore
327 580 496 646 celebrari.
508 580 533 663 ¹)

227 690 229 694 ·
288 683 316 744 2.
352 679 496 745 Termini
524 679 708 762 ,Dormitio
738 688 772 747 et
799 681 1009 766 Assumptio“
1037 705 1103 750 non
1131 684 1222 750 idem
1251 686 1313 769 sig-

193 828 196 834 .
225 777 370 843 nificant.
414 777 575 844 Dormitio
598 770 685 844 enim
712 779 743 843 b.
765 779 909 863 Virginis
938 789 1092 862 mortem,
1124 783 1313 869 Assumptio

226 898 302 943 vero
332 877 363 942 b.
385 877 528 960 Virginis
549 877 824 944 resurrectionem
845 880 1144 966 triumphalemque
1166 905 1313 968 assump-

227 977 351 1054 tionem
382 977 528 1060 oorporis
564 999 638 1042 cum
671 979 780 1043 anima
810 979 845 1042 in
882 980 1008 1045 coelum
1039 981 1201 1065 designat.
1234 984 1312 1065 ⁸„ln

227 1083 356 1142 vetusto
385 1076 552 1142 Ecclesiae
581 1076 801 1142 Occidentalis
829 1080 1074 1163 martyrologio,
1110 1081 1220 1166 inquit
1248 1083 1313 1147 Bc·

227 1177 413 1242 nedictus
435 1176 569 1259 XIV.‚2)
599 1175 687 1260 quod
709 1177 813 1244 edidit
834 1177 1062 1259 Florentinius,
1085 1179 1209 1245 festum
1229 1204 1313 1247 mor·

228 1278 271 1342 tis
299 1299 320 1341 a
347 1275 528 1341 festivitate
549 1277 789 1360 Assumptionis
818 1279 1014 1362 sejungitur3
1046 1301 1122 1344 nam
1155 1282 1198 1345 ad
1227 1281 1312 1347 diem

231 1382 277 1441 18.
301 1375 451 1441 lanuarii
478 1375 560 1440 haec
588 1374 768 1442 habentur:
801 1377 992 1461 ,Depositio
1022 1386 1157 1445 sanctae
1186 1403 1225 1446 ac
1247 1382 1312 1464 glo·

228 1468 334 1540 riosae
363 1475 487 1540 Mariae
515 1469 631 1539 Matris
661 1475 792 1540 Domini
820 1476 924 1541 nostri
944 1477 1023 1542 Jesu
1052 1478 1197 1545 Christi“
1218 1488 1315 1546 —et

155 1633 157 1636 .
229 1575 271 1640 ad
312 1575 399 1639 diem
441 1579 488 1638 15.
529 1573 684 1656 Augusti:
732 1577 942 1658 ,Assumptio
985 1585 1119 1643 sanctae
1159 1579 1313 1644 Mariae.“

229 1674 347 1741 Postea
368 1681 479 1738 tamen
500 1673 648 1739 Ecclesia
667 1675 749 1740 haec
770 1674 856 1740 festa
881 1677 1051 1760 conjunxit
1072 1686 1107 1743 et
1127 1679 1203 1744 ideo
1225 1687 1314 1745 utro-

230 1795 293 1857 que
313 1773 376 1838 hoo
403 1773 533 1838 nomine
561 1771 776 1840 festivitatem
802 1775 920 1857 signat.
963 1777 1002 1841 ln
1022 1778 1172 1843 Ecclesia
1198 1799 1315 1862 graeca

229 1873 413 1956 praevaluit
434 1892 552 1936 nomen
573 1872 768 1955 „dormitio“
792 1876 944 1959 κοίμησις
962 1913 1002 1922 -
1021 1878 1190 1956 transitus,
1211 1886 1315 1944 trans-

230 1972 311 2038 latio
333 2010 373 2020 -
394 1973 599 2056 μετάστασις
622 2010 661 2020 -
683 1974 791 2057 quies;
820 1975 854 2040 in
881 1975 1029 2042 Ecclesia
1057 1982 1174 2041 contra
1195 1977 1313 2043 Latina

230 2073 398 2138 consuevit
418 2073 528 2138 vocari
546 2073 786 2156 „Assumptio.“
830 2075 900 2152 Quo
921 2073 1051 2140 nomine
1072 2081 1217 2140 utuntur
1236 2099 1265 2140 v.
1285 2098 1313 2158 g.
1383 2155 1384 2160 ἵ

229 2170 462 2255 martyrologia
483 2170 648 2251 Galesinii‚
677 2172 820 2252 Baronii,
849 2173 968 2254 Bedae,
996 2173 1131 2252 Rabani,
1162 2175 1245 2240 item
1266 2196 1316 2240 sa·
1383 2165 1384 2168 ¹

230 2272 485 2337 oramentarium
516 2294 540 2337 s.
570 2272 735 2356 Gregorii,
775 2273 856 2338 ordo
888 2275 1053 2340 Romanus
1084 2274 1209 2358 aliique
1240 2277 1314 2341 libri

230 2370 378 2437 rituales.
782 2359 785 2367 ¹
1130 2399 1133 2404 ·

294 2475 322 2536 3.
353 2470 569 2554 Inquiramus,
599 2492 766 2555 quonam
792 2479 970 2556 tempore
996 2474 1077 2538 haec
1102 2472 1311 2539 festivitas

230 2571 395 2655 illiusque
412 2576 553 2636 octava
581 2592 620 2636 ac
645 2571 842 2654 jejunium
872 2572 1049 2655 coeperint.
1092 2571 1140 2636 Ao

292 2693 320 2736 a.
356 2668 503 2753 quidem,
525 2670 614 2753 quod
634 2670 731 2752 hujus
758 2670 1004 2737 festivitatis
1033 2670 1239 2736 exordium
1265 2677 1313 2734 at-

14 2804 16 2815 v
136 2800 139 2806 ·
231 2753 325 2848 tinet,
347 2767 467 2852 duplex
488 2769 582 2835 nobis
604 2768 747 2835 occurrit
768 2769 887 2852 opinio.

297 2899 326 2935 a.
358 2867 562 2950 Nicephorns
590 2866 737 2950 refert,³)
766 2868 1000 2934 Mauritium
1027 2868 1309 2952 Imperatorem

232 2970 263 3035 b.
286 2967 428 3052 Virginis
456 2965 686 3032 dormitionem
715 2966 767 3032 die
798 2973 844 3032 15.
867 2968 1008 3050 Augusti
1035 2965 1197 3032 celebrari
1224 2986 1311 3049 prae-

233 3070 366 3153 cepisse.
412 3066 565 3132 Ceterum
585 3064 647 3129 hoc
673 3071 758 3130 teste
791 3065 969 3148 Azorios)
1002 3071 1171 3149 tamquam
1197 3063 1308 3131 falsmn
1383 3121 1384 3150 ,

232 3171 290 3236 alii
310 3168 462 3252 rejiciunt
481 3187 528 3244 eo,
548 3165 636 3248 quod
653 3164 750 3249 hujus
772 3166 838 3231 diei
856 3165 934 3232 festi
951 3164 1128 3232 celebritas
1149 3164 1309 3247 antiquior
1383 3165 1384 3180 ¹

234 3290 304 3336 esse
324 3267 482 3332 videatur.
526 3264 609 3330 Cum
626 3265 743 3331 aizorio
763 3265 927 3331 consentit
955 3263 1161 3330 Batonius.
1204 3260 1308 3345 „Quod

233 3375 352 3436 autem*
364 3365 480 3430 scribit
496 3362 708 3448 Nicephorns,
727 3363 872 3446 inquitl)
894 3363 1055 3447 ejusmodi
1075 3361 1306 3428 solemnitatem

233 3465 342 3532 edicto
374 3462 522 3528 Mauritii
551 3461 763 3545 Imperatoris
795 3469 972 3541 statutam,
1010 3462 1056 3527 sic
1088 3461 1246 3545 accipias,
1276 3464 1309 3523 ut

234 3587 307 3632 eam
329 3571 428 3629 antea
456 3561 497 3627 ab
519 3562 668 3627 Ecclesia
695 3562 882 3628 institutam
910 3563 980 3646 ipse
1008 3561 1043 3626 in
1064 3561 1200 3627 Oriente
1225 3580 1307 3626 sanc·

301 3729 320 3792 ¹)
337 3727 392 3783 Gir.
415 3728 480 3783 Gan.
497 3730 520 3782 1.
541 3726 724 3782 deconsecr.
748 3727 811 3783 dist
829 3731 857 3795 33
881 3745 926 3797 cp.
949 3727 1039 3783 ultim.
1061 3728 1097 3783 ds
1119 3727 1211 3794 leriis;
1233 3727 1305 3795 gloss

233 3827 331 3865 canon.
347 3811 377 3863 in
394 3825 438 3878 op,
453 3809 539 3862 Alma
550 3809 649 3875 Mater,
667 3810 702 3864 de
719 3815 790 3865 sont.
808 3825 915 3866 excom.
933 3810 962 3864 in
978 3810 1025 3876 Vl,
1042 3808 1117 3879 apud
1135 3809 1305 3864 benedictum

235 3891 307 3946 XIV.
324 3892 344 3946 l.
361 3905 385 3946 o.
406 3905 449 3957 cp.
467 3888 543 3955 Vlll,
561 3909 588 3946 n.
605 3894 647 3946 24.
686 3893 708 3957 ²)
728 3891 757 3946 12.
775 3907 800 3948 c.
825 3909 868 3963 cp.
887 3892 962 3959 Vlll,
980 3911 1007 3948 n.
1028 3897 1069 3948 ab.
1112 3890 1305 3959 8)1111).Χ111,

235 3989 279 4042 op.
295 3974 337 4026 28.
369 3972 391 4038 4)
409 3971 440 4026 L.
458 3987 481 4026 c.
499 3987 541 4042 op.
560 3973 620 4041 XX,
637 3974 667 4028 B.
688 3975 723 4054 ¹⁵)
740 3974 772 4028 ln
790 3975 905 4044 Martyr.
922 3977 1001 4033 Rom.
1019 3976 1066 4031 dis
1083 3980 1124 4031 lb.
1144 3978 1213 4046 Aug.
