2728 4554
552 365 609 426 381

54 529 292 605 dilectissimam,
307 547 405 609 quam
420 545 530 590 omnes
548 530 774 589 autumassent
788 524 1001 590 meretricem.
1034 525 1118 602 Quo·

54 629 135 693 modo
161 625 361 692 castissimus
389 645 541 707 sponsus,
570 624 619 688 ita
649 623 678 686 si
703 622 836 706 egisset,
866 623 982 706 dignus
1003 624 1118 688 haberi

53 726 209 809 potuisset,
233 725 291 808 qui
310 723 351 789 ab
373 722 548 805 Evangelio
567 721 772 806 judicaretur
790 722 918 805 justus?

533 922 565 1005 5.
587 919 621 988 6.

329 1067 382 1132 De
410 1089 434 1132 s.
463 1065 628 1150 Josephi
653 1065 828 1149 justitia.

103 1216 331 1294 Quaestionem
350 1215 433 1280 hanc
460 1237 534 1281 cum
554 1214 770 1298 praecedente
790 1215 996 1297 paragrapho
1020 1237 1117 1298 quam

52 1313 152 1380 intime
173 1314 402 1379 cohaerentem
430 1313 559 1388 silentio
581 1312 855 1397 praetereundam
882 1336 948 1378 non
978 1336 1048 1380 esse
1068 1316 1118 1400 ju·
1145 1355 1148 1360 ·

52 1411 184 1478 dicantes
205 1412 408 1496 inquiramus

10 1571 11 1584 ἵ
80 1593 150 1660 Cur
175 1617 199 1659 s.
221 1591 393 1676 Josepho
419 1612 558 1657 nomen
584 1591 723 1675 „justi“
750 1591 993 1658 attributum
1020 1593 1092 1659 sit·

103 1726 230 1790 lustum
261 1730 405 1791 testante
440 1745 465 1787 s.
494 1723 673 1804 Thoma1)
710 1723 890 1805 generatim
922 1724 960 1814 id
989 1724 1116 1803 dicitur,

51 1825 129 1906 quod
148 1824 394 1908 regulae'suae,
419 1821 472 1887 oui
493 1822 591 1886 debet
611 1822 876 1900 commensurari,
899 1822 1118 1905 adaequatum

52 1929 96 1988 est
124 1931 156 1988 et
186 1943 406 1988 commensum
442 1921 590 2004 adeoque
625 1941 691 1985 non
721 1921 954 2003 particularem
987 1928 1118 1988 tantum

52 2043 115 2086 eam
139 2023 309 2100 uirtutem,
339 2013 424 2105 quae
452 2020 644 2103 unicuique,
674 2020 762 2103 quod
783 2041 878 2085 suum
906 2026 969 2098 est,
999 2021 1116 2098 reddit,

51 2121 290 2202 verumetiam
327 2121 486 2185 virtutum
526 2119 670 2184 omnium
709 2117 938 2183 collectionem·
968 2119 1117 2202 justitiae

51 2240 158 2284 nomen
185 2220 331 2284 sortitur.
376 2217 547 2300 ,lustitia
576 2217 684 2300 inquit
712 2216 742 2281 d.
765 2217 1077 2302 chrysostomus,
1092 2218 1117 2299 2)

51 2317 92 2379 nil
107 2317 193 2382 aliud
215 2324 274 2394 est,
293 2338 397 2400 quam
413 2317 556 2382 omnium
575 2316 804 2382 mandatorum
820 2315 918 2399 plena
939 2317 1117 2381 custodia.“

50 2413 152 2480 Justus
174 2436 250 2498 ergo
280 2422 351 2480 erat
383 2437 407 2480 s.
429 2415 567 2497 Joseph,
599 2415 676 2497 quia
704 2414 802 2480 omni'
820 2414 980 2479 virtutum
1000 2435 1117 2498 genere

52 2520 80 2578 et
99 2515 263 2598 speciatim
285 2514 462 2593 charitate,
492 2514 637 2579 omnium
657 2513 797 2578 aliarum
817 2513 976 2577 virtutum
997 2514 1117 2596 regina,

51 2609 160 2696 inqua
181 2612 359 2678 secundum
381 2613 411 2677 d.
426 2613 645 2696 Augustinum
667 2612 770 2678 omnis
791 2612 969 2676 christiana
987 2613 1118 2696 justitia

52 2713 198 2791 consistit,
220 2713 400 2777 instructus
422 2734 460 2777 ao
482 2718 624 2778 omatus.

103 2811 264 2878 Virtutem
292 2811 374 2877 hano
396 2833 420 2876 s.
443 2810 653 2894 Euangelista
677 2832 743 2875 non
763 2809 897 2894 probat,
927 2811 985 2876 sed
1007 2816 1118 2876 notam

51 2910 309 2994 manifestamque
348 2909 592 2994 praesupponit.
653 2908 768 2974 Noluit
806 2908 891 2973 enim
936 2931 960 2974 s.
996 2909 1119 2993 Joseph

51 3007 195 3092 virginem
226 3008 428 3075 traducendo
458 3008 628 3074 infamare.
677 3007 789 3074 Potuit
816 3007 851 3072 id
882 3007 1028 3090 quidem,
1062 3009 1119 3074 sed

52 3105 181 3174 charitas
212 3108 399 3192 prohibuit,
431 3128 472 3172 ne
504 3106 629 3172 fecerit.
678 3107 792 3172 Justus
825 3112 911 3185 erat,
945 3106 1023 3190 quia
1054 3107 1118 3172 duo

50 3203 194 3287 intendit,
225 3207 394 3273 consulere
422 3227 538 3289 nempe
565 3205 642 3284 sibi,
672 3227 712 3270 ne
741 3204 947 3270 cohabitaret
967 3205 1119 3287 gravidae

51 3307 80 3366 et
106 3305 273 3372 consulere
310 3305 454 3389 conjugi,
494 3326 535 3370 ne
573 3305 777 3386 vituperaret
808 3301 888 3369 eam.
941 3303 1122 3386 Propterea

50 3403 181 3468 medium
210 3404 322 3487 elegit,
352 3404 519 3474 dimittere
546 3423 619 3468 eam
647 3401 775 3467 occulte
803 3403 823 3466 i.
847 3423 873 3467 e.
896 3402 1049 3468 recedere
1076 3403 1118 3468 ab

51 3517 85 3563 ea
101 3502 179 3566 nihil
201 3503 320 3568 dicens.
365 3504 459 3571 Oculi
483 3503 535 3568 sui
555 3502 710 3568 videbant
731 3507 862 3566 uterum
883 3508 1120 3568 tumescentem

51 3605 80 3663 et
94 3601 282 3683 judicabant
302 3624 375 3668 eam
403 3603 603 3682 adulteram,
634 3624 775 3686 quacum
802 3603 830 3668 si
857 3601 957 3666 vellet
976 3623 1118 3681 manere,

49 3705 211 3777 putaretur
227 3723 359 3768 consors
375 3702 512 3786 peccati.
545 3702 688 3784 Virginis
706 3723 723 3766 e
742 3709 857 3768 contra
871 3707 1011 3786 pernota
1028 3723 1119 3767 sano·

51 3794 121 3862 titas
141 3805 174 3865 et
194 3801 342 3885 angelica
362 3802 490 3885 puritas
514 3801 658 3866 animum
679 3800 916 3884 impediebant,
947 3800 1120 3884 quominus

51 3929 233 3946 5——

107 3997 254 4064 ¹)11sect.
271 4016 297 4068 q.
314 3998 416 4054 LXXX
433 4003 485 4056 art.
503 4000 578 4054 unic.
610 3999 632 4066 ²)
651 3999 685 4053 In
701 3998 801 4055 Matth.
818 3998 891 4053 hom.
909 4000 949 4055 12.
