2718 4556
452 427 454 432 ,
554 381 615 442 369

53 554 97 626 te,
117 553 153 611 et
139 544 299 611 uirtus
318 540 518 606 Altrss1m1
536 539 791 606 obumbrab1t
809 540 922 620 trbr
940 548 979 606 ut
994 543 1119 624 prolem

53 647 151 728 gignas
172 649 206 708 et
224 640 445 723 virginitatem
464 661 530 704 non
548 640 675 722 perdas.
706 641 815 704 lanua
837 640 920 705 coeli
940 661 1000 724 per
1016 641 1120 706 Adam

54 744 204 826 quondam
227 739 367 805 clausa
355 760 424 821 gam
445 739 571 817 sonuit,
600 760 659 821 per
681 738 772 803 illam
800 747 883 804 nunt
883 741 934 804 ius
963 741 1025 806 iste
1046 763 1121 824 pro·

52 843 152 921 cessit,
123 839 308 907 tDeus
299 843 451 920 inportu
480 843 541 902 est:
577 837 733 920 Angelus,
765 858 861 920 quem
882 839 1034 917 moraris,
1066 861 1120 904 ex·
1209 890 1212 895 .

53 947 160 1022 pectat.
211 939 238 1004 Ο
267 937 388 1014 Maria,
421 937 587 1002 saeculum
621 958 715 1001 omne
744 937 909 1020 captivum
940 943 1034 1002 tuum
1065 937 1120 1002 de·

52 1045 192 1121 precatur
229 1057 396 1100 assensum
398 1083 558 1100 ......
608 1035 789 1118 Usquequo
822 1035 974 1114 moraris,
1012 1036 1119 1118 Virgo,

52 1138 191 1203 nuntium
222 1133 454 1200 festinantem?
489 1134 622 1199 Intuere
650 1135 755 1198 Deum
784 1133 818 1197 in
850 1133 934 1198 coeli
960 1134 1120 1206 vestibulo

53 1259 96 1302 me
125 1236 346 1301 sustinentem.
397 1233 569 1316 Responde
601 1233 749 1311 verbum,
784 1239 817 1298 et
848 1232 975 1315 suscipe
1007 1232 1118 1298 filium.

53 1335 96 1400 Da
114 1334 228 1412 fidem,
257 1338 291 1397 et
312 1331 398 1396 senti
419 1331 573 1396 virtutem
595 1378 603 1395 .
627 1379 634 1394 .
657 1377 664 1396 .
688 1377 695 1394 .
726 1331 836 1413 ,Fiat
863 1333 959 1398 mihi
988 1355 1120 1400 secun-

53 1433 130 1498 dum
156 1431 316 1498 verbum
343 1430 473 1496 tuum“
502 1451 561 1495 nec
582 1450 687 1508 mora,
718 1430 896 1496 revertitur
914 1432 1064 1511 nuntius,
1087 1439 1121 1498 et

52 1539 125 1615 nupt
112 1532 221 1598 tialem
252 1530 407 1596 thronum
438 1528 620 1612 ingreditur
648 1528 811 1608 Christus,
845 1531 972 1613 accepit
1003 1530 1121 1596 stolam

52 1631 162 1710 carnis,
191 1630 226 1694 in
255 1628 399 1693 thalamo
420 1627 579 1740 Virginis,
607 1627 697 1692 intra
723 1626 914 1693 thesaurum
940 1631 1121 1713 majestatis

51 1730 188 1796 sacculus
218 1729 324 1794 carnis
346 1727 459 1807 cessit,
430 1727 656 1792 tdivinitati
684 1733 858 1810 sponsatur
884 1727 997 1806 home,
1027 1750 1120 1811 prae·

51 1829 141 1904 mium
160 1827 281 1910 accipit
302 1827 409 1892 car0.“

107 1929 208 1994 Simili
228 1927 324 1991 modo
347 1926 497 1990 Ductor
517 1924 743 1989 Mellifluus
757 1926 781 2007 )
801 1925 833 1990 b
856 1926 1021 2008 Virginem
1042 1925 1121 1991 allo·

51 2027 115 2110 quit
116 2049 167 2092 ur:
208 2026 391 2108 ,Expectat
422 2021 565 2106 Angelus
598 2044 805 2105 responsum,
845 2030 1054 2106 expectamus
1087 2031 1120 2089 et

50 2145 118 2203 nos,
139 2147 157 2190 c
179 2123 334 2201 Domina,
361 2120 496 2186 verbum
516 2121 736 2186 miserationis
738 2169 871 2186 .....
914 2124 965 2188 Ex
985 2145 1040 2188 ore
1062 2131 1119 2189 tuo

51 2222 161 2304 pendet
188 2221 367 2287 consolatio
389 2221 597 2299 miserorum,
627 2221 808 2303 redemptio
837 2225 1054 2307 captivorum,
1082 2224 1120 2287 li-

51 2319 166 2387 beratio
190 2320 434 2398 damnatorum,
464 2319 553 2384 salus
575 2319 714 2403 denique
736 2321 960 2387 universorum
979 2321 1120 2387 filiorum
1186 2319 1188 2324 ⁸

51 2417 160 2499 Adam,
189 2420 293 2485 totius
322 2419 449 2501 generis
476 2418 535 2484 tui.
580 2418 645 2496 Da,
674 2419 788 2502 Virgo,
818 2441 1009 2503 responsum
1030 2421 1121 2486 festi·

50 2525 164 2583 canter.
209 2518 235 2583 Ο
257 2518 413 2595 Domina,
436 2517 595 2600 responde
616 2517 764 2596 verbum,
793 2518 880 2601 quod
902 2525 1004 2597 terra,
1034 2519 1120 2602 quod

52 2615 153 2696 inferi,
183 2615 272 2700 quod
293 2621 467 2699 expectant
496 2621 530 2680 et
550 2616 690 2698 superi.“
734 2617 933 2700 Subscripsit
953 2617 1028 2682 huic
1050 2639 1121 2683 sen-

52 2716 163 2780 tentiae
187 2716 287 2780 etiam
312 2713 556 2780 Laurentius
582 2714 845 2798 Justinianil)
874 2715 974 2780 verba
1002 2717 1119 2797 ,Ecce

51 2815 189 2879 ancilla
219 2814 398 2878 Ι)ιιιιιιιιια
426 2813 600 2897 explicans.
642 2814 731 2895 ,Isto
752 2814 848 2878 unico
871 2835 1040 2896 responso,
1073 2814 1121 2879 in-

51 2913 129 2993 quit,
159 2913 334 2997 complevit
354 2913 482 2978 coelum
502 2912 636 2996 gaudio,
665 2912 797 2996 Angelis
826 2912 974 2977 omnibus
996 2913 1121 2978 exculta·
1198 2901 1203 2916 ’

50 3011 163 3078 tionem
182 3013 352 3097 praebuit,
382 3011 510 3096 captiuo
539 3011 669 3076 saeculo
699 3011 917 3095 spemdedit,
948 3012 1120 3077 daemones

50 3108 206 3177 universos
239 3111 414 3190 exterruit,
448 3116 611 3176 astantem
625 3190 627 3195 ³
641 3109 766 3175 laetum
793 3110 873 3174 fecit
900 3110 1051 3176 nuntium
1083 3133 1120 3176 ao
1160 3185 1162 3188 ¹

48 3207 180 3276 detentis
199 3211 233 3275 in
252 3210 378 3276 inferno
395 3209 546 3294 patribus
564 3209 728 3274 libertatis
746 3209 886 3292 gratiam
904 3211 1120 3293 repromisit.“

105 3309 171 3375 Hoc
198 3309 327 3392 ,aiau
355 3308 427 3373 ab.
450 3309 584 3390 Virgine
605 3308 770 3390 prolatum
796 3309 915 3374 mirum
935 3309 970 3372 in
989 3309 1122 3374 modum

51 3407 171 3473 extollit
191 3431 216 3474 s.
238 3407 402 3473 Thomas
424 3428 445 3473 a
465 3408 676 3473 Villanova
697 3407 824 3472 dicens:
846 3407 894 3489 ,0
915 3406 974 3472 fiat
994 3415 1120 3491 potens,

51 3523 68 3566 o
96 3504 149 3572 fiat
177 3505 304 3586 efficax,
337 3528 356 3571 o
385 3505 444 3571 fiat
472 3527 571 3589 super
601 3527 695 3571 omne
723 3504 783 3570 fiat
809 3511 968 3589 perpetuo
999 3505 1131 3576 honore.

50 3607 269 3670 venerandum.
311 3605 396 3670 Nam
426 3604 623 3670 adverbum
651 3605 711 3670 fiat
739 3606 852 3670 statim
878 3605 913 3668 in
933 3612 1029 3672 utero
1051 3605 1123 3670 Vir-

50 3701 126 3783 ginis
145 3706 349 3771 incarnatum
372 3712 422 3770 est
444 3704 619 3771 Verbum.“
661 3705 822 3769 Mirabilis
842 3703 989 3787 profecto
1018 3704 1122 3768 virtus

49 4015 74 4068 Δ
112 3937 239 4007 ¹)Super
262 3936 364 3992 Missus
389 3935 463 3992 hom.
485 3939 510 3992 4.
551 3935 574 4003 ἲ)
596 3935 682 3992 Serm.
707 3935 743 3990 de
766 3935 890 3990 Annunt.
932 3934 1064 4002 ³.)Serm
1088 3935 1125 3990 de

75 4023 166 4075 ιιιιιιιιι.

926 4098 960 4153 24
