2782 4554
769 360 829 421 564

252 546 277 589 s.
308 519 492 604 Cyrillns.
546 518 686 600 „Hodie
723 519 831 604 inquit
859 519 1177 604 Hierosolymitanus
1207 526 1332 610 Episco-

251 621 367 703 pus‚¹)
400 618 551 684 eoelestis
579 639 717 702 sponsus
746 640 821 684 oum
848 619 994 686 thalamo
1016 621 1078 686 Dei
1106 624 1224 690 matris
1253 628 1332 692 venit

251 721 286 784 in
315 716 481 800 templum.
533 716 636 782 Filiae
663 717 846 782 Jerusalem
878 718 1071 801 egredimini
1101 721 1136 785 in
1169 745 1332 791 occursum

252 819 331 902 ejus.
374 815 557 900 Lampadas
578 815 733 882 alacriter
761 817 976 884 accendamus
998 841 1074 884 vero
1102 819 1219 888 lumini
1242 873 1250 888 .
1274 875 1280 888 .
1301 875 1331 888 ..

252 917 431 1000 Tamquam
459 914 519 980 filii
547 914 630 979 lucis
658 935 750 980 ceras
777 937 871 980 verae
900 915 966 982 luci
994 918 1125 986 Christo
1154 921 1331 990 offeramus.

252 1015 413 1094 Quoniam
430 1014 541 1080 lumen
559 1013 603 1080 ad
620 1013 853 1079 revelationem
871 1015 1017 1098 gentium
1036 1017 1157 1084 mundo
1176 1024 1332 1106 apparuit,

168 1107 171 1114 ’
252 1115 326 1180 ideo
347 1114 473 1179 lumina
494 1134 534 1176 ex
554 1112 678 1177 lumine
707 1133 807 1196 supra
828 1112 934 1178 nivem
961 1116 1232 1198 resplendeamus
1259 1125 1331 1189 ete.‘·'

252 1213 377 1292 Quibus
413 1234 437 1277 s.
470 1211 624 1277 Patribus
659 1212 861 1296 adjiciendus
898 1235 939 1278 ex
970 1215 1096 1282 Latinis
1133 1219 1223 1285 inter
1259 1223 1331 1288 alios

252 1314 283 1378 d.
313 1312 592 1395 Hieronymus,
626 1312 683 1395 qui
715 1312 749 1376 in
777 1312 838 1377 hoo
869 1313 955 1379 festo
987 1316 1133 1400 assignat
1166 1321 1332 1404 epistolam

252 1419 287 1477 et
326 1410 545 1494 evangelium,
586 1433 670 1495 quae
709 1411 871 1497 hodieque
910 1412 1073 1496 leguntur.
1127 1416 1183 1482 Nil
1223 1419 1334 1486 mirum

252 1534 345 1596 ergo,
379 1509 467 1594 quod
495 1509 663 1576 Azorius
698 1510 840 1576 scribere
872 1532 937 1576 non
950 1512 1191 1599 ·haesitarit:²)
1225 1511 1332 1601 „Puto¹
1380 1596 1381 1602 ἵ

162 1668 164 1672 .
251 1612 335 1676 hano
368 1608 596 1676 celebritatem
630 1609 891 1693 antiquissimam
925 1631 1011 1690 esse,
1049 1619 1083 1678 et
1114 1613 1267 1684 fortassis
1297 1619 1334 1684 ah

255 1709 436 1796 Apostolis‚
465 1708 517 1774 vel
537 1709 651 1792 primis
673 1731 786 1775 eorum
809 1710 977 1794 discipulis
997 1711 1218 1782 institutam.“
1261 1718 1335 1784 Sub·

251 1810 401 1878 scribunt
421 1809 496 1874 huic
518 1808 701 1874 sententiae
730 1809 830 1874 etiam
851 1809 1066 1893 Gretserus‚³)
1088 1812 1334 1898 Beleminuso

253 1919 287 1977 et
308 1908 534 1989 Bollandns.⁵)

313 2009 440 2075 Poterit
476 2013 588 2072 tamen
623 2012 763 2089 utraque
794 2005 958 2072 sententia
986 2009 1217 2091 quadantenus
1255 2036 1335 2080 con·

254 2108 405 2186 ciliari‚
436 2107 465 2172 si
486 2105 639 2187 dicimus,
665 2106 755 2189 quod
775 2113 873 2171 antea
896 2105 1029 2190 quidem
1049 2109 1102 2174 hic
1123 2110 1268 2197 illucque
1289 2135 1335 2178 ee·

251 2208 415 2274 lebratum
451 2213 518 2284 est,
556 2204 577 2270 J
583 2204 813 2270 ustinianus
852 2205 1036 2289 Imperator
1074 2212 1260 2295 praecepit,
1299 2219 1334 2278 ut

251 2306 389 2373 solemni
416 2304 502 2371 festo
531 2325 591 2387 per
622 2309 731 2370 totum
758 2304 941 2370 Romanum
972 2305 1147 2390 imperium
1179 2311 1221 2376 ab
1250 2312 1334 2376 omni

250 2407 373 2492 populo
402 2403 597 2471 abstinendo
625 2403 667 2468 ab
691 2403 845 2487 operibus
872 2405 1043 2471 servilibus
1070 2405 1258 2474 feriaretur.
1299 2408 1335 2474 ld

252 2507 339 2572 enim
366 2513 453 2571 teste
479 2499 670 2570 Colvenerio
697 2502 873 2587 Nicephori
902 2505 1001 2572 verba
1028 2527 1128 2589 supra
1156 2507 1262 2574 citata
1288 2509 1333 2575 in-

251 2613 359 2673 nuunt
379 2606 490 2689 sicque
511 2603 760 2686 intelligendum
782 2602 861 2682 erit,
893 2605 980 2688 quod
1002 2605 1136 2684 asserit,
1167 2629 1189 2672 a
1208 2608 1333 2674 Jnstino

250 2727 367 2790 nempe
390 2705 513 2772 Christi
533 2703 726 2768 Natiuitatis
747 2701 869 2768 festum
891 2703 1080 2770 institutum
1100 2704 1212 2772 fuisse.
1254 2709 1333 2789 „lm-

251 2811 439 2889 peratorem
465 2803 687 2870 iustinianum
715 2802 913 2882 instituisse,
943 2804 1067 2888 inquit,
1096 2810 1169 2870 tum
1196 2807 1332 2890 primum

251 2911 323 2970 toto
359 2904 438 2969 orbe
471 2909 652 2981 terrarum,
684 2901 782 2966 Festo
819 2901 872 2967 die
907 2902 1067 2968 celebrari
1098 2897 1330 2989 Hypapantem,

251 3004 338 3069 sicut
358 3003 541 3085 Imperator
556 3001 707 3068 Justinns
734 2999 774 3065 de
793 3021 818 3066 s.
836 2999 960 3068 Christi
975 3000 1157 3069 Nativitate
1181 3003 1330 3072 fecerat“

252 3102 389 3168 Certum
416 3106 450 3166 et
471 3099 694 3167 indubitatum
724 3100 811 3165 enim
839 3107 904 3178 est,
933 3099 1124 3167 Nativitatis
1145 3099 1267 3168 Christi
1284 3101 1329 3168 fe

251 3208 340 3267 stum
376 3200 444 3284 jam
483 3221 504 3265 a
541 3200 655 3282 primis
689 3198 855 3266 Ecclesiae
894 3198 1034 3266 saeculis
1072 3220 1201 3284 semper
1236 3201 1328 3268 fuisse

251 3299 463 3366 celebratum.
474 3300 500 3381 ⁸³)
523 3385 525 3390 Ι
551 3297 603 3364 Sic
633 3298 733 3362 etiam
763 3297 998 3364 Constantinus
1026 3297 1165 3382 Magnus
1194 3306 1327 3366 testante

251 3395 394 3465 Eusebio
424 3396 627 3464 Caesariensi
636 3399 662 3478 ⁷)
692 3397 878 3480 praecepit,
911 3404 949 3463 ut
977 3417 1088 3462 omnes
1116 3397 1159 3464 ab
1188 3399 1326 3464 omnibns

257 3533 453 3546 .--—-

319 3595 410 3663 ¹)Hie
433 3612 524 3650 sermo
547 3595 652 3664 legitur
674 3595 710 3648 ad
732 3593 815 3648 finem
838 3593 970 3659 tom.1V‚
988 3595 1060 3652 Bihl.
1079 3596 1194 3652 Petrum
1219 3615 1260 3668 op.
1276 3597 1325 3650 541.

250 3679 272 3746 ²)
289 3679 321 3734 L.
346 3693 371 3733 o.
394 3694 438 3746 cp.
464 3678 564 3743 xvur,
589 3679 617 3733 C.
659 3679 680 3742 ³)
698 3677 738 3732 De
762 3676 842 3732 festis
864 3675 1084 3733 Christianorum
1109 3679 1160 3735 lib.
1185 3679 1220 3746 11,
1244 3697 1283 3748 op.
1303 3677 1323 3728 3.

249 3760 272 3827 ⁴)
297 3762 426 3816 Contror.
452 3759 501 3816 lib.
526 3760 577 3828 ΠΙ,
603 3761 639 3816 de
664 3761 743 3816 onitu
767 3761 933 3817 Sanctorum
959 3779 1002 3831 op.
1026 3761 1100 3818 ΧΠ.
1146 3763 1169 3830 ³)
1193 3763 1234 3818 De
1256 3759 1322 3814 Actis

250 3845 416 3899 Sanctorum
439 3847 505 3897 tom.
528 3844 563 3900 11.
604 3846 627 3910 ο)
650 3845 705 3900 Cir.
723 3845 870 3902 Tractatus
892 3845 927 3900 de
951 3845 1022 3908 vito,
1044 3845 1186 3914 mysteriis
1207 3849 1235 3900 et
1254 3839 1321 3898 onon

249 3925 318 3979 Jeso
335 3923 437 3980 Christi
452 3930 566 3980 auctore
585 3927 727 3984 Graveson
745 3928 812 3984 edit.
829 3929 878 3993 lv,
897 3944 960 3998 pag.
979 3929 1036 3983 178.
1074 3929 1095 3994 τ)
1113 3927 1153 3982 De
1171 3928 1227 3982 vita
1242 3925 1321 3982 Ceret

251 4006 289 4062 Μ.
307 4007 355 4062 lib.
374 4007 422 4072 lv,
440 4023 484 4076 cp.
503 4011 542 4064 18.
