2728 4554
743 328 808 428 394·

635 512 822 577 Sentent.
852 512 908 577 II:

231 668 268 733 Β.
297 668 423 750 Virgo
457 668 714 751 exspeciali
744 669 932 752 Spiritus
964 692 987 735 s.
1018 670 1223 736 instinctu
1248 669 1287 733 ad

252 767 548 833 inserviendum
569 790 593 832 0.
612 768 875 834 Elisabethae
896 770 971 835 1100
992 771 1073 835 1101
1093 771 1270 854 suscepit.

293 916 428 994 Causae,
443 937 527 999 quae
543 916 786 998 pudicissimam
802 939 839 982 ac
857 917 1041 983 solitudinis
1058 919 1288 984 amantissimam

231 1015 398 1098 Virginem
418 1016 452 1080 in
472 1015 640 1104 publicum
660 1016 751 1081 velut
772 1023 956 1096 evocarunt,
980 1017 1288 1100 supernaturales

231 1113 367 1181 fuerunt
388 1121 422 1179 et
442 1115 673 1179 naturales.

295 1223 670 1313 supernaturales,
699 1231 848 1315 inquam;
879 1233 1023 1314 suscepit
1045 1234 1131 1297 enim
1158 1233 1188 1298 h.
1207 1232 1288 1312 Virgo

232 1329 316 1394 hanc
347 1330 566 1416 visitationem
599 1351 639 1395 ex
670 1331 804 1413 speciali
837 1332 977 1421 Spiritus
1009 1334 1115 1398 sancti
1145 1333 1289 1398 instinctu.

233 1429 306 1511 Ipse
336 1429 484 1494 Christus
511 1430 545 1494 in
573 1430 604 1494 b.
627 1430 769 1513 Virginis
798 1437 893 1496 utero
919 1432 987 1515 jam
1016 1440 1205 1516 conceptus,
1235 1451 1290 1496 00111

233 1528 275 1592 ad
302 1536 473 1610 cognatam
500 1529 632 1612 impulit
653 1530 856 1609 visitandam,
887 1537 925 1595 ut
945 1552 1063 1596 munus
1090 1555 1183 1596 soum
1203 1531 1291 1612 auspi·

233 1634 372 1707 caretur,
392 1628 517 1693 salvum
533 1651 648 1712 nempe
666 1629 809 1694 faciendi
826 1630 984 1712 populum
1002 1652 1022 1694 a
1039 1632 1182 1712 peccatis
1200 1649 1291 1694 eorum

234 1748 333 1810 seque
359 1749 471 1792 verum
494 1727 694 1794 Salvator'em
723 1729 980 1807 demonstrandi,
1011 1730 1140 1812 quando
1168 1729 1292 1795 clausum

233 1826 339 1890 adhuc
367 1826 402 1890 in
429 1834 523 1892 utero
545 1828 704 1892 loannem
732 1828 901 1893 occasione
929 1827 1018 1892 illius
1044 1828 1237 1893 visitationis
1260 1824 1291 1889 ab

234 1926 385 2009 originali
405 1927 557 1992 liberavit
577 1933 721 2008 0000010.

295 2043 434 2125 ,Abiit
465 2043 654 2109 beatissima
684 2042 783 2123 Virgo
816 2063 903 2106 cum
939 2041 1240 2107 festinatione“
1266 2042 1292 2100 et

234 2143 295 2206 hoc
317 2163 381 2206 non
402 2143 471 2206 sine
493 2143 655 2226 mysterio.
698 2142 758 2206 Ille
781 2143 866 2206 enim
887 2141 1042 2206 festinam
1065 2163 1137 2206 eam
1159 2137 1292 2212 reddidit,

234 2242 290 2324 qui
328 2241 517 2306 nominatur
555 2241 730 2323 „Accelera
768 2241 873 2322 spolia
912 2241 1083 2305 detrahere
1119 2276 1159 2285 -
1194 2236 1294 2302 festina

233 2339 415 2423 praedari.“
427 2341 450 2421 ¹)
493 2340 684 2404 Festinabat
706 2339 853 2404 Christus
882 2340 916 2403 in
937 2339 1069 2421 Virgine
1092 2337 1134 2402 ad
1154 2337 1294 2402 Joannem

234 2438 516 2518 sanctificandum,
546 2440 588 2504 ad
610 2440 805 2523 eum'quasi
826 2439 968 2522 primum
996 2438 1137 2522 spolium
1156 2435 1240 2501 hosti
1257 2431 1294 2495 di-

234 2537 360 2602 abolico
383 2538 594 2620 eripiendum.

295 2651 486 2718 Festinabat
495 2653 594 2736 Virgo
612 2654 772 2719 charitate
788 2653 929 2736 impulsa
947 2651 1183 2716 ardentissima.
1212 2647 1293 2730 Cujus

235 2750 334 2814 divini
355 2752 475 2816 amoris
495 2750 641 2817 flammas
670 2774 710 2817 ex
731 2752 831 2816 divini
851 2750 952 2816 Verbi
980 2754 1139 2831 conceptu
1168 2749 1219 2812 vix
1238 2766 1294 2810 sen·

235 2857 324 2914 serat
357 2857 391 2914 et
422 2871 512 2930 ecce,
547 2851 730 2933 penetralia
762 2850 875 2914 domus
907 2869 1001 2927 suae,
1037 2849 1156 2932 quibus
1186 2862 1294 2927 semper

234 2955 382 3028 assueta,
415 2957 550 3032 repente
583 2949 704 3014 deserit
732 2943 894 3031 celerique
927 2969 1039 3030 gressu
1067 2967 1127 3029 per
1156 2943 1294 3010 montium

142 3083 146 3092 ·
234 3056 389 3131 01000101
418 3049 542 3132 000010.
592 3040 707 3113 Noluit
735 3046 798 3112 sibi
830 3046 891 3111 soli
922 3067 1031 3111 sacros
1064 3045 1164 3109 divini
1194 3039 1294 3108 amoris

234 3148 325 3230 ignes
363 3149 544 3230 possidere,
585 3147 642 3212 sed
681 3153 715 3212 et
753 3152 925 3228 cognatam
963 3166 1057 3209 suam
1091 3141 1294 3208 Elisabetham

234 3253 469 3329 praegnantem
508 3248 642 3330 ejusque
680 3245 784 3309 filium
822 3244 954 3310 illorum
990 3243 1168 3327 participes
1204 3240 1294 3304 facere

235 3345 364 3428 illisque
386 3347 505 3411 amoris
528 3347 750 3411 demonstrare
772 3344 873 3427 signa.

247 3504 250 3511 ·
296 3461 416 3543 Magna
445 3461 631 3526 differentia
657 3461 745 3524 inter
773 3479 917 3524 amorem
946 3457 1145 3522 mundanum
1173 3463 1205 3522 et
1230 3449 1294 3517 diu'·

234 3561 329 3624 num!
363 3560 448 3624 Dum
477 3561 562 3625 enim
584 3581 676 3624 amor
702 3557 885 3623 mundanus
908 3578 963 3621 cor
983 3556 1145 3638 possidet,
1174 3554 1295 3620 alterum

237 3659 280 3724 ad
301 3657 475 3722 amandum
496 3679 561 3724 non
583 3658 747 3736 admittit3
776 3677 867 3720 amor
888 3676 963 3720 vero
986 3655 1123 3732 divinoe,
1145 3648 1295 3719 01001111-

235 3757 427 3837 flammavit,
457 3780 523 3823 non
544 3759 686 3822 satiatur
707 3776 767 3820 nec
794 3754 934 3837 quiescit
955 3754 989 3817 in
1017 3754 1086 3818 solo
1109 3752 1169 3818 Dei
1189 3763 1293 3820 amora

303 3975 323 4038 ¹)
341 3971 403 4026 lsai.
422 3972 498 4036 Vlll,
516 3975 539 4026 3.
