2772 4550
569 334 628 394 569

52 494 144 560 tione
177 493 266 558 edita
296 492 532 576 promulgarit“
566 499 600 558 et
627 492 820 559 observante
848 494 1084 579 Florentinio¹)
1117 519 1137 562 a

51 593 105 658 die
130 597 177 658 18.
200 591 365 671 Januarii,
396 613 460 676 quo
490 592 542 658 die
571 597 671 660 antea
698 593 884 674 colebatur,
915 594 957 659 ad
979 596 1065 661 diem
1088 602 1135 662 15.

50 691 193 775 Augusti
224 691 441 756 transtulerit.
494 692 597 757 Juxta
627 691 888 775 Colveneriumu
923 692 985 760 hoc
1016 694 1138 760 festum

51 791 154 856 etiarn
180 790 213 854 in
236 790 370 856 Oriente
389 790 457 873 jam
485 796 562 855 ante
584 790 732 856 Mauritii
759 792 908 874 tempora
937 792 1138 858 celebratum

50 889 126 954 fuit.
163 888 257 966 Quod
272 889 342 972 jam
362 888 485 971 dudum
501 889 667 954 Ecclesiae
686 888 826 955 decretis
847 891 1010 956 sancitum
1027 892 1138 959 fuerat

49 1011 112 1054 nec
142 988 225 1053 bene
254 989 375 1072 ubique
404 988 626 1068 observatum,
656 988 840 1072 Imperator
867 990 923 1055 ille
950 990 1021 1074 lege
1050 991 1152 1056 civili·
1231 1013 1233 1018 ·

50 1089 237 1172 praecepit,
269 1095 307 1152 ut
335 1087 371 1151 in
398 1094 470 1152 toto
499 1087 644 1153 Romano
672 1089 810 1171 imperio
839 1097 1008 1155 servarent
1036 1098 1070 1155 et
1095 1090 1138 1156 ab

51 1187 209 1272 operibus
230 1185 401 1252 servilibus
423 1199 534 1251 omnes
556 1187 768 1252 abstinerent.
812 1187 916 1270 ,Nam
937 1188 1067 1269 ibidem,
1089 1190 1139 1253 in·

53 1289 128 1372 quit
150 1285 427 1362 colvenerius,
451 1285 491 1350 de
514 1286 700 1351 Justiniano
722 1287 925 1370 Imperatore
947 1287 1061 1352 scribit
1082 1287 1139 1354 Ni·

52 1386 232 1469 cephorus:
256 1385 367 1467 ,Idem
389 1384 567 1466 imperator
588 1391 658 1449 tum
679 1385 819 1468 primum
842 1386 1023 1451 Servatoris
1045 1408 1139 1470 prac-

52 1485 273 1551 sentationem
315 1489 386 1549 toto
427 1482 506 1548 orbe
550 1490 712 1548 terrarum
753 1484 839 1549 festo
884 1485 937 1549 die
977 1485 1138 1564 honorare

51 1584 214 1661 instituit,
248 1583 334 1646 sicut
359 1581 509 1646 lustinus
541 1581 581 1646 de
614 1604 638 1646 s.
668 1583 791 1649 Christi
819 1582 1001 1649 Nativitate
1028 1585 1138 1650 fecit.“

53 1682 181 1748 Deinde
211 1681 394 1765 subjungit:
432 1681 561 1765 ,Atque
589 1703 654 1747 non
685 1683 734 1747 ita
761 1682 857 1766 longo
886 1689 962 1766 post
992 1689 1138 1766 tempore

52 1781 232 1846 Mauritius
253 1788 480 1846 sacrosanctae
498 1781 559 1845 Dei
577 1770 752 1846 Genitricis
774 1781 1002 1847 dormitionem
1020 1788 1066 1848 15.
1086 1783 1139 1848 die
1257 1837 1260 1841 .

52 1881 195 1963 Augusti
216 1878 376 1944 celebrari
396 1879 595 1962 praecepit.“
638 1880 682 1945 At
711 1879 776 1944 dici
804 1901 869 1944 non
888 1887 1010 1964 potest,
1038 1883 1140 1947 Justi·
1232 1939 1236 1952 ,

50 1981 188 2045 nianum
217 1979 322 2062 primo
353 1977 535 2042 instituisse
563 1969 686 2042 festum
713 1981 988 2062 praesentationis
1017 1981 1139 2046 Christi

52 2081 88 2142 in
110 2078 250 2160 templo,
280 2099 354 2154 seu,
383 2082 422 2141 ut
442 2099 528 2142 nunc
550 2079 765 2143 communiter
786 2078 987 2161 appellatur,
1001 2105 1003 2112 ⁴
1017 2079 1139 2146 festum

52 2176 304 2260 purificationis,
323 2197 429 2259 neque
445 2175 612 2242 lustinum
630 2177 751 2242 festum
768 2177 959 2243 Natiuitatis
976 2179 1138 2244 Domini.“
1184 2253 1187 2260 ¹

53 2277 128 2355 Qua
159 2284 296 2360 propter
329 2296 393 2339 non
424 2277 522 2358 pauci
557 2281 707 2340 auctores
742 2275 784 2340 ad
815 2276 912 2360 hujus
947 2276 1139 2343 festivitatis

55 2375 228 2442 exordium
249 2375 478 2440 inveniendum
498 2375 753 2458 progrediuntur
774 2397 877 2459 usque
899 2377 942 2441 ad

119 2481 149 2558 β.
186 2473 471 2558 Apostolorum
498 2481 686 2558 tempora.
736 2475 790 2540 Ita
816 2474 959 2541 Petrus
988 2476 1139 2542 Galesi·

52 2574 145 2638 nius
177 2575 211 2638 in
239 2573 465 2638 notationibus
496 2574 719 2658 martyrologii
751 2575 803 2639 sui
833 2575 993 2640 referens:
1029 2576 1140 2658 ,Haec

52 2695 153 2758 porro
176 2672 341 2737 dieifesti
362 2672 537 2738 celebritas
565 2672 606 2737 ab
629 2674 796 2757 Apostolis
817 2674 972 2739 instituta
993 2680 1139 2758 putatur,

53 2779 95 2838 ut
109 2771 208 2836 facile
228 2792 245 2836 e
264 2771 376 2836 latinis
395 2772 584 2854 graecisque
603 2773 813 2837 concionibus
832 2773 981 2855 cognosci
998 2774 1139 2856 potest.“

54 2873 118 2939 Cui
146 2869 329 2936 sententiae
358 2871 621 2954 subscripserunt
648 2873 735 2937 inter
762 2872 844 2937 alios
871 2873 1013 2937 Joannes
1042 2872 1140 2938 Boni-

52 2971 200 3053 facius,⁸)
227 2968 474 3053 Colvenerius‚⁴)
500 2969 698 3054 Sedlmayr⁵)
720 2978 1000 3054 argumentantes:
1034 2973 1141 3051 Quum

50 3073 121 3154 jam
149 3070 191 3134 ab
223 3069 459 3152 antiquissimis
487 3068 641 3134 Patribus
668 3069 766 3154 hujus
796 3072 986 3137 festivitatis
1017 3073 1140 3136 mentio

56 3171 118 3235 fiat
146 3189 312 3253 quumque
340 3168 410 3252 ejus
438 3167 569 3233 initium
599 3169 781 3252 ignoretur,
811 3169 853 3234 ad
881 3177 1030 3253 tempora
1056 3170 1143 3253 Apo-

56 3268 216 3334 stolorum
245 3274 304 3333 sut
331 3267 410 3351 ipsis
438 3267 587 3350 proxima
614 3267 786 3333 referenda
814 3274 873 3333 est.
924 3269 1079 3352 ,Legitur
1106 3269 1141 3333 in

56 3367 161 3433 officio
189 3365 298 3432 divino
326 3367 423 3450 hujus
451 3367 533 3446 diei,
562 3367 670 3452 inquit
696 3366 717 3430 l.
745 3389 772 3431 c.
795 3367 977 3446 Azcrius,
1006 3366 1142 3432 homilia

56 3467 221 3552 quaedam
252 3467 381 3532 nomine
414 3467 604 3545 Athanasii,
641 3466 698 3530 ubi
729 3472 844 3549 aperte
876 3465 1032 3552 habetur,
1066 3466 1142 3530 Dei-

55 3587 172 3650 param
208 3566 317 3630 anima
353 3574 387 3632 et
418 3587 553 3650 corpore
589 3587 659 3630 esse
694 3565 728 3629 in
764 3565 891 3629 coelum
930 3572 1140 3649 assumptam.

125 3819 145 3880 ¹)
164 3811 196 3866 ln
221 3813 337 3880 Mar-tyr.
363 3813 586 3882 hieronymiano.
628 3813 649 3878 a)
668 3811 699 3866 L.
722 3827 745 3867 c.
770 3811 806 3865 ad
831 3811 904 3865 diam
923 3813 962 3867 15.
985 3813 1055 3880 Aug.
1079 3829 1143 3883 pag.

55 3898 117 4032 Ξὲξι
144 3894 506 4030 :5:n7hirtonsvirginali
524 3893 573 3949 lib.
592 3891 628 3959 11,
646 3909 688 3963 cp.
707 3897 731 3948 5.
768 3895 790 3960 ⁴)
809 3892 841 3950 h.
859 3909 883 3948 c.
920 3894 941 3961 ὅ)
960 3893 990 3947 h.
1008 3910 1031 3949 c.
1050 3911 1075 3963 p.
1093 3894 1143 3962 lv,
