2726 4560
769 361 808 420 t

240 517 278 588 b.
294 524 435 607 Virginis
453 521 712 606 praerogativam
730 519 857 585 nebulis
875 519 1194 584 incarnationis
1213 521 1339 604 dogma

247 624 406 707 nobisque
428 621 587 698 ostendit,
618 619 779 704 quomodo
802 615 970 702 Sapientia
998 615 1106 683 divina
1127 620 1169 684 ab
1193 611 1356 686 aeternol

249 730 283 788 et
309 724 343 786 in
363 729 511 804 tompore
531 721 593 786 hoc
614 718 857 803 praeparaverit
881 718 1079 801 mysterium.
1123 718 1340 785 certitudine

247 822 325 886 fidei
344 820 585 903 amplectimur,
615 820 649 883 in
670 818 701 882 b.
722 818 871 901 Virgine,
894 818 935 882 ab
958 817 1045 882 omni
1067 819 1271 884 aeternitate
1294 820 1341 884 ad

248 921 458 985 sanctitatem
488 917 669 1001 perfectam
703 937 741 982 ao
772 923 964 1000 pe1petuam
995 916 1264 999 praedestinata,
1304 921 1356 990 inl

248 1021 353 1102 primo
375 1039 453 1083 suae
476 1017 704 1100 Conceptionis
733 1017 869 1081 instanti
891 1023 1059 1099 peractum
1080 1014 1182 1080 fuisse
1204 1020 1356 1102 gratiae}

248 1117 442 1183 miraculum
466 1116 613 1200 illudque
640 1115 726 1180 viam
754 1114 826 1180 aliis
855 1115 1006 1180 strevissc
1033 1115 1208 1180 miraculis,
1256 1118 1356 1183 Cre-l

122 1281 123 1286 ,
248 1218 362 1282 dentes
383 1214 581 1298 profitemur,
604 1215 634 1279 b.
656 1215 831 1298 Virginem,
853 1221 891 1280 ut
911 1215 1020 1282 Mater
1040 1215 1116 1279 Filii
1138 1216 1201 1281 Dei
1222 1215 1336 1297 fieret,
1355 1213 1356 1286 l

248 1315 414 1396 daemonis
436 1315 618 1380 actionibus
647 1336 685 1379 ac
706 1316 834 1399 peccati
854 1315 989 1380 maculis
1012 1310 1222 1398 praereptam
1246 1318 1338 1401 ejus-

159 1501 162 1508 ¹
249 1436 312 1499 que
329 1414 548 1498 virginitatem
566 1421 759 1498 perpetuam
779 1415 979 1498 integritatis
992 1421 1035 1504 Ιεἰ
1053 1416 1241 1481 sanctitatis
1261 1440 1340 1502 per·

249 1520 368 1596 petuae
390 1513 563 1596 imaginem
584 1513 685 1579 fuisse
707 1535 744 1578 ac
765 1513 917 1579 fructum.
1355 1567 1356 1598 ἶ

310 1611 400 1676 Haec
428 1611 574 1676 definitio
604 1612 748 1695 dogmati
777 1634 905 1697 quoque
932 1612 1247 1696 redemptionis
1279 1601 1356 1696 nal

249 1733 323 1776 vum
364 1711 501 1776 accersit
542 1711 747 1794 splendorem
793 1711 986 1776 confirmans
1027 1712 1187 1777 indirecte
1232 1713 1339 1780 fidem

249 1811 377 1894 peccati
405 1809 585 1893 originalis,
615 1810 759 1875 valorem
782 1810 945 1892 explicans
965 1811 1064 1892 pretii
1085 1811 1356 1896 redemptionis,

249 1913 336 1976 inter
363 1910 573 1975 admirabiles
602 1910 792 1974 meritorum
819 1909 939 1975 Christi
968 1908 1104 1974 effectus
1132 1910 1356 1994 redemptio-l

247 2032 324 2087 nem
345 2009 520 2074 ostendens
541 2008 846 2091 principalissimam
875 2030 913 2073 ac
933 2008 1182 2087 nobilissimam,
1213 2032 1336 2094 nempe

248 2109 536 2193 praeservativum,
565 2108 662 2172 sicuti
683 2108 823 2190 gratiae,
854 2126 919 2190 qua
940 2107 1082 2171 omnium
1104 2103 1356 2184 creaturaruml

250 2208 350 2271 etiam
370 2205 608 2291 perfectissima
629 2206 815 2289 indiguerit,
837 2206 1065 2271 necessitatem
1086 2206 1287 2273 absolutam.

314 2304 493 2370 collustrat
536 2305 714 2370 clarissima
755 2305 827 2369 luce
851 2304 948 2380 ¹haec
994 2303 1139 2370 definitio
1182 2315 1336 2372 nostram

250 2403 660 2485 sanctificationem,
694 2426 794 2486 quum
826 2403 1098 2487 perfectissimum
1129 2405 1224 2470 nobis
1257 2429 1335 2489 pro-

249 2509 351 2586 ponat
379 2501 559 2584 exemplar:
589 2502 619 2565 b.
648 2493 813 2584 Virginem
834 2502 876 2566 ad
905 2503 1114 2568 sanctitatem
1142 2511 1176 2569 et
1204 2506 1356 2592 perfec·¹

250 2603 373 2667 tionem
404 2600 494 2665 illam
523 2600 708 2679 reductam,
742 2623 806 2684 qua
834 2608 1083 2683 protoparentes
1114 2604 1220 2668 nostri
1252 2613 1334 2670 ante

249 2707 420 2784 peccatum
457 2700 662 2764 commissum
698 2700 885 2782 gaudebant
924 2721 1088 2785 quumque
1121 2703 1155 2765 in
1187 2711 1335 2770 mentem

173 2841 175 2844 -
249 2799 343 2864 nobis
365 2805 509 2877 revocet,
539 2797 829 2883 sanctificationem
851 2800 1030 2864 animarum
1052 2821 1121 2865 esse
1143 2799 1257 2879 finem,
1292 2793 1356 2867 ad

250 2921 347 2982 quem
368 2898 594 2980 attingendum
615 2899 738 2962 creavit
759 2920 818 2963 nos
840 2899 937 2963 Deus.

312 2997 435 3075 Quibus
464 2996 643 3076 beneficiis,
678 3019 761 3080 quae
787 2998 952 3064 Ecclesiae
981 2998 1122 3064 infantes
1151 3019 1192 3063 ex
1218 3001 1334 3066 imma-

250 3097 378 3161 culatae
413 3096 641 3179 Conceptionis
677 3097 833 3162 hauriunt
872 3097 1075 3176 definitione,
1114 3097 1334 3182 adjungamus

250 3195 484 3273 emolumenta,
519 3216 602 3286 quae
632 3195 688 3260 illa
716 3196 873 3278 praebeat
905 3196 1207 3278 acatholicis1)
1255 3198 1335 3264 Non

316 3426 335 3492 ¹)
362 3424 459 3492 ,alta
480 3424 528 3494 tot
550 3440 611 3483 mou
627 3440 678 3482 nur
694 3423 780 3494 auoit
796 3423 914 3491 discinde
935 3424 1056 3494 gemotbt,
1081 3425 1172 3494 inquit
1189 3427 1334 3498 Kloutgen

249 3505 376 3574 (tiletum
401 3506 487 3564 ateste
513 3507 548 3565 ll.
573 3508 651 3566 dicat
678 3508 713 3565 ὅ.
737 3508 807 3575 375),
834 3506 906 3575 tund
932 3507 983 3564 ciue
1007 3507 1058 3564 aa
1083 3509 1356 3582 bottontinum*

248 3589 321 3658 burst
339 3589 544 3661 Surtdtcltung
566 3591 618 3650 unt
636 3590 684 3658 fult
706 3589 778 3656 turoi
804 3589 856 3647 eim
878 3589 973 3659 gentile
990 3589 1334 3662 perseuerantissime
1355 3585 1356 3634 l

248 3672 341 3740 Βιῐπειι
358 3673 416 3730 etet
433 3672 574 3742 acerreae
590 3673 629 3730 tte
645 3672 883 3742 acerentinum
900 3687 930 3740 pr
947 3671 1092 3741 reatuum
1114 3673 1174 3750 cta
1191 3675 1264 3743 bord
1285 3677 1334 3732 ulle
1355 3647 1356 3708 l

249 3753 309 3822 tiele
330 3755 448 3824 beriade
472 3757 542 3825 mett
566 3756 718 3826 ausaausa
742 3756 796 3813 bem
819 3755 899 3821 fictile
923 3755 965 3812 brt
988 3755 1075 3823 ttirde
1100 3756 1262 3822 entirembet,
1290 3760 1356 3838 cleg

249 3837 426 3906 bertellanno
451 3833 563 3896 mtt‘bct
585 3840 671 3907 stistte
695 3839 819 3908 restitut.
852 3838 923 3904 niele
947 3839 1035 3906 bebcrt
1058 3838 1101 3895 bct
1124 3839 1255 3907 &birine
1279 3841 1356 3908 unt}

248 3921 291 3978 ber
308 3921 397 3978 masse
415 3920 496 3989 nttbt3
519 3921 551 3990 su
568 3921 598 3990 iu
622 3920 661 3978 bie
677 3921 766 3979 discut
788 3921 831 3978 bet
848 3921 945 3994 penu,
970 3922 1021 3978 unt
1045 3922 1105 3978 trttt
1121 3921 1196 3990 ibren
1213 3923 1332 3992 desuem
1355 3917 1356 3924 '

248 4004 394 4073 unnutttlt
420 4006 543 4075 entgegm.
584 4005 633 4062 filie
658 4003 837 4072 brotettonlen
863 4003 944 4072 boten
972 4003 1000 4061 io
1025 4004 1124 4072 notetur
1149 4004 1332 4074 Sobriunbert
