2782 4554
738 330 798 390 536

222 493 403 576 impetrant
423 492 605 574 gratiarum
625 490 762 569 auxilia,
786 464 904 574 quibus
925 490 1073 556 roborati
1095 492 1211 576 dignos
1232 513 1309 575 poe·
1383 501 1384 508 ’

222 591 383 658 nitentiae
410 590 537 656 fruetus
557 589 731 673 perficiant
758 590 847 655 etin
874 590 961 655 bono
983 598 1202 674 perseverent.
1247 591 1310 656 De·

223 690 310 756 votio
333 711 410 774 erga
430 689 460 754 b.
479 689 647 772 Virginem
665 690 760 772 juxta
781 713 805 754 s.
826 691 1003 755 Doctorem
1022 711 1089 755 non
1109 690 1310 769 immediate,

223 790 282 854 sed
313 789 455 868 mediate
476 789 497 853 i.
520 809 546 853 e.
579 789 674 853 bonis
709 789 878 872 operibus,
915 810 1000 872 quae
1033 789 1160 855 divinae
1193 790 1312 856 Matris
1383 867 1384 884 χ

223 887 455 953 interventioni
474 886 637 965 debemus,
650 886 814 969 perfectis,
827 887 870 952 ad
886 875 1197 971 praedestinationis
1213 887 1312 954 finem

225 986 324 1050 ducit.
362 986 469 1063 Quare
492 984 620 1049 devotio
638 984 787 1051 Mariana
804 993 929 1051 tessera
950 987 1111 1070 quaedam
1133 988 1310 1071 singularis

225 1086 438 1170 protectionis
461 1084 586 1149 devotis
608 1085 674 1150 suis
703 1084 867 1151 affuturae
885 1087 960 1169 jure
980 1086 1098 1150 merito
1121 1086 1247 1151 dieitur
1268 1094 1308 1164 et,

225 1191 384 1268 quantum
405 1190 455 1249 est
474 1205 513 1247 ex
530 1190 625 1266 parte
647 1207 671 1248 s.
691 1185 853 1268 Deiparae
876 1185 974 1250 sicuti
995 1185 1108 1249 auxilii
1126 1207 1187 1267 per
1205 1185 1311 1268 ipsam

225 1285 343 1363 oblati,
376 1284 553 1366 plurimum
584 1283 628 1347 ad
658 1283 799 1348 salutem
830 1284 926 1348 valet.
969 1283 1038 1347 Nee
1069 1283 1190 1348 mirum
1223 1304 1310 1366 ergo,

224 1382 313 1466 quod
340 1380 618 1446 consentientibus
647 1403 687 1446 ss.
709 1375 862 1446 Patribu's
892 1381 1097 1446 devotionem
1125 1381 1218 1446 illam
1242 1402 1311 1446 non

224 1480 387 1560 infimum,
417 1480 475 1545 sed
496 1479 658 1562 singulare
680 1501 813 1561 prorsus
836 1480 1107 1549 nominaverimus
1129 1479 1312 1562 praedesti·
1383 1503 1384 1546 3

225 1580 368 1667 nationis
390 1580 527 1662 signum.
537 1579 560 1660 1)
593 1619 595 1624 -

288 1678 400 1760 ,Siout
433 1677 588 1742 continua
620 1676 802 1758 respiratio,
838 1677 947 1760 inquit
982 1700 1006 1741 s.
1041 1678 1311 1757 Germanus‚²)

227 1799 292 1842 non
315 1777 420 1842 solum
442 1783 491 1840 est
513 1775 640 1858 signum
661 1775 757 1853 vitae,
780 1775 837 1840 sed
860 1776 960 1840 etiam
982 1797 1094 1854 eausa3
1124 1776 1171 1840 sie
1194 1797 1219 1840 s.
1244 1775 1313 1839 Ma-

226 1877 294 1940 riae
315 1897 442 1954 nomen,
471 1875 560 1958 quod
580 1874 615 1938 in
638 1895 803 1942 servorum
825 1897 881 1940 ore
903 1881 1064 1954 versatur,
1095 1875 1193 1939 simul
1217 1897 1313 1958 argu·

226 1981 372 2039 mentum
394 1981 458 2051 est,
489 1973 576 2056 quod
597 1995 671 2037 vere
700 1973 826 2052 vivant,
855 1974 953 2038 simul
981 1974 1082 2038 etiam
1102 1973 1188 2038 hane
1210 1974 1313 2038 vitam

227 2073 325 2139 efficit
346 2080 379 2138 et
407 2079 591 2150 conservat,
622 2093 814 2155 omnemque
844 2072 890 2137 eis
921 2072 1083 2138 laetitiam
1112 2080 1145 2137 et
1174 2095 1312 2156 opema

228 2172 366 2236 Domino
384 2171 601 2253 impertitur.“
644 2172 969 2256 ,Quantumcumque
988 2173 1061 2256 quis
1078 2171 1181 2237 fuerit
1197 2195 1313 2256 peeca-

227 2277 288 2350 tor,
306 2270 481 2354 profitetur
499 2271 528 2336 d.
547 2271 777 2354 Hilarius,³)
798 2271 826 2336 si
836 2271 961 2336 Mariae
979 2271 1115 2337 devotus
1135 2273 1312 2350 exstiterit,

226 2392 393 2454 nunquam
414 2371 448 2434 in
469 2377 639 2435 aeternum
656 2370 808 2453 peribit.“
852 2371 883 2436 S.
905 2371 1106 2454 Ephrem4)
1128 2393 1194 2436 non
1218 2371 1313 2436 dubi-

227 2474 287 2549 tat,
310 2469 515 2535 devotionem
538 2490 614 2554 erga
641 2468 672 2533 b.
695 2469 862 2552 Virginem
883 2491 999 2536 vocare
1021 2470 1191 2552 ,chartam
1213 2471 1312 2536 liber·
1383 2539 1384 2544 ,

226 2569 327 2635 tatis“
353 2569 522 2652 ipsamque
550 2569 857 2652 ,patrociuatricem
886 2569 1145 2634 damnatorum.“
1188 2571 1312 2652 ,Sicut

228 2691 246 2733 o
265 2667 469 2747 Beatissima,
493 2670 595 2733 omnis
613 2691 634 2734 a
651 2676 685 2734 te
704 2691 836 2734 aversus
855 2675 889 2734 et
908 2668 1080 2752 despectus
1098 2689 1233 2734 neeesse
1253 2678 1311 2746 est,

228 2775 267 2834 ut
287 2769 438 2846 intereat,
458 2773 602 2833 testatur
623 2790 647 2832 s.
667 2769 922 2850 Anselmus,⁵)
943 2769 992 2832 ita
1013 2768 1117 2832 omnis
1139 2790 1160 2833 a
1181 2775 1216 2833 te
1239 2791 1312 2833 eon·
1383 2841 1384 2848 ἵ

228 2890 339 2933 versus
363 2875 492 2933 etate
513 2873 690 2951 respectus,
713 2865 913 2950 impossibile
936 2871 995 2945 est,
1017 2873 1057 2930 ut
1076 2869 1224 2949 pereatf‘

290 2967 487 3051 Perpulchre
510 2975 544 3032 et
565 2965 733 3049 eleganter
762 2964 986 3030 Mellifluus
1015 2966 1099 3030 hano
1121 2967 1310 3048 ,mulierem

228 3066 368 3131 fortem“
401 3072 570 3149 comparat
601 3087 676 3130 eum
708 3087 785 3130 area
811 3064 958 3130 Noetioa.
1011 3066 1117 3146 ,Area
1144 3065 1231 3146 Noe,
1264 3067 1311 3130 in-

229 3166 310 3250 quit,
320 3167 346 3246 6)
382 3164 576 3248 significavit
607 3185 716 3228 aream
748 3164 890 3246 gratiae,
929 3164 1156 3229 excellentiam
1188 3165 1311 3230 seilicet

229 3264 370 3329 Mariae:
402 3264 486 3328 sicut
508 3265 593 3328 enim
614 3263 785 3347 perillam
810 3284 920 3328 omnes
948 3271 1122 3338 evaserunt
1143 3264 1309 3342 diluvium,

230 3367 276 3430 sio
307 3385 367 3447 per
399 3365 496 3428 istam
519 3365 657 3448 peceati
687 3362 903 3446 naufragium.
953 3364 1048 3428 Illam
1076 3363 1162 3442 Noe,
1196 3371 1234 3430 ut
1264 3364 1310 3428 di-

229 3464 353 3529 luvium
374 3463 543 3541 evaderet,
572 3462 761 3541 fabricavit,
791 3462 888 3526 istam
909 3462 1071 3541 Christus,
1100 3463 1157 3546 qui
1179 3469 1229 3528 est
1247 3457 1310 3545 pax

229 3571 343 3629 nostra
372 3570 405 3628 et
432 3565 578 3646 requies,
614 3569 653 3628 ut
680 3562 858 3626 humanum
891 3584 993 3644 genus
1021 3561 1213 3641 redimeret,
1249 3561 1308 3624 sibi

297 3811 317 3875 ¹)
341 3810 395 3865 Glr.
418 3809 587 3878 Anthologia
610 3810 737 3863 Mariana
764 3813 877 3862 auctore
900 3807 1024 3862 Pauwels
1048 3808 1097 3862 lib.
1123 3807 1144 3870 l,
1171 3825 1232 3877 pag.
1253 3809 1310 3860 244.

229 3893 251 3956 ²)
269 3891 345 3945 Oret.
363 3891 398 3944 de
415 3891 553 3959 Deipera„
579 3895 600 3957 ³)
618 3892 650 3944 ln
668 3891 767 3945 Metth.
785 3907 828 3960 ep.
849 3891 909 3946 llll.
947 3892 970 3958 ⁴)
989 3891 1064 3946 Orat.
1082 3891 1117 3945 de
1135 3891 1208 3946 laud.
1224 3889 1309 3943 Meris

230 3971 308 4039 Virg.
342 3971 363 4037 ⁶)
381 3971 472 4040 Alloq.
490 3973 558 4028 coel.
576 3991 602 4028 n.
620 3976 661 4028 27.
688 3974 716 4038 ·“)
735 3972 821 4028 Serm.
839 3973 874 4028 de
891 3975 921 4029 Β.
940 3974 978 4028 M.
996 3973 1028 4030 V.
1045 3979 1111 4028 tom.
1131 3972 1166 4028 ΙΙ.
