2718 4556
554 319 622 418 ¹aaa

65 537 240 598 magnopere
268 516 483 582 laborandum
511 523 570 596 est,
600 523 638 582 ut
664 537 736 582 eam
763 539 938 601 purgemus
967 519 1008 584 ab
1038 522 1126 586 omni

64 615 159 679 viti0.“
230 639 231 644 ¹

115 713 155 779 At
175 715 235 780 hoc
257 714 517 780 falsissimum
540 735 624 780 esse
646 721 740 798 patet
804 735 806 740 ’

116 839 143 878 α.
175 835 214 878 ex
243 834 297 893 eo,
330 813 419 897 quod
447 814 588 898 Angelus
616 820 747 879 tantum
774 814 876 894 absit,
908 822 947 880 ut
977 837 1049 880 eam
1076 838 1127 881 re·

62 913 240 992 prehendat,
270 920 309 980 ut
331 935 403 978 eam
429 914 469 978 de
491 915 603 992 modo,
634 935 730 998 quem
750 913 953 996 postulabat,
984 915 1128 979 suaviter

61 1009 196 1077 instruat.
235 1011 342 1078 Affert
363 1012 494 1095 quidem
513 1013 654 1096 Angelus
676 1018 870 1095 argumenta
890 1012 1009 1092 dicens,
1033 1035 1127 1095 „non

62 1130 135 1175 esse
164 1112 415 1195 impossibile
447 1112 550 1195 apud
583 1112 704 1176 Deum
739 1132 848 1176 omne
880 1111 1060 1176 verbum“
1094 1119 1128 1177 et

61 1207 151 1290 ipsam
171 1210 395 1277 Elisabetham
421 1210 455 1274 in
477 1217 646 1274 senectute
669 1211 870 1293 concepisse;
900 1212 958 1276 sed
978 1211 1039 1277 hoc
1061 1233 1127 1276 non

9 1373 10 1376 ,
61 1306 142 1388 fecit,
171 1315 209 1374 ut
236 1309 268 1373 b.
295 1310 394 1392 Virgo
424 1308 487 1373 sibi
514 1309 743 1391 persuaderet,
774 1331 857 1392 quae
887 1299 1125 1389 nuntiarentur,

61 1407 183 1472 veritate
205 1407 353 1488 fundari,
383 1407 440 1472 sed
460 1409 585 1491 potius,
607 1415 645 1473 ut
665 1407 746 1473 fides
767 1409 874 1474 animo
896 1417 1054 1493 concepta
1074 1432 1127 1474 va·

60 1503 145 1570 lidius
166 1507 422 1592 confirmaretur.
466 1507 518 1572 lta
546 1508 631 1570 enim
660 1509 789 1590 saepius
810 1509 845 1573 in
873 1530 897 1572 e.
919 1508 1039 1587 literis,
1070 1508 1128 1572 ubi
1204 1534 1207 1544 ¹

59 1601 152 1670 factae
173 1606 298 1671 fuerint
319 1606 504 1672 hominibus
526 1607 763 1689 promissiones,
783 1608 875 1690 signa
896 1607 1126 1690 adjunguntur,

60 1723 114 1766 non
140 1706 227 1788 quod
249 1705 484 1785 dubitaverint,
515 1706 573 1770 sed
600 1706 642 1771 ad
671 1707 772 1789 magis
800 1706 1017 1771 roborandam
1045 1707 1128 1771 veri-

60 1806 158 1866 tatem.
201 1804 305 1868 Isaiae
333 1828 360 1869 v.
383 1827 411 1888 g.
434 1804 596 1887 propheta
617 1804 775 1869 Ezechiae
803 1805 873 1887 regi
900 1805 1128 1871 liberationem

61 1899 95 1962 ab
114 1901 317 1967 inimicorum
338 1904 502 1986 promittit
532 1904 677 1968 exercitu
706 1910 739 1968 et
767 1898 877 1968 tamen
905 1904 1038 1968 additur
1064 1905 1128 1987 ipsi

62 1998 196 2065 credenti
225 2001 360 2084 signum.
409 2003 461 2068 Ita
493 2003 593 2067 etiam
620 2003 763 2085 Angelus
792 2002 978 2085 pastoribus
1007 2002 1129 2068 Christi

59 2099 255 2166 nativitatem
276 2103 431 2167 nuntians
453 2103 545 2167 dedit
566 2103 709 2186 signum,
739 2103 884 2186 quamvis
913 2102 962 2166 illi
989 2103 1128 2168 nullate-

60 2218 111 2262 nus
131 2200 354 2268 dubitaverint
374 2202 414 2267 de
436 2224 471 2266 re
492 2201 644 2266 indicata.

110 2298 315 2383 Proponebat
341 2300 483 2384 Angelus
512 2301 542 2364 b.
572 2300 699 2383 Virgini
727 2306 924 2382 conceptum,
946 2300 1040 2381 longe
1069 2299 1128 2363 mi·
1156 2356 1159 2361 .

58 2417 158 2463 norem
183 2406 341 2483 conceptu
368 2401 417 2465 illi
445 2401 654 2480 annuntiato,
683 2400 781 2466 utin
809 2399 919 2482 aliquo
948 2399 1047 2464 simili
1074 2420 1128 2463 ex·

58 2495 185 2575 plicaret
214 2500 419 2582 mysterium,
449 2505 487 2564 ut
514 2500 708 2564 miraculum
736 2499 892 2564 miraculo
920 2497 1127 2562 accumulans

59 2596 202 2675 gaudium
235 2598 353 2681 gaudio
382 2598 574 2680 adjungeret
606 2604 705 2682 atque
735 2598 784 2662 ita
804 2598 866 2662 hoe
892 2618 974 2662 novo
1008 2597 1127 2679 gaudio

58 2697 148 2777 magis
171 2697 290 2762 idonea
311 2697 505 2762 redderetur
533 2697 575 2761 ad
596 2696 816 2780 recipiendam
844 2694 1019 2760 ineffabilis
1040 2694 1128 2759 illiue

59 2791 237 2874 dulcedinis
261 2819 359 2879 quam
380 2796 539 2860 adventus
559 2795 620 2860 filii
641 2796 703 2861 Dei
725 2801 797 2860 erat
817 2795 987 2872 allaturae,
1010 2794 1128 2858 redum·
1255 2815 1256 2818 ’

59 2890 202 2958 dentiam.
253 2896 378 2978 „Simul
405 2901 516 2960 autem
544 2896 702 2978 AngeluS‚
734 2895 830 2960 docet
857 2894 1002 2971 EstiuS,
1014 2894 1037 2975 1)
1066 2892 1127 2957 hoe

57 2993 163 3058 nuntio
196 3001 354 3078 cognatae
386 2995 630 3077 impraegnatae
667 2993 771 3058 voluit
807 2993 837 3056 b.
869 2992 1037 3076 Virginem
1075 3013 1128 3056 ex·

58 3088 202 3172 hilar'are,
232 3094 319 3176 quod
340 3094 499 3158 bonorum
521 3094 719 3176 Angelorum
747 3099 798 3158 est
820 3098 853 3156 et
874 3091 1076 3156 occasionem
1098 3091 1128 3155 ei
1158 3139 1161 3148 .

58 3187 127 3254 dare
155 3193 232 3256 boni
261 3193 369 3276 operis
400 3192 526 3256 scilicet
553 3198 725 3275 cognatam
753 3190 920 3268 visitandi,
954 3190 1127 3270 salutandi,

59 3291 297 3372 congratulandi
319 3299 352 3356 et
373 3291 578 3374 adjuvandi.“

114 3397 143 3471 β.
182 3391 325 3474 Angelus
361 3390 391 3454 b.
425 3390 591 3471 Virginem
627 3389 764 3454 salutat:
804 3388 964 3470 „Gratia
1001 3386 1126 3468 plena,

59 3485 236 3554 Dominus
265 3496 409 3566 tecum,
438 3488 652 3553 benedicta
680 3487 720 3551 in
747 3487 1020 3563 mulieribus‚“
1051 3485 1128 3550 dum

58 3585 217 3654 Elisabeth
246 3589 371 3670 Spiritu
401 3594 512 3652 sancto
542 3586 640 3670 plena
672 3608 744 3650 eam
772 3593 907 3669 propter
934 3584 1031 3648 fidem
1059 3583 1128 3648 lau·

59 3684 145 3752 dibus
166 3688 326 3754 illustrat:
349 3689 507 3769 „Beata
531 3707 628 3768 quae
651 3685 895 3750 credidisti.“
909 3682 1127 3760 -Quomodo

58 3803 127 3868 ergo
148 3809 170 3852 s.
194 3788 337 3870 Deipara
357 3785 519 3850 nominari
539 3785 663 3867 poterit
685 3783 873 3848 incredula?

60 3927 246 3940 Ἢ

113 4002 137 4069 ι)
154 3961 187 4058 ιζ
202 4003 229 4057 ι.
246 4002 264 4056 ι.
