2782 4554
788 327 850 386 490

273 487 418 572 pultum,
448 486 566 552 deinde
588 508 662 552 cum
682 484 894 552 multitudine
916 484 1106 569 angelorum
1126 483 1191 550 fuit
1211 505 1333 568 assnmp

274 594 344 653 tum
365 587 400 652 in
421 585 578 652 coelum.“

336 724 364 783 4.
397 718 433 782 Β.
461 717 560 800 Virgo
592 725 682 800 post
710 719 889 784 triduum
920 718 1036 782 mortis
1065 718 1099 782 in
1128 739 1259 801 corpore
1284 718 1333 782 init

272 824 442 901 assumpta
459 817 555 900 juxta
576 818 774 882 sententiam
800 838 1053 896 communem,
1084 839 1182 900 quam
1209 825 1332 882 recenset

271 916 511 999 Nicephorus1)
535 937 574 980 ex
594 915 769 994 luvenalis,
792 916 1037 999 Archiepiscopi
1058 916 1332 999 Hierosolymitani

272 1015 411 1080 historia
433 1021 589 1098 tenetque
610 1015 698 1079 inter
725 1015 807 1080 alios
835 1037 859 1080 s.
881 1015 901 1080 J
908 1036 1055 1080 oannes
1079 1016 1331 1081 Damascenns.

273 1114 367 1197 „Non
398 1114 588 1198 oportebat,
625 1115 749 1198 inquit,
763 1117 788 1197 ²)
825 1114 907 1179 illud
943 1114 1088 1179 divinum
1122 1114 1331 1188 habitaculum,

273 1214 367 1278 illum
400 1213 540 1292 iontem,
582 1214 638 1297 qui
674 1213 839 1278 exhauriri
874 1235 939 1278 non
965 1220 1098 1297 potest,
1140 1218 1281 1279 coercere
1309 1213 1333 1275 in

260 1313 347 1379 sinu
375 1320 500 1394 terrae3
533 1313 591 1378 sed
620 1313 795 1396 quomodo,
827 1313 924 1396 quod¹
943 1335 983 1376 ex
1012 1334 1051 1377 ea
1078 1313 1228 1378 constitit
1253 1311 1333 1378 Verbi

275 1411 337 1476 Dei
367 1433 484 1494 corpus
514 1419 547 1477 et
574 1413 739 1495 integrum
771 1419 805 1477 et
833 1405 983 1477 interitui
1011 1411 1143 1476 minime
1173 1411 1332 1486 obnoxium,

272 1511 373 1575 tertio
406 1509 459 1575 die
487 1512 665 1576 resurrexit
698 1533 737 1575 ex
765 1517 991 1589 monument03
1024 1510 1072 1574 ita
1100 1510 1201 1576 etiam
1230 1510 1334 1593 eripie

274 1609 422 1693 sepulcro
456 1609 608 1688 decebat,
643 1616 676 1674 et
704 1616 842 1674 matrem
874 1608 1047 1674 transferri
1079 1608 1121 1672 ad
1154 1609 1262 1673 filium.
1303 1607 1334 1670 Et

274 1709 435 1793 quomodo
464 1710 533 1793 ipse
563 1709 605 1773 ad
628 1730 699 1772 eam
728 1708 911 1787 descendit,
940 1709 987 1772 sic
1016 1707 1116 1773 etiam
1146 1729 1218 1772 eam
1237 1706 1281 1772 illi
1299 1706 1335 1769 di-

273 1806 483 1873 lectissimam
513 1807 554 1873 ad
575 1809 681 1890 ipsum
710 1807 825 1872 extolli
851 1808 886 1872 in
914 1807 1018 1890 majus
1047 1813 1081 1872 et
1102 1807 1276 1890 perfectius
1298 1813 1335 1868 ta-

272 1907 493 1972 bernaculum.
537 1906 635 1972 Certe
661 1928 727 1971 non
752 1907 871 1971 minori
899 1906 1005 1989 spatio
1036 1927 1112 1970 caro
1142 1906 1213 1989 ejus
1240 1905 1335 1969 relicta

272 2004 456 2070 videtur'in
477 2005 640 2089 sepulcro,
672 2027 769 2089 quam
790 2028 866 2071 caro
888 2005 948 2069 filii
970 2005 1040 2083 Dei,
1071 2004 1128 2070 sed
1150 2026 1210 2070 nec
1231 2003 1335 2068 diutius

272 2125 441 2170 remanere
463 2104 608 2169 debuit.“

334 2237 458 2302 Eadem
493 2237 595 2302 tradit
631 2237 797 2302 Azorius
833 2236 1029 2318 scribens:³)
1064 2235 1270 2317 „Communis
1299 2240 1336 2296 est

273 2337 444 2415 sententia,
475 2338 666 2401 suscitatam
694 2358 714 2400 a
735 2336 872 2400 mortuis
899 2355 970 2398 eam
991 2333 1092 2399 fuisse
1120 2339 1154 2397 et
1175 2333 1210 2396 in
1230 2331 1336 2397 coelun

273 2433 495 2498 introductam
516 2435 615 2500 tertio
645 2435 685 2500 ab
716 2434 809 2503 obitu
838 2433 906 2512 die,
936 2439 974 2497 ut
995 2433 1042 2498 sic
1071 2439 1253 2510 constaret,
1280 2450 1336 2494 ean

273 2553 347 2596 vere
369 2532 488 2598 obiisse
517 2540 551 2598 et
571 2533 654 2598 Filio
675 2540 751 2617 post
771 2533 918 2598 triduum
945 2553 985 2596 ex
1005 2532 1143 2597 mortuis
1172 2527 1337 2621 resurgenti

273 2630 411 2694 similem
428 2631 559 2697 fuisse.“
598 2632 713 2716 Neque
735 2632 832 2698 aliter
849 2632 1029 2716 loquuntur
1045 2631 1242 2714 Kosterns‚⁴)
1264 2627 1337 2695 Chri·

272 2730 447 2813 stophorus
480 2731 519 2796 de
553 2731 715 2814 Castro‚⁵)
750 2731 892 2797 Jacobus
925 2731 1110 2814 Canisiusl)
1148 2738 1182 2796 et
1212 2731 1336 2796 Suarez

273 2829 497 2913 existimans⁷)
518 2830 773 2914 probabiliorem
795 2831 1015 2914 conjecturam
1037 2852 1158 2909 eorum,
1179 2831 1237 2913 qui
1255 2826 1335 2893 tertio

273 2929 314 2993 ab
337 2928 430 2994 obitu
452 2929 504 2994 die
525 2929 555 2994 b.
568 2929 733 3014 Virginem
756 2929 910 2994 revixisse
928 2928 1050 2994 dicunt.
1091 2928 1153 2993 Cui
1173 2927 1334 2993 sententiae

272 3027 466 3112 subscripsit
501 3029 690 3112 Synodus
721 3024 1121 3110 'Hierosolymitana
1157 3049 1242 3091 anno
1274 3027 1334 3089 iou

272 3133 388 3191 contra
426 3127 620 3193 Calvinistas
659 3127 774 3193 habita
812 3127 901 3192 hisce
924 3126 1063 3204 ¹verbis:
1076 3127 1103 3209 ⁸)
1148 3126 1244 3210 „Ipsa
1279 3142 1335 3188 cun

272 3247 409 3309 corpore
430 3235 597 3311 assumpta
625 3234 676 3292 est
697 3227 731 3292 in
752 3227 887 3308 coelum.
930 3227 974 3290 Et
995 3226 1141 3309 quamvis
1169 3225 1334 3291 conclusum

272 3324 421 3407 sepulcro
443 3323 545 3391 fuerit
566 3325 811 3390 immaculatum
832 3324 976 3407 corporis
999 3325 1068 3408 ejus
1089 3323 1333 3390 tabernaculum:

338 3557 358 3624 ¹)
376 3557 444 3613 Hist.
467 3557 535 3611 eccl.
553 3557 600 3610 lib.
620 3556 655 3620 ll,
673 3572 716 3624 cp.
733 3558 773 3609 23.
815 3557 836 3623 ²)
855 3556 931 3610 Orat.
950 3556 985 3621 ll,
1008 3555 1043 3608 de
1062 3558 1203 3624 Assumpt
1243 3551 1334 3621 ⁵)11.t·

269 3657 298 3708 p.
316 3639 352 3704 ll,
369 3639 417 3693 lib.
436 3639 457 3703 l,
480 3657 523 3707 cp.
540 3643 580 3694 20.
623 3639 645 3706 4)
662 3638 693 3693 L.
712 3655 735 3692 o.
754 3638 826 3694 med.
848 3637 988 3692 xxxuv.
1028 3639 1050 3706 ⁶)
1066 3639 1138 3693 ssiat.
1156 3639 1284 3707 Deipnrae
1302 3649 1332 3699 cp.

272 3721 373 3775 xxiv.
413 3722 436 3789 θ)
460 3721 589 3776 Meditat.
613 3739 638 3790 p.
664 3721 711 3786 lV,
737 3719 760 3788 5.
784 3724 829 3788 553
854 3720 927 3788 apud
953 3720 1153 3774 Kolvenerinm
1177 3722 1195 3775 l.
1220 3737 1243 3774 o.
1264 3736 1287 3786 p.
1305 3714 1332 3774 ll

266 3819 334 3870 pag.
349 3805 408 3856 ¹134.
450 3804 470 3871 l)
490 3804 521 3859 ln
540 3803 589 3870 ΙΙΙ,
611 3821 637 3872 p.
658 3808 725 3858 tom.
744 3803 778 3866 ΙΙ,
802 3802 864 3871 disp
891 3801 964 3868 XXI,
988 3809 1054 3857 sect.
1071 3805 1095 3858 2.
1138 3805 1159 3869 ΙΙ)
1178 3804 1221 3856 Ex
1240 3796 1333 3854 homilis

271 3903 292 3939 s.
309 3885 406 3952 cyrilti
427 3886 457 3938 in
479 3886 681 3940 Dormitionem
699 3887 826 3956 virginis
841 3885 978 3954 Deiparae
999 3886 1073 3955 apud
1092 3885 1260 3940 Harduinnm
1281 3889 1332 3936 tom·

272 3967 321 4032 XI,
338 3967 421 4021 Cone.
439 3985 502 4038 pag.
520 3971 580 4037 1993
599 3969 650 4024 cfr.
668 3970 805 4024 Sandinus
821 3970 840 4024 l.
858 3986 881 4023 c.
899 3986 961 4038 pag.
978 3971 1036 4024 403.
