2718 4556
770 270 830 383 aa

655 499 839 565 Sentent.
868 498 944 563 III:

177 669 178 674 ’
258 649 290 716 S.
319 649 475 733 Joseph
502 647 612 713 nihil
640 646 740 712 mali
768 648 814 712 de
844 646 873 711 b.
901 646 1067 730 Virgine
1098 645 1314 730 suspicatus

299 754 379 828 est3
402 747 537 813 latuit
558 768 647 812 eum
668 747 957 812 tantummodo
979 746 1285 812 lucarnatiouis

339 846 586 930 mysterium
616 853 656 911 et
682 867 765 910 rem
791 846 1065 911 concredidit
1091 845 1252 910 divinae

641 943 952 1027 providentiae.

320 1094 523 1160 Sententiam
543 1093 627 1158 hanc
650 1095 918 1172 communiorem,
950 1094 1037 1158 inter
1058 1094 1140 1158 duas
1170 1093 1246 1158 alias
1264 1111 1314 1155 me·

256 1193 348 1258 dium
373 1199 540 1258 tenentem
569 1198 603 1258 et
623 1199 796 1277 utramque
823 1201 1046 1277 respuentem,
1077 1193 1225 1277 sequitur
1248 1192 1315 1255 inter

256 1292 339 1357 alios
368 1293 398 1356 d.
420 1292 705 1375 Hieronymus.
721 1295 745 1375 1)
788 1293 857 1359 Sibi
880 1294 966 1358 enim
987 1293 1159 1376 objiciens:
1188 1292 1240 1375 ,Si
1258 1289 1313 1374 quis

255 1391 451 1455 fornicariae
473 1391 696 1474 conjungitur,
719 1414 820 1455 unum
841 1414 958 1475 corpus
981 1391 1145 1470 efficitur,
1158 1398 1192 1456 et
1210 1391 1242 1454 iu
1259 1390 1313 1470 lege

256 1497 469 1574 praeceptum
501 1496 566 1568 est,
605 1512 671 1555 non
705 1491 809 1555 solum
841 1513 930 1570 reos,
971 1492 1028 1556 sed
1060 1491 1162 1556 etiam
1193 1488 1313 1554 conscios

257 1590 401 1654 criminis
434 1590 590 1654 obnoxios
623 1610 693 1654 esse
721 1590 885 1673 peccati,“
919 1591 1097 1674 quomodo,
1130 1589 1248 1672 inquit,
1272 1587 1313 1651 Jo-

255 1689 390 1771 scphus,
423 1710 523 1771 quum
551 1688 672 1752 crimen
701 1689 823 1754 celaret
850 1691 977 1768 uxoris,
1003 1691 1113 1772 justus
1141 1684 1312 1753 scribitur

255 1787 307 1851 Ad
336 1787 423 1869 quod
451 1787 642 1870 respondet:
676 1787 762 1870 ,Sed
789 1789 850 1852 hoc
878 1789 1102 1854 testimonium
1123 1787 1242 1853 Mariae
1267 1791 1311 1858 est,

256 1887 344 1969 quod
363 1886 524 1969 Joscphus
547 1887 652 1950 sciens
673 1887 761 1952 illius
783 1888 970 1953 castitatem
992 1895 1026 1953 et
1047 1888 1223 1965 admirans,
1244 1881 1312 1968 quod

254 1992 417 2064 evenerat,
440 1986 527 2050 celat
548 1986 687 2064 silentio,
710 1987 802 2070 cujus
824 1987 1014 2070 mysterium
1035 1987 1230 2052 nesciebat.“

315 2085 388 2153 Huc
409 2090 538 2168 spectat
559 2105 688 2168 quoque
710 2086 934 2150 testimonium
959 2086 1166 2151 Authoris
1193 2083 1311 2167 operis

254 2183 506 2266 imperfecti.
558 2185 738 2266 „Quoniam
766 2185 892 2250 auditio
918 2185 1092 2250 verborum
1120 2185 1252 2261 Mariae,
1277 2181 1311 2245 in·

254 2282 335 2365 quit,
346 2283 371 2364 2)
404 2289 438 2347 et
466 2283 682 2348 consideratio
711 2284 797 2348 vitae
827 2285 896 2367 ejus
924 2283 1010 2349 mala
1038 2285 1199 2367 suspicari
1225 2283 1260 2347 de
1285 2299 1312 2343 ea

254 2402 320 2445 non
348 2381 478 2447 sinebat
504 2382 698 2465 Joscphum:
727 2382 945 2447 consideratio
974 2388 1085 2447 autem
1114 2378 1311 2465 conceptionis

255 2480 324 2562 ejus
345 2501 411 2543 non
431 2480 656 2563 permittebat,
676 2503 750 2546 eum
771 2481 814 2546 ad
836 2481 970 2564 plenum
989 2481 1076 2547 bona
1096 2482 1265 2547 aestimare
1282 2477 1310 2540 de

254 2598 308 2642 ea:
339 2583 372 2642 et
394 2579 440 2642 sic
461 2579 588 2644 animus
617 2581 685 2662 ejus
707 2581 972 2663 interutrasque
994 2588 1105 2664 partes
1134 2579 1309 2646 fluctuabat:

254 2682 289 2742 et
316 2684 429 2742 tenere
463 2700 534 2743 eam
563 2680 715 2759 timebat,
750 2686 784 2745 et
811 2681 943 2745 tradere
976 2701 1048 2745 eam
1080 2701 1147 2744 non
1181 2678 1309 2750 audebat,

252 2782 389 2859 propter
409 2777 470 2842 hoc
499 2779 682 2844 necessaria
709 2778 775 2843 fuit
802 2778 957 2844 revelatio
987 2778 1127 2844 divina.“
1171 2779 1217 2861 ,0
1242 2777 1310 2840 inae

253 2875 427 2941 stimabilis
448 2877 573 2942 Mariae
594 2878 675 2956 laus,
698 2878 860 2942 exclamat
878 2878 966 2942 idem
987 2878 1107 2942 author
1128 2878 1148 2942 1.
1165 2879 1205 2942 c.!
1226 2872 1308 2955 Magis

252 2974 409 3040 credebat
435 2976 473 3058 (s.
496 2976 630 3058 loseph)
654 2975 800 3040 castitati
822 2976 906 3058 ejus,
937 2997 1035 3059 quam
1062 2983 1158 3041 utero
1181 2973 1307 3057 Virginis,

252 3073 325 3156 plus
347 3073 487 3156 gratiae,
518 3096 615 3157 quam
636 3081 791 3153 naturae3
822 3076 1067 3158 conceptionem
1094 3075 1259 3140 manifeste
1276 3069 1308 3132 ri-

251 3171 360 3250 debat,
384 3179 417 3238 et
440 3172 690 3239 fornicationem
711 3173 871 3256 suspicari
890 3195 955 3238 non
976 3181 1123 3256 poterat3
1145 3171 1307 3258 possibilius

253 3291 323 3335 esse
344 3272 513 3351 credebat,
537 3273 705 3337 mulierem
727 3273 796 3336 sine
819 3272 888 3336 viro
910 3294 1005 3355 posse
1026 3274 1208 3357 concipere,
1230 3288 1307 3355 quan

252 3368 390 3433 Mariam
410 3392 505 3452 posse
526 3373 692 3455 peccare.“
725 3371 840 3454 Neque
862 3371 960 3436 aliter
978 3371 1127 3455 loquitur
1147 3395 1171 3438 s.
1189 3373 1306 3436 Petrus

251 3466 572 3553 chrysologusc)
611 3473 775 3554 ,Sponsus
808 3471 887 3554 quid
918 3471 1042 3536 faceret
1074 3472 1117 3536 ad
1147 3472 1228 3537 ista?
1261 3468 1307 3530 Ac·

250 3573 381 3632 cusaret
413 3569 453 3633 de
486 3571 642 3635 crimine?
682 3570 747 3636 Sed
779 3577 852 3635 erat
882 3571 951 3653 ipse
988 3571 1193 3636 innocentiae
1221 3565 1305 3633 testis.

251 3666 388 3749 Culpam
417 3667 563 3734 diceret?
596 3669 660 3735 Sed
682 3676 753 3734 erat
774 3669 844 3753 ipse
873 3675 983 3734 custos
1004 3670 1149 3753 pudoris.
1191 3668 1305 3749 urgeret

249 3766 471 3830 adulterium?
511 3768 575 3833 Sed
608 3773 680 3832 erat
710 3768 781 3851 ipse
813 3768 1010 3852 virginitatis
1042 3776 1191 3834 assertor.
1239 3758 1307 3841 Quid

317 3964 337 4025 ¹)
356 3963 419 4034 Sup.
437 3965 536 4021 Matth.
555 3982 598 4034 cp.
617 3966 638 4021 l.
671 3967 692 4033 ²)
710 3967 742 4020 ln
761 3966 860 4022 Matth.
877 3967 949 4022 hom.
968 3967 988 4022 l.
1023 3967 1217 4033 ⁸)Serm.145.
