2726 4560
556 364 594 422 59

48 523 218 603 potentiam
239 521 421 604 proximam
440 522 614 604 peccandi,
646 543 730 606 quaa
757 544 822 588 non
841 524 905 588 niri
926 525 961 589 in
981 525 1113 591 defectu

47 619 128 684 liberi
148 620 281 685 arbitrii
302 619 481 686 subsistit.“
535 663 540 674 ·

96 718 142 783 Ne
164 719 266 796 dicas,
287 719 371 783 hanc
393 720 691 802 impotentiam
712 723 917 802 peccandi
938 743 1004 787 non
1024 729 1111 787 stare

47 839 108 881 cum
133 817 344 882 libertate
366 818 408 882 ad
431 819 670 884 merendum
691 823 888 899 necessaria3
911 821 992 886 alias
1013 822 1112 886 etiam

47 916 162 980 Christo
198 937 239 980 ex
270 937 304 980 sc
332 917 536 998 impeccabili
568 939 661 982 omne
690 920 842 984 meritum
869 920 1029 1003 denegare
1057 920 1113 985 de·

47 1012 134 1078 heres.
176 1014 255 1078 Jam
282 1035 374 1092 vero,
406 1017 457 1080 uti
485 1016 606 1081 Christi
633 1017 785 1082 meritum
813 1018 906 1101 longe
935 1019 1112 1101 perfectius

47 1120 87 1175 est
105 1119 218 1178 nostro
240 1114 367 1192 merito,
390 1115 467 1197 quia
488 1116 590 1198 magis
616 1123 777 1180 remotum
798 1118 838 1181 ab
860 1117 1113 1201 imperfectioni-

46 1209 95 1275 bus
114 1214 285 1295 magisque
303 1214 372 1277 Dec
394 1214 543 1292 vicinum,
563 1215 611 1278 ita
633 1215 733 1280 etiam
751 1216 780 1280 b.
799 1217 943 1300 Virginis
958 1219 1112 1282 meritum

46 1318 143 1376 nostro
176 1313 299 1376 merito
329 1312 424 1394 longe
464 1313 674 1378 excellentius
713 1315 995 1394 considerandum,
1035 1317 1113 1399 quia

46 1410 145 1489 purius
165 1417 295 1475 estnec
314 1432 380 1474 non
397 1412 465 1476 Deo
484 1413 585 1494 magis
608 1413 824 1496 conjunctum.
857 1413 908 1477 Ad
926 1415 1114 1478 merendum

46 1528 130 1586 porro
152 1530 220 1573 non
242 1509 422 1591 requiritur
442 1509 577 1574 libertas
599 1510 682 1574 male
710 1511 842 1593 agendi,
871 1513 1022 1594 potentie
1041 1534 1115 1594 pec-

47 1607 147 1686 candi,
191 1629 292 1691 quam
331 1607 360 1670 d.
393 1606 530 1672 Thomas
571 1607 734 1674 deiectum
772 1617 806 1674 et
837 1610 1115 1693 imperfectionem

46 1705 237 1788 nominat‚¹)
278 1705 336 1770 sed
374 1705 490 1770 sufficit
529 1706 714 1772 libertas
756 1708 1112 1790 specificationis,

48 1801 140 1878 Quare
170 1806 296 1888 optime
324 1827 348 1868 s
378 1805 610 1871 Anselmus:
643 1806 864 1887 „Libertatem
892 1808 1036 1886 arbitrii,
1065 1808 1113 1870 in-

48 1904 115 1982 quit,
123 1905 148 1986 ²)
171 1927 240 1969 non
256 1910 336 1987 puto
356 1925 425 1970 esse
442 1906 624 1987 potentiam
641 1906 799 1989 peccandi
816 1913 850 1971 et
868 1927 933 1971 non
948 1905 1112 1988 peccandi,

48 2003 152 2085 quippe
187 2005 217 2067 si
247 2004 328 2068 haec
361 2010 447 2068 esset
479 2004 548 2086 ejus
579 2003 741 2083 definitio,
779 2027 837 2070 nec
869 2006 972 2082 Deus,
1007 2025 1113 2087 neque

47 2100 157 2183 Angeli,
178 2103 238 2186 qui
253 2123 388 2185 peccare
405 2110 581 2186 nequeunt,
598 2103 738 2168 liberum
755 2104 915 2168 haberent
932 2103 1112 2188 arbitrium,

49 2201 123 2279 quod
142 2201 238 2265 nefas
261 2209 313 2266 est
333 2202 471 2266 dicere.“
512 2203 626 2268 Stante
648 2224 724 2285 ergo
746 2203 776 2266 b.
793 2203 935 2286 Virginis
957 2203 1114 2285 impecca-

48 2295 163 2364 bilitate
187 2301 277 2365 salua
308 2300 452 2384 ejusdem
472 2308 583 2366 manet
610 2301 744 2367 libertas
773 2309 807 2366 et
828 2301 959 2386 quidem
979 2301 1113 2368 libertas

48 2395 82 2458 ed
100 2399 289 2464 merendum
310 2401 502 2464 necessaria.

532 2593 563 2676 5.
586 2589 619 2656 a.

205 2744 241 2808 B.
269 2744 395 2826 Virgo
425 2745 566 2809 caruit
593 2744 742 2809 fomite
769 2745 947 2826 peccati.

98 2890 253 2956 Justitiae
283 2892 449 2976 originalis
475 2893 614 2976 privatio
642 2891 794 2976 producit
822 2892 969 2956 fomitem
988 2891 1116 2975 peccati

49 2987 64 3048 i.
90 3011 114 3053 e.
142 3012 286 3074 pugnam
308 2991 404 3055 illam
433 3013 453 3055 a
481 2991 614 3056 doctore
643 2991 788 3074 gentium
816 2991 1116 3074 incomparabiliter

50 3085 251 3172 descriptam:
300 3089 419 3170 „Caro
459 3091 564 3154 enim
605 3091 873 3176 concupiscit
911 3089 1113 3154 adversus

49 3189 251 3276 spiritum,
281 3189 403 3273 inquit,
434 3191 617 3273 spiritus
644 3196 781 3254 autem
807 3188 1004 3253 adversus
1031 3209 1114 3254 car-

105 3423 123 3487 ¹)
140 3423 161 3476 1.
180 3441 205 3492 p.
223 3441 250 3491 q.
268 3421 361 3490 LXII,
383 3439 406 3476 a.
424 3424 448 3478 8.
485 3421 547 3488 „aie
564 3421 688 3492 ῧτείῄείΐ,
714 3423 812 3476 scribit
830 3439 887 3475 rev.
907 3422 991 3490 Epus.
1010 3419 1115 3474 Martia

49 3500 72 3552 iu
91 3520 172 3570 opere
195 3523 244 3559 suo
267 3504 388 3572 ssrbrburb
402 3505 454 3559 brt
474 3504 637 3572 iatbuiittbeu
654 3504 748 3561 ffltntul
765 3505 812 3560 IV.
829 3503 901 3568 butt.
919 3521 980 3574 pag.
1000 3503 1058 3567 132.
1085 3501 1115 3569 ut

50 3584 89 3638 but
104 3586 279 3656 mugetiubrrte
296 3587 354 3642 utar
372 3587 427 3654 buti)
453 3586 525 3654 buttt
543 3587 594 3642 triu
611 3587 798 3657 antetalius
815 3585 960 3659 {stubrruifi
976 3584 1115 3656 qrbuubrue

50 3664 191 3738 unusqu,
215 3669 258 3736 bd}
276 3668 348 3736 tottii
365 3673 413 3724 aut
430 3669 525 3739 riguum
542 3669 623 3737 {butt
640 3685 671 3738 uu
688 3670 829 3735 bittinum
846 3685 877 3737 au
894 3669 971 3726 riuum
989 3677 1040 3724 unu
1055 3667 1116 3736 auu

51 3748 100 3803 utet
114 3751 238 3818 nattum
255 3750 374 3807 sinuntur
395 3752 620 3824 rutururuurtrttru
643 3754 701 3809 utet
722 3752 778 3820 tnui)
796 3753 862 3820 uidit
879 3753 984 3823 augleitb
1002 3751 1049 3808 uuit
1066 3751 1116 3806 rtu=

51 3831 117 3887 uutet
136 3851 167 3902 pu
188 3834 375 3904 urreiuiqrubru
396 3833 510 3904 ffiiuqru,
535 3834 572 3890 bie
595 3834 638 3901 ou
661 3836 783 3891 rutturber
807 3834 1031 3901 tuuttuticturiiob,
1057 3832 1116 3889 utet

52 3919 141 3971 tuutrtt
158 3917 362 3990 mtquoruqrtebt,
388 3917 446 3973 utar
462 3917 505 3973 ta
521 3916 572 3972 uu
589 3918 648 3985 uuit
666 3926 716 3974 tou
740 3919 859 3974 rinuutm
875 3917 1022 3985 uettmirbeu
1038 3915 1113 3983 tut!

52 3997 69 4061 ²)
84 3997 119 4051 De
135 3999 184 4055 lib.
200 4001 282 4056 arbit.
300 4016 343 4069 cp.
361 4000 382 4054 1.
