2730 4564
552 389 609 449 147

109 581 134 617 α.
162 553 212 616 Ex
230 548 401 632 particulis
423 549 674 632 „antequam“
698 555 732 612 et
753 549 915 631 „donec“
937 551 1121 618 deducebat

55 649 275 727 haeresiarcha,
294 646 381 730 quod
398 645 503 710 Maria
519 653 552 711 et
568 646 690 734 Joseph
705 653 820 729 postea
836 649 1122 716 matrimonialiter

56 749 259 813 convenerint.
313 746 521 828 Evangelista
559 747 644 810 enim
676 768 741 810 non
774 747 914 827 diceret,
952 750 1119 832 arguebat,

55 853 284 930 ,antequam
318 845 638 923 convenirent,“
677 844 740 908 nisi
776 852 892 927 postea
930 850 1120 914 conventuri

54 944 186 1010 luissent.
239 944 330 1009 Sicut
362 944 448 1007 enim
477 943 517 1007 de
548 965 716 1026 nunquam
743 965 903 1026 pransuro
935 954 1024 1012 recte
1056 951 1142 1012 non'

55 1044 219 1110 diceretur:
253 1050 450 1126 „antequam
471 1043 684 1125 pranderet,“
713 1043 762 1108 ita
790 1043 830 1108 de
850 1066 1017 1129 nunquam
1045 1067 1120 1110 con-

54 1145 183 1208 venturis
215 1144 299 1209 bene
331 1163 396 1206 non
432 1142 613 1206 diceretur:
651 1148 848 1224 „antequam
880 1145 1119 1209 convenirent.“

53 1242 207 1308 Terminus
245 1263 321 1306 vero
361 1241 715 1324 ,primogenitus“
753 1241 904 1306 Helvidio
942 1243 1119 1322 indicabat,

52 1340 159 1425 Joseph
186 1348 221 1408 et
241 1341 380 1405 Mariam
400 1347 533 1423 praeter
553 1340 720 1405 Christum
746 1341 845 1405 etiam
866 1340 948 1406 alios
968 1342 1120 1408 habuisse

52 1438 131 1506 fihos.
315 1503 316 1508 ,

103 1540 151 1604 ld
179 1537 392 1604 refellendam
423 1536 506 1602 hanc
539 1538 725 1620 opinionem
755 1559 888 1621 prorsus
920 1539 1051 1603 inanem
1082 1561 1120 1605 ac

52 1640 151 1720 quovis
179 1637 392 1703 fundamento
422 1643 588 1701 carentem
615 1637 861 1719 respondemus,
891 1644 1121 1720 argumentum

51 1737 253 1802 econtrario
286 1755 383 1800 sensu
414 1755 480 1798 non
510 1735 703 1817 procedere,
737 1736 765 1800 si
795 1734 974 1800 absurdum
1006 1742 1040 1800 et
1070 1737 1119 1800 in·
1149 1749 1151 1756 ’

50 1837 230 1902 conveniens
251 1835 327 1900 inde
357 1833 534 1898 resultarit.
578 1833 628 1897 Ex
647 1832 790 1897 Helvidii
815 1856 891 1898 vero
924 1834 1120 1900 deductione

50 1937 201 2002 conclusio
230 1934 407 2000 resultaret
438 1952 503 1996 non
535 1932 641 1996 solum
672 1953 843 2015 expressae
871 1932 1036 1998 Ecclesiae
1065 1933 1120 1998 de-

49 2033 177 2100 finitioni
209 2032 428 2115 conciliisque
461 2031 690 2110 oecumenicis,
732 2031 790 2096 sed
822 2031 922 2096 etiam
953 2033 1062 2097 sensui
1093 2055 1117 2098 s.

51 2132 226 2218 scripturae
247 2154 308 2216 per
328 2153 369 2196 ss.
392 2131 507 2196 Patres
529 2131 747 2214 interpretato
770 2131 944 2196 contraria.

100 2235 207 2300 Verba
224 2233 282 2298 illa
304 2237 538 2315 ,antequam
558 2231 837 2296 convenirent“
861 2231 979 2314 exponi
998 2231 1120 2297 debent

50 2331 83 2396 de
104 2333 344 2422 cohabitatione
365 2331 417 2396 vel
441 2330 598 2395 domicilii
619 2331 670 2395 vel
691 2331 788 2395 thori.
828 2331 862 2395 Si
882 2331 982 2414 prius,
1005 2352 1119 2396 sensus

50 2439 103 2496 est:
130 2435 316 2516 Antequam
336 2430 367 2494 b.
389 2430 489 2513 Virgo
516 2452 540 2494 s.
562 2429 684 2512 Joseph
706 2428 904 2512 desponsata
926 2430 1022 2494 simul
1044 2445 1119 2506 cum

50 2550 80 2594 eo
99 2532 132 2596 in
153 2532 267 2600 eadem
287 2530 455 2595 habitaret
476 2529 585 2608 domo,
615 2535 762 2612 tempore
786 2529 873 2594 inter
894 2529 1057 2612 sponsalia
1079 2530 1119 2594 de

47 2627 148 2696 futuro
178 2638 212 2696 et
240 2630 281 2694 de
302 2629 483 2712 praesenti,
513 2629 647 2692 inventa
677 2635 728 2693 est
756 2628 790 2692 in
818 2634 912 2693 utero
933 2628 1057 2693 habens
1079 2629 1120 2694 de

49 2727 162 2811 Spiritu
183 2735 306 2794 sancto.
352 2729 385 2795 si
406 2729 584 2811 posterius,
608 2727 753 2793 dicamus
774 2749 907 2792 necesse
930 2734 988 2807 est,
1012 2729 1119 2812 Scrip-

46 2832 146 2892 turam
175 2849 302 2893 sacram
330 2828 457 2910 aperire
487 2848 541 2906 ea,
572 2848 655 2910 quae
684 2825 773 2892 facta
800 2849 866 2919 non
894 2828 961 2893 sint
988 2827 1118 2910 (nempe

47 2923 72 2987 h.
88 2927 222 2992 Mariam
244 2947 319 2991 cum
339 2948 363 2990 s.
379 2926 502 3008 loseph
518 2946 583 2990 uon
604 2927 800 3006 convenisse,
818 2928 995 3009 antequam
1015 2925 1119 2991 filium

46 3027 197 3109 pareret);
223 3025 356 3090 minime
376 3046 453 3089 vero
476 3046 523 3104 ea,
548 3045 630 3108 quae
651 3032 768 3107 postea
789 3025 995 3108 contigerint,
1019 3047 1120 3108 quum

48 3142 80 3187 ea
97 3146 156 3191 nec
177 3130 416 3209 quaererentur
436 3145 496 3188 nec
517 3124 703 3188 necessaria
724 3130 840 3189 essent.
850 3124 875 3206 1)
913 3124 1119 3207 Virginitatis

46 3219 201 3290 Marianae
231 3219 438 3288 adversarius
459 3223 647 3286 nullatenus
676 3222 763 3305 sapit
784 3223 943 3288 usitatum
964 3223 1119 3307 loquendi

46 3322 176 3388 nodum.
220 3323 357 3401 Quoties
379 3321 466 3387 enim
487 3321 640 3401 dicimus,
670 3321 795 3405 aliquid
816 3343 882 3387 non
904 3343 973 3387 esse
994 3322 1120 3389 factum

46 3426 149 3501 antea,
177 3422 311 3486 minime
340 3420 466 3486 factum
495 3442 565 3486 esse
586 3426 702 3503 postea
721 3441 781 3503 per
801 3420 863 3486 hoo
890 3420 1117 3503 significamus.

47 3517 244 3602 Significatur
264 3521 375 3604 phrasi
398 3520 457 3584 illa
483 3526 716 3602 „antequam
743 3519 1032 3599 convenirent,“
1059 3517 1118 3585 ali·

46 3619 122 3699 quid·
148 3620 273 3685 lactum
307 3619 421 3684 eodem
454 3618 566 3697 modo,
604 3618 671 3683 acsi
706 3618 903 3684 diceremus:
940 3619 1118 3702 „Dominus

45 3714 131 3783 Jesus
159 3719 284 3784 sciebat
311 3718 441 3798 literas,
471 3724 648 3801 antequam
676 3718 837 3784 disceret“
866 3740 925 3783 seu
953 3718 1119 3802 ,medicus

45 3819 248 3902 praescripsit
285 3818 494 3897 medicinam,
534 3823 711 3901 antequam
752 3818 792 3883 de
830 3818 943 3884 morbo
984 3819 1119 3884 edoctus

47 3961 234 3973 -——-

105 4035 125 4104 ¹)
142 4035 195 4091 co.
210 4053 230 4091 s.
247 4035 408 4103 Hieronym.
427 4034 456 4088 in
474 4033 575 4089 Matth.
593 4049 636 4103 ep.
654 4037 677 4089 1.
