2782 4554
771 365 830 427 556

258 526 349 605 stoli,
379 546 517 609 quorum
545 525 819 592 constitutionum
845 526 1018 610 vestigium
1043 527 1078 592 in
1104 528 1332 611 antiquissimis

259 625 367 691 elucet
394 647 435 690 ss.
463 624 599 691 Petrum
627 625 844 692 monumentis
872 647 912 692 ac
938 625 1143 693 testimoniis.
1192 627 1333 693 Pnaecln·

256 725 423 790 rissimum
457 729 685 808 argumentum
708 724 810 790 -nobis
841 725 980 808 praebet
1014 725 1242 792 Chronicon
1275 727 1332 791 Pa

258 823 393 890 sehale
425 845 483 889 seu
511 823 782 903 Alexandrinum,
814 824 850 889 in
878 846 942 908 quo
970 824 1125 908 leguntur
1152 826 1332 910 sequentia:

258 923 384 1006 „Igitur
411 927 451 988 25
479 921 599 988 mensis
627 922 739 1006 Dystri
770 925 842 1006 (scu
870 921 997 1005 Martii)
1025 930 1155 1007 tempus
1184 931 1332 989 semestre

258 1013 481 1105 conceptionis
509 1021 681 1087 Elisabeth
712 1022 884 1105 impletur:
919 1029 1095 1105 propterea
1127 1023 1210 1089 dicit
1239 1023 1333 1088 Evan-

258 1121 394 1204 gelium:
425 1141 576 1203 „mense
605 1127 736 1186 autem
766 1129 878 1186 sexto
906 1122 1049 1187 missus
1077 1130 1139 1188 est
1167 1122 1332 1206 Angelus

258 1219 442 1284 Gabriel“
466 1268 598 1283 .....
631 1220 701 1285 Hoc
730 1240 806 1304 ergo
836 1220 890 1285 die
918 1222 972 1303 (25
1001 1221 1135 1304 inquam
1163 1221 1334 1287 secundum

257 1318 420 1384 Romanos
440 1317 554 1384 Martii
580 1320 714 1402 mensis)
743 1319 905 1384 catholica
933 1326 967 1385 et
995 1321 1178 1404 apostolica
1199 1321 1263 1386 Dei
1281 1321 1334 1384 Ec-

258 1416 358 1482 clesia
374 1437 414 1481 ex
430 1423 617 1482 sanctorum
631 1416 811 1483 Doctorum
828 1418 1017 1498 traditione,
1033 1425 1167 1484 sanctae
1182 1419 1335 1485 Dominae
1381 1456 1382 1528 p

257 1523 391 1580 nostrae
429 1515 589 1598 gloriosae
627 1515 689 1580 Dei
727 1516 919 1608 Genitricis,
959 1523 994 1582 et
1032 1539 1161 1601 semper
1198 1519 1335 1602 Virginis

257 1614 381 1680 Mariae
403 1615 689 1680 annunciationem
710 1616 887 1681 celebrat.“
929 1616 1022 1682 Hanc
1044 1617 1222 1682 veritatem
1244 1619 1336 1683 etiam

259 1714 288 1779 d.
312 1715 593 1798 Augustinus¹)
615 1721 775 1780 testatur:
805 1715 919 1797 „Sicut
939 1737 959 1780 a
979 1715 1218 1799 majoribus
1240 1716 1335 1782 tradi·

257 1823 328 1880 tum
357 1814 537 1898 suscipiens
565 1814 732 1879 Ecclesiae
762 1815 906 1881 custodit
928 1816 1130 1894 'auctoritem
1158 1815 1249 1881 VIII.
1278 1815 1337 1880 Ka-

257 1913 373 1979 lendas
412 1913 536 1996 Aprilis
571 1918 748 1995 conceptus
790 1913 948 1978 creditur
967 1913 1163 1996 (Christus),
1210 1936 1275 1999 quo
1307 1921 1337 1978 et

259 2015 407 2096 passus.“
450 2012 649 2078 Probatur
676 2017 717 2078 2?
742 2033 843 2095 pars.

322 2113 352 2178 S.
385 2112 602 2195 Gregorius
638 2111 969 2194 Thaumaturgus,
1006 2111 1093 2176 circa
1124 2133 1248 2178 annum
1281 2116 1337 2176 233

257 2211 391 2292 florens,
432 2212 472 2278 de
509 2212 540 2276 b.
577 2209 719 2294 Virginis
754 2209 1013 2276 Annuntiatione
1051 2216 1120 2276 tres
1157 2211 1339 2295 composuit

257 2331 437 2390 sermones,
468 2311 525 2395 qui
551 2316 640 2376 tomo
667 2310 725 2374 111.
754 2309 905 2374 biblioth.
938 2330 979 2374 ss.
1001 2309 1136 2374 Petrum
1164 2309 1337 2376 habentur.

258 2411 288 2476 S.
308 2410 553 2476 Athanasius
581 2409 713 2474 circiter
733 2429 855 2475 annum
879 2413 940 2474 340
970 2408 1115 2474 scribens
1135 2409 1260 2475 festum
1278 2411 1339 2474 An-

257 2509 472 2574 nuntiationis
501 2508 648 2592 appellat
667 2508 860 2592 primarium
888 2529 926 2572 ac
946 2527 1080 2590 prorsus
1108 2508 1337 2587 venerandum,

257 2611 292 2674 in
317 2631 382 2692 quo
405 2609 494 2675 Deus
515 2609 612 2674 homo
634 2606 750 2687 factae,
772 2607 804 2672 b.
821 2606 920 2689 Virgo
939 2606 1001 2671 Dei
1021 2613 1129 2672 mater
1150 2605 1272 2674 effecta
1292 2608 1338 2673 sit

257 2703 563 2791 Locupletissimum
591 2712 819 2790 argumentum
850 2705 954 2771 nobis
972 2713 1102 2790 prostat
1129 2707 1164 2770 in
1193 2714 1337 2772 veterum

256 2807 506 2891 martyrologiis,
528 2806 727 2872 kalendariis
756 2813 790 2871 ct
813 2806 1083 2884 sacramentariis,
1113 2807 1287 2890 speciatim
1308 2807 1337 2870 in

257 2904 472 2970 Gelasiano
509 2907 593 2971 hanc
628 2905 844 2987 orationeml)
883 2905 1087 2970 continente:
1127 2905 1336 2987 ,Oblationes

256 3009 394 3084 nostras,
417 3024 613 3087 quaesumus
635 3005 786 3084 Domine,
808 3005 1007 3088 propitiatus
1028 3004 1179 3084 intende,
1203 3027 1285 3089 quas
1306 3006 1336 3068 in

256 3103 379 3170 honore
399 3104 518 3169 beatae
540 3111 574 3169 ct
594 3103 755 3188 gloriosae
776 3123 905 3186 semper
920 3103 1064 3187 Virginis
1083 3104 1145 3168 Dei
1163 3105 1335 3170 Genitricis

256 3201 382 3269 Mariae
410 3223 539 3267 annua
568 3203 826 3268 solemnitate
854 3202 1031 3268 deferimus
1055 3253 1061 3267 .
1086 3251 1124 3266 ..
1158 3203 1268 3269 Etiam
1289 3223 1335 3266 sa-

256 3301 510 3366 cramentarium
545 3302 830 3386 Gregorianum
867 3302 1002 3367 eandem
1037 3301 1251 3368 festivitatem
1284 3302 1333 3366 dic

256 3404 305 3464 25.
328 3399 442 3465 Martii
462 3407 566 3466 notat.

317 3499 516 3584 Perantiqua
543 3499 641 3583 hujus
668 3498 746 3565 festi
774 3499 908 3565 traditio
938 3520 978 3564 cx
1007 3519 1044 3564 eo
1066 3521 1197 3583 quoqne
1219 3500 1332 3576 elucet,

257 3598 345 3682 quod
372 3604 513 3682 utraque
542 3599 704 3678 Ecclesia,
737 3619 879 3683 graeca
911 3605 950 3664 et
976 3598 1121 3678 latina,
1155 3599 1236 3664 illud
1262 3598 1332 3662 Kal

255 3697 377 3781 Aprilis
406 3698 592 3765 celebravit.
643 3699 793 3765 Solemne
822 3698 911 3782 apud
938 3698 1111 3764 Graecos
1139 3697 1252 3777 fuisse,
1285 3698 1331 3760 in·

322 3930 342 3997 ¹)
358 3929 399 3984 De
416 3927 516 3984 Trinit
539 3929 587 3984 lib.
605 3927 654 3993 IV,
679 3945 722 3998 cp.
739 3931 768 3998 63
793 3928 843 3983 cfr.
862 3927 989 3984 Martene
1011 3928 1046 3982 de
1063 3928 1177 3999 antiqua
1193 3929 1331 3983 Ecclesiae

254 4010 404 4080 disciplina
420 4028 464 4082 cp.
480 4015 510 4066 31
529 4029 557 4067 n.
574 4014 615 4067 26.
648 4013 671 4078 ²)
689 4014 722 4065 ln
738 4013 854 4067 secretis
870 4012 1001 4081 precibus
1018 4013 1116 4066 missum
1132 4011 1212 4082 hujus
1228 4011 1298 4066 ferti.
