2814 4548
418 519 685 676 repertrix
727 524 788 632 ΙΙΙ.

366 723 495 809 Plus
536 727 849 811 urlsoorus

332 835 498 905 suavus
531 839 772 908 1111111111
803 841 881 908 nur

200 932 264 996 111
293 932 592 1002 assensuum
620 938 703 1002 aar
732 939 1013 1005 1111111111.

123 1095 307 1162 Ineffabilis
339 1099 443 1178 Deus,
478 1101 569 1184 cujus
601 1101 672 1166 viae
702 1102 925 1170 misericordia
958 1111 993 1170 et
1020 1105 1151 1183 veritas,

66 1195 155 1277 eujus
186 1196 337 1263 voluntas
367 1198 621 1281 omnipotentia,
653 1207 687 1266 et
709 1201 801 1283 cujus
830 1203 994 1285 sapientia
1016 1205 1153 1287 attingit

64 1313 84 1356 a
103 1293 167 1358 fine
187 1317 292 1379 usque
314 1297 357 1362 ad
374 1295 473 1382 finem
494 1296 628 1363 fortiter
650 1305 684 1364 et
703 1299 847 1382 disponit
869 1303 977 1366 omnia
998 1303 1152 1381 suaviter,

66 1412 164 1472 quum
186 1394 228 1458 ab
252 1397 340 1459 omni
367 1397 564 1462 aeternitate
586 1398 786 1480 praeviderit
807 1399 1082 1474 luctuosissimam
1103 1409 1154 1467 1ο·

65 1491 128 1556 1111
152 1493 289 1559 humani
310 1496 437 1578 generis
459 1497 587 1560 ruinam
617 1517 656 1561 ex
678 1496 796 1561 Adami
817 1499 1075 1580 transgressione
1098 1499 1153 1562 de-

66 1589 245 1671 rivandum,
263 1600 364 1677 atque
383 1595 416 1658 in
435 1596 589 1678 mysterio
608 1617 628 1660 a
647 1597 786 1661 saeculis
803 1596 995 1661 abscondito
1012 1598 1154 1679 primurn

68 1709 141 1756 suae
170 1693 332 1758 bonitatis
362 1716 443 1776 opus
473 1695 655 1760 decreverit
683 1717 742 1778 per
762 1695 864 1760 Verbi
893 1695 1154 1760 incarnationem

67 1798 271 1857 sacramento
310 1793 488 1858 occultiore
528 1794 706 1876 complere,
746 1801 784 1859 11
816 1799 932 1859 111111
969 1795 1154 1859 misericors

10 1957 11 1960 Ἴ
66 1907 158 1952 suum
189 1891 397 1973 propositum
433 1891 530 1956 homo
569 1892 750 1957 diabolicae
787 1893 972 1976 iniquitatis
1009 1894 1155 1958 versutia

66 1992 157 2052 actus
186 1990 221 2052 in
251 1988 383 2071 culpam
411 2010 476 2053 non
498 1990 635 2072 periret,
667 1997 700 2054 et
722 1990 810 2073 quod
838 1991 872 2054 in
900 1991 1006 2073 primo
1028 1992 1153 2057 Adamo

67 2104 218 2152 casurum
247 2094 335 2166 erat,
365 2089 399 2153 in
429 2089 571 2153 secundo
600 2088 728 2154 felicius
757 2091 955 2172 erigeretur,
985 2089 1027 2155 ab
1057 2090 1152 2155 initio

67 2189 196 2251 stante
220 2187 352 2251 saecula
373 2187 549 2270 Unigenito
571 2187 654 2251 Filio
677 2210 735 2252 suo
757 2197 905 2266 matrem,
929 2210 968 2252 ex
989 2210 1055 2271 qua
1077 2211 1153 2254 earo

9 2323 10 2330 1
67 2280 171 2349 faetus
201 2285 237 2349 in
258 2284 358 2350 beata
380 2293 565 2368 temporum
585 2286 789 2369 plenitudine
818 2276 1029 2365 nasceretur,
1056 2287 1156 2370 elegit

68 2388 165 2465 atque
202 2383 383 2462 ordinavit,
417 2389 576 2466 tantoque
608 2405 687 2466 prae
721 2385 879 2448 creaturis
912 2384 1071 2450 universis
1105 2392 1156 2451 est

68 2489 286 2566 prosequutus
323 2503 450 2561 amore,
486 2488 524 2546 ut
553 2483 588 2546 in
616 2483 674 2546 illa
709 2503 776 2547 una
811 2481 874 2546 sibi
901 2483 1157 2565 propensissima

9 2653 10 2656 Ἴ
68 2581 237 2648 voluntate
279 2581 523 2664 complacuerit.
575 2580 784 2664 Quapropter
821 2580 912 2644 illam
947 2581 1042 2664 longe
1078 2589 1157 2647 ante

68 2699 175 2746 omnes
198 2681 373 2763 Angelioos
395 2679 551 2762 SpirituS,
582 2686 782 2762 cunctosque
806 2679 943 2746 Sanctos
965 2680 1158 2746 coelestium

67 2781 211 2845 omnium
239 2780 474 2844 charismatum
506 2777 600 2860 copia
633 2778 673 2842 de
702 2779 857 2845 thesauro
890 2780 1072 2847 divinitatis
1102 2781 1158 2847 de-

67 2887 220 2963 prompta
241 2879 289 2944 111
310 2877 447 2961 mirifice
472 2875 659 2956 1111111111,
690 2885 728 2942 11
748 2879 826 2960 Ipsa
847 2878 888 2943 ab
913 2880 1001 2944 omni
1022 2902 1157 2963 prorsus

68 2981 194 3056 peccati
223 2978 298 3043 labe
328 2997 456 3058 semper
483 2974 603 3052 libera,
632 2996 671 3040 ac
700 2982 772 3041 tota
801 2977 917 3059 pulcra
946 2984 981 3042 et
1008 2979 1159 3061 perfecta

69 3095 137 3141 eam
177 3077 387 3144 innocentiae
427 3080 461 3138 et
496 3074 684 3138 sanctitatis
723 3075 964 3156 plenitudinem
1003 3099 1083 3160 prae
1123 3099 1158 3144 se

68 3171 183 3256 ferret,
222 3197 289 3258 qua
320 3174 425 3256 major
456 3171 515 3236 sub
550 3170 619 3235 Deo
652 3172 840 3238 nullatenus
873 3175 1086 3257 intelligitur,
1125 3182 1159 3241 11

70 3293 166 3354 quam
194 3279 330 3358 praeter
352 3271 459 3335 Deum
485 3290 579 3333 nemo
605 3271 738 3354 assequi
760 3272 933 3354 cogitando
954 3279 1073 3356 potest.
1117 3275 1161 3340 Et

69 3373 200 3452 quidem
238 3370 377 3436 decebat
412 3368 558 3445 omnino,
599 3375 638 3433 ut
673 3368 933 3452 perfectissimae
969 3373 1158 3437 sanctitatis

70 3470 299 3551 splendoribus
335 3487 464 3549 semper
499 3472 617 3530 ornata
653 3467 813 3550 fulgeret,
851 3491 889 3534 ac
926 3470 976 3536 vel
1013 3471 1055 3535 ab
1088 3472 1160 3554 ipsa

69 3570 236 3652 originalis
253 3607 255 3611 ·
273 3567 388 3650 culpae
417 3564 491 3629 labe
520 3565 617 3647 plene
654 3567 808 3633 immunis
845 3571 1082 3655 amplissimum
1118 3571 1158 3635 de

70 3669 204 3753 antiquo
246 3672 397 3748 serpente
436 3662 640 3744 triumphum
678 3666 820 3733 referret
856 3677 926 3735 tarn
964 3669 1160 3736 venerabilis

69 3774 189 3846 mater,
221 3766 276 3830 cui
303 3765 391 3828 Deus
418 3761 518 3825 Pater
546 3761 680 3827 unicum
701 3765 822 3831 Filium
852 3791 962 3848 suum,
993 3791 1090 3853 quem
1119 3769 1160 3833 de

71 3865 165 3930 corde
199 3885 259 3930 suo
298 3860 471 3944 aequalem
503 3859 565 3923 sibi
603 3863 751 3943 genitum
784 3872 955 3952 tamquam
987 3891 1021 3934 se
1053 3870 1160 3951 ipsum

71 3961 185 4046 diligit,
205 3964 255 4028 ita
277 3961 355 4025 dare
378 3958 550 4040 disposuit,
570 3965 609 4023 ut
626 3965 828 4033 naturaliter
850 3977 937 4036 esset
955 3991 1039 4034 unus
1060 3967 1162 4033 idem·
