2718 4556
747 359 807 419 300

295 519 394 600 Plura
421 519 463 584 ad
495 519 576 584 haec
604 519 772 602 scriptoris
799 519 893 584 citati
924 520 1023 584 verba
1055 520 1292 585 animadvertere

233 621 355 684 liceat:'
796 617 797 622 ’

300 758 329 799 a.
363 735 481 800 Omnes
508 732 610 815 probe
639 733 761 811 sciunt,
792 755 890 816 quam
919 732 1032 799 sedulo
1054 735 1196 800 Hebraei
1220 756 1294 799 cura·

233 834 355 912 verint,
388 855 428 897 ne
458 831 586 914 puellae
616 831 692 895 viris
721 833 900 913 promissae
932 839 965 897 et
993 833 1027 896 in
1054 833 1150 898 domo
1177 839 1294 916 paterna

234 933 340 997 adhuc
375 931 519 995 viventes
561 929 612 993 vel
644 929 777 994 minima
810 930 963 995 infamiae
996 932 1069 997 labe
1102 933 1293 997 maculentur.

235 1031 401 1109 Quomodo
432 1051 507 1112 ergo
537 1027 625 1092 credi
651 1034 774 1110 potest,
804 1036 957 1111 parentes
985 1032 1169 1112 permisisse
1190 1031 1293 1095 Mariae

234 1131 377 1195 nondum
405 1135 543 1211 nuptae,
573 1126 631 1191 sed
653 1126 868 1208 desponsatae
897 1135 965 1192 tam
993 1130 1123 1212 longam
1152 1131 1293 1213 suscipere

234 1227 549 1312 peregrinationem?
581 1225 696 1290 Nonne
718 1225 818 1290 trium
839 1227 997 1291 mensium
1019 1250 1039 1292 a
1061 1230 1156 1295 domo
1176 1238 1295 1313 paterna

233 1329 382 1393 absentia
402 1325 535 1391 Judaeis
557 1346 670 1388 ansam
690 1324 895 1407 praebuisset
916 1327 1132 1409 suspicionis?

295 1444 326 1507 b.
360 1441 505 1524 ,Potuit
535 1439 642 1521 inquit
667 1438 797 1521 Lamy,
827 1461 886 1522 per
906 1440 1016 1522 plures
1039 1465 1165 1521 menses
1185 1452 1294 1509 tumens

234 1543 363 1628 puellae
395 1548 509 1606 uterus
541 1539 672 1603 celari.“
722 1539 928 1620 ,Trimestris
959 1539 1077 1621 fetura,
1111 1544 1159 1607 ait
1190 1542 1295 1606 Patri·

236 1643 366 1724 tius,1)
398 1661 464 1704 non
496 1637 577 1702 adeo
610 1638 785 1720 conspicua
817 1661 887 1703 esse
920 1640 1017 1719 solet,
1051 1649 1088 1706 ut
1122 1665 1186 1707 non
1214 1641 1294 1706 facile

234 1750 335 1827 queat
357 1739 544 1806 occultari.“
586 1739 631 1802 nt
652 1760 726 1801 cum
748 1738 808 1802 hac
829 1739 934 1803 Lamii
957 1746 989 1805 et
1010 1741 1142 1806 Patritii
1162 1742 1293 1824 opinione

233 1842 420 1906 nullatenus
443 1835 651 1902 consentiunt
671 1836 830 1916 Hebraei,
860 1839 1018 1922 aquibus
1040 1842 1181 1922 spatium
1211 1840 1294 1904 trium

233 1940 393 2004 mensium
421 1937 463 2001 ad
499 1936 595 2000 istius
634 1935 722 1998 modi
761 1957 830 2000 rem
858 1937 1084 2019 detegendam
1121 1941 1292 2022 assignatur.

234 2039 354 2120 ,Ecce
399 2043 530 2100 autem
570 2041 662 2117 post
701 2041 783 2098 tres
827 2057 978 2100 menses
1023 2039 1293 2103 nuntiaverunt

182 2207 184 2210 ,
226 2138 375 2216 dudae,
415 2136 624 2200 dicentes?
652 2135 867 2199 Fornicata
905 2143 966 2200 est
996 2136 1162 2201 Thamar
1191 2154 1292 2199 nurus

233 2243 302 2302 tua
324 2243 362 2301 et
383 2235 543 2299 videtur
563 2241 703 2298 uterus
724 2235 837 2298 illius
867 2235 1143 2305 intumescere.
1187 2234 1293 2300 Dixit-

234 2357 307 2418 que
344 2335 481 2400 Judas:
521 2333 737 2398 Producite
775 2356 872 2414 eam,
911 2342 954 2400 ut
991 2331 1292 2410 comburaturf‘b

233 2434 399 2499 Vidissent
427 2455 502 2516 ergo
531 2433 740 2498 Elisabethae
773 2433 942 2498 'domestici
969 2419 1150 2499 tumentem
1180 2434 1209 2497 b.
1235 2431 1293 2494 Vir-

233 2533 317 2616 ginis
349 2539 479 2596 uterum
511 2532 623 2611 sicuti,
656 2540 831 2615 postquam
862 2532 979 2598 fuisset
1011 2534 1144 2597 domum
1173 2549 1291 2602 reversa,

234 2633 364 2715 cognati
397 2639 430 2715 et
457 2631 555 2696 vicini
583 2633 625 2697 ad
653 2633 784 2715 nuptias
813 2633 951 2698 invitati.
1002 2633 1115 2698 Nonne
1144 2629 1293 2715 speciatim

233 2731 373 2796 feminae
403 2753 475 2794 eam
502 2731 650 2796 videntes
678 2732 888 2815 mysteriique
909 2733 1040 2816 penitus
1066 2733 1199 2814 ignarae
1225 2747 1293 2793 sum·

233 2831 370 2894 mamb.
392 2829 534 2913 Virginis
557 2831 711 2896 uirtutem
733 2832 766 2894 in
789 2831 923 2896 dubium
944 2832 1173 2896 revocassent?

296 2969 322 3011 c.
355 2946 522 3023 Quomodo
544 2947 677 3028 probari
697 2953 822 3029 potest,
846 2969 869 3011 s.
894 2947 1031 3012 Mariam
1051 2947 1142 3013 brevi
1165 2955 1291 3028 tempore

232 3052 308 3128 post
323 3045 565 3111 matrimonium
583 3046 700 3111 initum
717 3047 782 3112 iter
797 3047 1104 3112 Bethlehemiticum
1122 3047 1291 3129 suscepisse,

232 3145 309 3223 iter,
341 3145 428 3227 quod
450 3146 615 3210 commode
637 3145 750 3210 finitur
773 3152 914 3228 quatuor
935 3147 985 3237 vel
1007 3146 1151 3230 quinque
1178 3139 1293 3210 diebus?

233 3243 340 3320 Quare
376 3264 451 3326 ergo
484 3265 540 3308 sex
568 3265 694 3308 menses
725 3245 759 3307 in
788 3244 844 3309 illo
877 3245 1084 3327 impendere?
1125 3246 1159 3310 Si
1185 3240 1291 3308 tamdiu

152 3334 155 3342 ’
232 3348 310 3406 ante
342 3342 465 3407 Mariae
497 3349 629 3425 partum
664 3343 728 3407 duo
762 3343 812 3407 illi
856 3365 879 3407 e.
913 3344 1064 3427 conjuges
1096 3367 1117 3409 a
1148 3337 1291 3408 Nazareth

231 3439 372 3524 profecti
392 3439 545 3521 fuissent,
575 3442 772 3506 invenissent
794 3442 863 3506 sine
886 3440 984 3506 dubio
1007 3443 1128 3526 ubique
1149 3444 1245 3508 locum
1263 3438 1291 3500 in

233 3540 426 3605 diversoriis
483 3541 527 3607 Et
564 3541 645 3605 haec
684 3541 726 3606 ad
762 3541 866 3606 Lamii
904 3542 1063 3624 placitum
1102 3538 1291 3607 refutandum

231 3637 398 3703 sufficiant.

293 3755 486 3835 Audiamus,
517 3755 678 3838 quomodo
708 3756 745 3821 cl.
769 3755 966 3821 Patritius
994 3757 1055 3822 hac
1084 3757 1123 3821 de
1151 3777 1184 3820 re
1204 3754 1291 3818 disse

300 4003 318 4069 ¹)
335 4003 358 4057 L
386 4019 408 4058 c.
427 4020 469 4073 cp.
489 4003 538 4071 111,
556 4007 677 4073 pag-33.
711 4004 731 4071 2)
749 4005 816 4059 Gen.
836 4005 990 4072 xxxvut,
1007 4008 1048 4059 24.
