2728 4554
572 373 632 433 437

76 538 135 617 bus,
161 535 367 620 pauperibus,
397 533 543 612 dominis,
573 533 681 611 servis,
709 531 886 615 majoribus
908 539 942 599 et
962 534 1140 601 minoribus

76 637 203 702 Domina
230 657 279 715 es,
313 640 347 699 et
368 633 456 717 quod
476 638 613 716 possunt
635 652 744 696 omnes
773 632 828 696 isti
849 639 972 712 tecum,
1005 640 1043 699 tu
1071 634 1141 700 sola

75 742 158 817 potes
178 735 247 800 sine
274 734 339 798 illis
368 730 525 797 omnibus.
569 730 676 808 Quare
704 729 764 794 hoc
785 732 901 814 potes?
934 731 1016 809 Quia
1035 740 1141 799 mater

76 856 103 899 es
124 834 295 901 Salvatoris
316 832 429 910 nostri,
452 852 570 915 sponsa
592 831 663 910 Dei,
686 831 797 913 regina
818 830 901 896 coeli
922 838 955 896 et
976 839 1083 897 terrae
1106 839 1140 898 et

75 935 206 998 omnium
228 933 470 998 elementorum.
513 931 557 994 Te
587 951 662 1012 ergo
684 930 831 1012 requiro,
860 930 902 994 ad
923 936 957 994 te
979 930 1139 1014 confugia,

76 1039 105 1096 et
120 1039 155 1096 tu
173 1053 223 1096 me
240 1052 301 1115 per
321 1030 429 1094 omnia
450 1028 582 1111 adjuves
604 1027 796 1110 suppliciter
813 1035 899 1111 peto.
940 1029 986 1093 Te
1009 1035 1140 1094 tacente
1225 1045 1227 1052 ’

73 1130 171 1194 nullus
192 1130 308 1208 orabit,
330 1129 438 1193 nullus
456 1127 592 1212 juvabit.
636 1127 680 1191 Te
703 1135 825 1207 orante,
855 1150 965 1194 omnes
988 1130 1138 1207 orabunt,

77 1249 176 1294 omnes
193 1228 384 1313 juvabunt.“
426 1226 563 1310 ,Merito
586 1247 671 1309 erge,
702 1227 921 1292 concludimus
943 1249 1016 1293 cum
1045 1228 1141 1292 Doc-

74 1333 150 1392 tore
178 1327 411 1410 Angelico¹),
444 1326 586 1409 Angelus
617 1332 785 1391 reveretur
812 1327 943 1392 beatam
967 1327 1138 1410 Virginem,

75 1426 142 1508 quia
160 1433 267 1491 mater
287 1426 417 1490 Domini
439 1431 473 1491 et
493 1425 565 1489 ideo
589 1425 727 1489 Domina
747 1426 827 1490 est.“

556 1626 588 1710 5.
611 1621 644 1689 2.

178 1773 363 1856 Dignitas
388 1771 530 1835 Matris
558 1770 728 1836 relative
758 1771 1022 1836 considerata.

129 1921 276 2004 Dignitas
296 1919 377 1983 haec
399 1919 457 1983 sub
481 1919 602 2001 duplici
622 1927 772 2002 respectu
795 1919 993 1986 considerari
1013 1925 1137 2003 potest:

74 2017 188 2084 scilicet
219 2019 456 2101 adaequate,
490 2018 649 2100 complete
680 2019 701 2082 i.
733 2041 759 2084 e.
788 2042 854 2085 nno
885 2042 957 2085 cum
989 2018 1138 2083 omnibus

74 2115 138 2181 aliis
168 2118 382 2202 dignitatibus
413 2138 450 2181 ac
481 2118 657 2200 privilegiis
690 2140 728 2183 ea
761 2120 922 2184 contentis
952 2155 991 2165 -—
1021 2124 1055 2182 et
1085 2118 1139 2180 in-

75 2209 285 2300 adaequate
314 2217 333 2280 i.
358 2238 384 2281 e.
408 2223 561 2299 separata
587 2217 627 2280 ab
656 2217 706 2282 his
735 2219 947 2302 dignitatibus
975 2239 1013 2283 ac
1040 2217 1137 2300 privi-

74 2313 163 2397 legiis.
206 2316 288 2380 Hinc
311 2315 460 2380 dicimus:

127 2414 310 2497 Dignitas
331 2415 472 2479 Matris
495 2415 563 2479 Dei
584 2415 807 2500 adaequate
828 2425 984 2500 sumpta
1006 2437 1136 2481 omnes

75 2509 165 2576 alias
186 2513 408 2596 dignitates
430 2514 581 2595 (excepta
599 2515 716 2578 unione
734 2515 952 2600 hypostatica)
974 2515 1138 2580 multum

75 2618 235 2692 superat.
758 2605 765 2622 ’

126 2710 315 2791 Audiamus,
345 2709 504 2792 quomodo
533 2717 649 2775 auctor
677 2718 838 2778 tractatus
867 2715 907 2779 de
935 2715 971 2780 B.
995 2714 1037 2778 M.
1060 2714 1097 2778 V.
1111 2713 1136 2797 ²)

12 2815 14 2824 ’
74 2802 145 2870 hanc
171 2808 279 2873 thesin
308 2808 522 2873 demonstret:
555 2809 626 2890 ,Ad
654 2819 879 2893 argumentum
899 2801 1135 2906 praesuppond

75 2901 176 2987 inquit,
207 2907 347 2972 divinam
375 2906 609 2989 perlectionem
638 2909 843 2994 quadruplici
871 2912 983 2978 ordine
1004 2913 1136 2997 partici-

74 3003 136 3081 pari
155 3025 257 3086 posse.
301 3005 424 3084 Primo,
458 3007 571 3072 ordine
602 3014 785 3090 naturae,
817 3012 851 3076 in
873 3035 951 3096 quo,
981 3014 1083 3078 ueluti
1103 3014 1137 3077 in

74 3103 212 3186 vestigi0,
246 3103 373 3170 divinae
401 3105 559 3172 bonitatis
588 3107 708 3173 effusus
735 3110 888 3192 splendor
915 3112 1055 3192 relucct3
1087 3133 1137 3176 se·

75 3201 175 3280 cundo,
194 3203 307 3267 ordine
325 3205 495 3286 gratiae,
515 3206 630 3289 inquo
650 3215 800 3275 creatura
821 3211 990 3276 rationalis
1008 3211 1136 3276 divinae

74 3293 106 3360 fit
128 3321 255 3366 consors
282 3308 435 3383 naturae3
464 3306 577 3384 tertio,
607 3306 642 3369 in
670 3308 782 3373 ordine
811 3309 978 3391 gloriae,
1007 3310 1042 3373 in
1071 3331 1135 3392 quo

75 3415 161 3476 quum
189 3402 392 3483 apparuerit,
432 3403 552 3468 similes
588 3405 618 3468 ei
646 3407 781 3486 erimus,
822 3414 856 3473 et
885 3409 1066 3474 Deiformes
1101 3410 1135 3473 in

75 3512 133 3560 esse
162 3498 360 3582 intelligibili
392 3500 579 3584 efficiemur;
621 3512 737 3588 quarto
774 3507 916 3586 demum,
956 3509 990 3572 in
1022 3508 1135 3572 ordine

74 3589 328 3678 hypostatica,
359 3600 394 3664 in
422 3623 485 3685 quo
513 3609 632 3669 natura
659 3612 770 3670 creata
795 3628 855 3689 per
881 3608 1032 3672 unionem
1061 3608 1135 3672 sub-

75 3696 246 3761 stantialem
275 3698 317 3762 ad
339 3719 408 3763 esse
436 3700 580 3765 divinum
609 3703 764 3768 evehitur.
807 3705 932 3770 Exinde
964 3707 1009 3771 sic
1041 3727 1135 3789 argu—

76 3841 256 3859 ,ξ-ι

131 3923 149 3992 ¹)
165 3927 196 3981 ln
213 3929 327 3984 Salutat.
345 3931 470 4000 Angelic.
488 3949 514 4000 p.
531 3935 576 4000 44;
601 3934 650 3988 cfr.
668 3933 757 3988 Haine
774 3936 791 3990 1.
811 3952 835 3990 c.
851 3953 913 4005 pag.
932 3941 979 3992 125
1002 3956 1069 4008 aqq,
1085 3939 1134 3993 ubi

75 4003 143 4068 plura
158 4013 316 4066 testimonia
333 4015 464 4068 citantur.
496 4017 518 4081 ²)
537 4018 597 4071 Art.
611 4019 638 4070 2.
655 4033 718 4086 pag.
736 4022 774 4073 53.
