2718 4556
551 344 613 406 327

65 514 165 573 tatem:
185 505 332 590 proiecto
351 527 416 570 non
433 505 540 570 minus
559 505 705 584 decebat,
718 505 844 588 Virgini
861 504 952 576 tradi,
959 504 1126 588 Virginem

65 607 92 670 in
105 605 352 672 matrimonium:
374 605 439 670 imo
458 605 559 688 magis
579 626 757 688 congruum
777 603 812 668 id
829 604 1009 670 videbatur.
1043 604 1127 669 Nam

62 707 164 770 loanni
192 707 270 771 data
303 711 354 770 est
382 705 415 768 in
443 710 596 782 matrem,
630 705 687 786 qui
715 703 833 768 titulus
861 702 971 768 aufert
999 725 1126 793 omnem

62 807 260 888 suspicionem
281 804 512 869 inhonestatis:
535 811 571 869 at
585 804 727 887 Josopho
746 802 825 868 data
844 809 894 868 est
912 804 946 867 in
964 824 1124 885 sponsam,

62 906 108 987 qui
126 904 239 971 titulus
262 903 398 986 copulae
429 904 648 986 conjecturam
675 903 835 991 admittit,
865 903 1003 967 maxime
1026 925 1126 986 quum

62 1003 245 1067 matrimonii
284 1009 431 1084 tempore
469 1001 500 1064 b.
539 1001 637 1084 Virgo
677 1001 779 1066 fuerit
817 1002 1019 1080 adolescens,
1060 1023 1125 1066 non

62 1109 156 1168 autem
176 1103 337 1186 Passionis
361 1108 518 1183 tempore.
561 1102 607 1166 Ut
629 1123 704 1184 ergo
731 1102 866 1167 castitas
889 1102 1018 1166 omnino
1041 1123 1126 1166 com·

61 1201 248 1282 probaretur,
269 1200 396 1282 Virgini
416 1200 514 1282 Virgo
537 1199 699 1264 tradenda
721 1201 822 1264 erat.“
865 1200 917 1264 Ita
938 1199 1079 1265 Toletus.

110 1307 136 1366 4.
167 1301 236 1366 Hoc
258 1300 454 1383 virginitatis
477 1299 560 1364 dono
588 1321 612 1364 s.
635 1299 813 1382 Josophum
835 1298 1024 1364 decoratum
1046 1320 1125 1377 esse,

60 1400 292 1480 promerebatur
313 1400 413 1464 etiam
433 1399 622 1464 beatissima
642 1399 752 1481 Virgo,
775 1405 813 1464 ut
834 1398 978 1481 undique
1000 1399 1125 1481 plena

52 1505 134 1566 esset
152 1499 307 1581 gratia,
329 1520 394 1563 non
416 1497 521 1562 solum
542 1499 576 1561 in
599 1518 633 1562 se
654 1498 734 1580 ipsa,
758 1497 816 1562 sed
837 1499 936 1562 etiam
957 1499 991 1562 in
1008 1519 1124 1580 sponso
1145 1505 1147 1509 ’

60 1618 116 1675 suo,
132 1605 168 1662 ut
190 1591 273 1681 quae
292 1619 351 1680 per
371 1597 614 1661 matrimonium
635 1619 700 1661 una
722 1619 797 1661 caro
819 1597 839 1660 i.
859 1619 885 1662 e.
904 1619 970 1662 una
987 1619 1126 1680 persona
1231 1619 1234 1628 ’

60 1717 122 1759 cum
142 1718 178 1760 eo
200 1696 290 1761 facta
310 1695 435 1774 fuerat,
465 1693 525 1778 per
546 1696 686 1778 gratiam
713 1696 848 1778 insignis
869 1697 1032 1760 castitatis
1052 1717 1125 1778 pre-

60 1794 139 1859 cibus
159 1817 197 1860 ao
218 1795 343 1860 meritis
365 1795 431 1858 suis
453 1815 473 1859 a
493 1794 562 1859 Deo
587 1795 756 1874 obtentae,
772 1817 855 1860 unus
877 1817 959 1872 cum,
973 1816 1010 1859 eo
1031 1793 1126 1859 fieret

59 1893 187 1974 spiritus.
249 1892 362 1975 ,Nam-
392 1899 473 1976 quot
512 1892 573 1956 viri
612 1899 645 1957 et
684 1893 923 1973 adolescentes,
965 1893 1126 1958 exclamat

60 1991 284 2075 Salmer0n1)
312 1993 396 2057 hanc
418 1991 581 2056 adducens
609 1993 785 2072 rationem,
816 1999 875 2058 aut
896 1999 977 2077 quot
997 1992 1125 2075 puellae
1159 2053 1161 2058 .

59 2087 96 2154 se
115 2092 254 2174 Virginis
291 2091 406 2156 matris
443 2091 720 2156 excellentissimis
752 2091 879 2157 meritis
910 2091 1125 2175 precibusque

59 2190 308 2255 commendantes
336 2189 518 2272 gloriantur
544 2210 604 2271 per
632 2211 704 2255 eam
732 2191 928 2273 virginitatis
958 2191 1078 2254 donum
1105 2211 1125 2254 a

59 2287 118 2353 Deo
139 2290 211 2373 Opt.
233 2288 318 2354 Max.
341 2277 565 2371 impetravisse
594 2294 693 2372 atque
721 2289 771 2353 illi
793 2289 984 2372 (secundum
1006 2289 1124 2372 Deum)
1179 2337 1181 2341 s

59 2387 203 2468 ejusmodi
238 2389 378 2471 gratiam
411 2394 580 2470 acceptam
614 2387 746 2454 ferunt?
784 2389 838 2454 Fit
874 2409 950 2474 ergo
985 2388 1124 2454 maxime

59 2599 129 2640 serm.
145 2586 179 2640 de
196 2605 217 2640 s.
231 2585 372 2655 sompho),
389 2603 410 2642 s.
423 2586 619 2642 Bonaventura
635 2586 681 2652 (da
698 2586 757 2660 rita
774 2585 875 2640 Christi
892 2602 935 2655 cp.
950 2587 1000 2654 17),
1019 2586 1125 2641 Gerson

59 2665 96 2731 (de
118 2687 137 2723 s.
153 2668 298 2738 Josepho),
324 2669 447 2724 canisius
472 2669 531 2736 (lib.
555 2669 572 2722 2
596 2669 631 2722 de
655 2667 796 2738 Virgine),
822 2669 965 2722 Salmeron
989 2669 1066 2732 (tom.
1090 2669 1124 2736 X,

60 2752 128 2804 tract.
152 2753 205 2819 41),
233 2752 333 2806 Suarez
360 2752 436 2818 (tom.
461 2751 497 2820 ΙΙ,
523 2752 553 2805 in
579 2751 629 2818 111,
654 2769 681 2820 p.
708 2769 733 2821 q.
759 2752 792 2807 29
816 2768 840 2808 a.
867 2753 880 2806 l
905 2752 1006 2820 aliique
1031 2753 1125 2822 plures

59 2837 153 2900 putant,
170 2851 190 2889 s.
208 2833 359 2902 Josophum
377 2839 440 2888 ante
457 2836 513 2888 vel
530 2839 607 2902 post
623 2833 826 2902 baptismum
843 2833 979 2888 Domini
997 2838 1031 2888 et
1047 2838 1123 2888 ante

59 2917 182 2984 nuptias
206 2918 317 2972 Canae
342 2918 494 2971 celebratas
517 2917 640 2985 piissime
665 2917 856 2973 obdormiisse.
896 2917 1035 2971 Probatur
1061 2934 1124 2971 cum

59 2995 129 3052 Petro
145 3000 264 3054 Morales
283 2999 327 3067 (In
344 3017 404 3067 cap.
418 3000 439 3066 Ι,
451 2999 551 3054 Matth.
568 3001 704 3065 tractio)
721 3017 756 3054 ex
774 3017 815 3065 eo,
830 2999 905 3069 quod
917 3001 1125 3054 matrimonium

59 3078 121 3134 inter
143 3083 170 3137 b.
195 3083 338 3151 Virginem
365 3086 394 3136 et
419 3099 440 3136 s.
463 3081 617 3150 Josephum
641 3082 835 3150 principaliter
859 3082 1018 3136 ordinatum
1042 3083 1126 3138 fuerit

59 3169 160 3232 propter
177 3166 316 3221 Christum
333 3165 495 3231 Dominum,
520 3170 552 3219 ut
569 3164 684 3220 haberet
701 3168 836 3231 tutorem,
860 3165 1008 3220 nutritium
1033 3169 1061 3218 et
1077 3166 1124 3218 ad·

57 3241 163 3308 jutorem
180 3249 384 3314 fidelissimum,
410 3252 441 3301 ut
456 3261 541 3316 porro
565 3246 616 3300 sub
637 3249 808 3302 matrimonii
831 3247 966 3302 velamine
983 3247 1125 3316 legitimus

60 3332 190 3393 putaretur
207 3335 236 3384 et
253 3333 367 3398 propter
390 3329 417 3384 b.
435 3329 591 3398 Virginem,
617 3333 648 3383 ot
665 3330 794 3384 comitem
816 3332 845 3382 et
861 3330 984 3383 solamen
993 3329 1125 3384 'haberet

59 3409 110 3464 lam
133 3429 197 3467 vero
222 3429 307 3481 quum
331 3413 439 3466 bonitas
465 3417 493 3466 et
517 3412 667 3465 necessitas
691 3412 846 3466 mediorum
869 3430 885 3466 a
907 3414 1073 3468 necessitate
1097 3417 1126 3468 et

59 3491 170 3550 bonitate
187 3495 250 3548 finis
264 3494 385 3563 pendeat
398 3499 426 3548 et
441 3499 567 3548 cessante
585 3510 668 3548 causa
683 3494 769 3560 finali,
783 3496 866 3549 etiam
882 3497 955 3549 ratio
971 3496 1125 3550 mediorum

59 3582 143 3644 cesset,
156 3577 222 3632 hino
240 3576 390 3631 dicendum
408 3579 456 3642 est,
471 3595 493 3630 s.
506 3576 524 3630 J
525 3576 657 3644 osephum
672 3595 728 3631 non
745 3577 839 3632 statim
852 3581 916 3646 post
930 3579 1125 3632 duodecimum

60 3659 149 3715 Christi
166 3649 268 3718 annum
292 3661 407 3726 obiisse,
432 3660 496 3728 quia
513 3659 636 3714 Christus
653 3660 786 3715 Dominus
813 3665 841 3714 et
864 3659 1023 3715 beatissima
1039 3663 1126 3731 Virgo

59 3759 133 3812 usque
155 3744 191 3798 ad
207 3744 442 3814 praedicationem
463 3744 605 3812 publicam
628 3745 782 3798 ministerio
805 3749 834 3798 et
854 3744 949 3798 labore
974 3763 993 3800 s.
1011 3745 1124 3814 Josophi

60 3834 193 3898 eguerunt;
219 3832 344 3881 mortuus
368 3843 435 3882 vero
461 3831 502 3881 est
528 3832 592 3881 ante
617 3828 726 3896 nuptias
751 3827 841 3882 Canae
866 3827 1035 3895 celebratas,
1062 3828 1127 3898 quia

58 3907 111 3963 finis
127 3911 341 3966 ministeriorum
358 3927 470 3964 suorum
486 3909 603 3979 finisque
621 3911 740 3966 cessavit
755 3910 933 3966 matrimonii.

100 3995 133 4060 ·¹)
150 3995 220 4048 Iac.
238 3998 305 4049 tom.
324 3993 374 4060 ΙΙΙ,
390 3995 472 4049 tract
491 3991 563 4048 XlX.
