2728 4554
764 375 825 435 410

254 533 467 602 Cariatharbe
488 534 509 598 i.
528 555 554 599 e.
572 533 706 600 Hebron
727 551 785 599 seu
802 533 953 599 Ohebron
973 534 1008 599 in
1028 535 1160 619 regione
1178 540 1309 600 montana

253 633 341 700 Juda
361 633 459 698 sitam
486 639 521 698 et
541 632 768 698 sacerdotibus
789 632 928 698 harenis
954 631 1030 700 filiis
1057 635 1101 700 ad
1121 633 1310 700 habitandum

254 731 458 815 designatam
485 730 594 796 fuisse.
637 729 774 814 Legitur
801 731 887 796 enim
915 734 949 796 in
977 732 1061 798 libro
1083 733 1228 815 Josue¹):
1258 731 1311 813 ,De

254 829 405 898 tribubus
425 829 567 895 filiorum
582 831 669 896 Juda
691 837 724 896 et
744 831 875 896 Simeon
896 831 988 896 dedit
1003 832 1104 897 Josue
1126 833 1312 897 civitates...

255 930 469 995 cariatharbe
489 931 594 1013 patris
615 930 720 1007 Euae,
750 951 834 1012 quae
860 937 997 995 vocatur
1016 930 1152 996 Hebron
1172 932 1205 995 in
1224 935 1314 995 monte

253 1028 348 1107 Juda,
372 1035 406 1094 et
426 1029 615 1094 suburbana
637 1030 706 1112 ejus
726 1049 786 1111 per
807 1028 1011 1094 circuitum.“

317 1127 439 1192 Civitas
460 1127 541 1192 haec
562 1127 674 1192 multis
698 1127 882 1192 nominibus
904 1134 977 1193 erat
995 1128 1141 1212 insignis.
1185 1126 1315 1210 ,Hebron

255 1226 441 1309 indigenae,
471 1225 578 1310 inquit
605 1226 625 1292 J
632 1225 811 1308 osephus,
821 1227 847 1309 ²)
880 1225 1006 1305 ferunt,
1037 1247 1103 1291 non
1132 1227 1201 1311 ejus
1228 1233 1315 1290 terrae

256 1324 352 1389 modo
385 1324 588 1404 civitatibus,
626 1345 738 1391 verum
773 1325 874 1390 etiam
907 1326 1046 1409 Aegypti
1076 1326 1220 1410 Memphi
1251 1323 1317 1388 anti·

257 1424 419 1507 quierem:
453 1423 591 1507 denique
620 1423 684 1488 duc
713 1423 816 1488 millia
844 1431 879 1489 et
899 1425 1039 1489 trecenti
1068 1425 1138 1507 ejus
1167 1443 1318 1489 connume-

168 1594 172 1604 ,
256 1529 371 1588 rentur
402 1519 521 1588 annif‘
563 1523 662 1604 ,Inde
694 1543 907 1605 consurgens,
941 1523 1057 1588 scribit
1093 1545 1130 1587 s*
1151 1523 1318 1603 Hierony·

257 1623 388 1704 mus,³)
426 1621 575 1686 ascendit
608 1621 773 1700 Chebron,
812 1622 892 1686 haec
925 1628 975 1687 est
1007 1621 1222 1686 Cariatharbe
1252 1621 1269 1683 i.
1298 1639 1317 1682 e.

258 1720 414 1804 oppidum
445 1721 587 1785 virorum
619 1722 790 1804 quatuor.“
839 1720 891 1786 Ibi
923 1721 1009 1785 enim
1037 1720 1218 1799 Abraham,
1244 1719 1318 1784 Isaac

258 1826 292 1884 et
312 1819 429 1898 Jacob,
459 1819 557 1884 sicuti
577 1819 695 1897 Adam,
717 1819 852 1884 humani
872 1819 999 1902 generis
1020 1820 1187 1903 princeps,
1216 1815 1319 1884 conditi

259 1918 378 2000 sunt.⁴)
428 1917 508 1999 ,Est
542 1939 680 2001 quercus
713 1917 860 1982 Mambre
894 1917 990 2000 juxta
1023 1917 1191 1997 Ohebron,
1230 1916 1318 2000 inquit

258 2015 497 2100 Beronius,⁵)
529 2017 564 2080 in
585 2037 774 2100 quousque
796 2016 838 2080 ad
860 2021 1003 2082 aetatem
1024 2016 1184 2084 infantiae
1212 2017 1240 2081 d.
1259 2015 1319 2080 Hic-

136 2146 139 2153 ·
258 2117 384 2200 ronymi
416 2123 450 2182 et
478 2116 664 2182 Constantii
694 2117 779 2200 regis
810 2117 983 2200 imperium
1014 2118 1220 2183 terebinthus
1249 2135 1319 2180 mon·

259 2221 384 2281 stratur
403 2223 556 2298 pervetus
578 2223 611 2282 et
632 2237 733 2282 annos
756 2214 981 2300 magnitudine
1007 2215 1172 2295 indicans,
1195 2216 1319 2296 subque

259 2315 420 2380 habitavit
441 2314 635 2382 Abraham.“
677 2315 759 2380 Erat
780 2336 855 2398 ergo
881 2314 995 2379 civitas
1015 2314 1151 2380 Hebron
1170 2313 1320 2379 notissime

259 2413 398 2496 ideoque
427 2435 451 2478 s.
473 2412 579 2479 Lucas
601 2435 673 2479 eam
699 2414 958 2480 antonomastice
986 2413 1133 2496 appellat
1154 2413 1320 2496 ,civitatem

259 2512 375 2578 Juda.“

261 2656 264 2662 ‚
325 2617 351 2675 1.
384 2593 539 2677 Attamen
561 2618 595 2677 et
611 2613 692 2678 haec
714 2611 822 2695 opinio
844 2609 933 2674 haud
951 2610 1091 2676 multum
1107 2611 1225 2694 placet
1261 2608 1320 2672 Per·

260 2709 389 2775 tinebat
409 2711 541 2794 quidem
559 2711 692 2777 Hebron
714 2711 756 2775 ad
773 2731 943 2775 numerum
956 2708 1095 2775 *urbium
1112 2710 1220 2776 tribus
1235 2706 1319 2773 Judae

261 2808 485 2874 sacerdotibus
514 2810 556 2875 ad
583 2809 799 2874 habitandum
831 2808 1090 2891 designatarum,
1124 2808 1183 2873 sed
1210 2805 1319 2871 minine

262 2911 334 2972 erat
360 2907 446 2972 sola
472 2914 512 2973 et
533 2909 649 2974 unica
675 2908 769 2974 urbs
796 2906 1074 2973 sacerdotalis.
1117 2907 1233 2972 Tribus
1251 2902 1319 2970 Jndr

262 3005 344 3070 alias
367 3005 473 3070 adhuc
494 3008 703 3086 numerabat,
733 3028 850 3090 nempe
869 3006 1000 3085 Jether‚
1023 3006 1196 3085 Esthemo,
1223 3001 1318 3076 Holcu

262 3103 374 3183 Dabir,
397 3104 467 3183 Ain,
486 3105 570 3186 Jeta,
593 3107 791 3172 Bethsamee.
837 3105 944 3182 Quare
967 3125 1043 3188 ergo
1064 3105 1144 3169 urbs
1166 3095 1319 3168 Abrahumi

262 3225 341 3287 prae
354 3205 511 3272 ,omnibus
538 3207 611 3271 aliis
640 3207 828 3272 civitatibus
857 3205 1114 3271 sacerdotalibus
1141 3203 1251 3268 civitas
1269 3197 1318 3270 ille

263 3304 354 3386 cujus
375 3304 583 3387 Evangelista
610 3306 808 3370 mentionem
829 3304 959 3382 feccrit,
988 3301 1198 3368 nominatur?
1228 3300 1260 3365 Si
1282 3315 1319 3359 ce

220 3453 223 3458 .
262 3403 427 3469 lebritatis
455 3412 681 3488 argumentum
709 3411 859 3488 urgetur,
890 3403 1054 3469 sententia
1074 3396 1318 3466 Bethleemitieae

263 3502 390 3568 civitati
416 3503 528 3568 favens
556 3505 625 3568 sine
653 3503 722 3567 ulla
750 3502 956 3568 dubitatione
985 3501 1059 3584 plus
1091 3499 1239 3564 omnibus
1263 3490 1319 3558 aliis

262 3602 349 3668 valet
377 3604 556 3668 sententiis.
600 3603 766 3681 Quomodo
793 3622 891 3685 porro
920 3599 1121 3677 sacerdotes,
1151 3589 1319 3680 praesertim

331 3851 350 3917 ¹)
367 3850 451 3905 Josue
469 3850 543 3916 XXI,
560 3851 584 3905 9.
603 3852 642 3903 11.
684 3849 706 3915 ²)
729 3848 769 3902 De
791 3846 866 3900 bello
884 3844 1001 3899 Jndaicc
1024 3843 1074 3898 lib.
1090 3843 1124 3909 V,
1142 3859 1186 3912 cp.
1202 3845 1225 3896 7.
1261 3837 1278 3904 ¹)
1295 3831 1319 3884 1ss

265 3931 407 4001 epitaphio
432 3933 534 3988 Paulae
561 3949 603 4000 cp.
629 3934 669 3987 27.
714 3932 736 3998 ⁴)
759 3931 826 3985 Gen.
851 3927 965 3993 XXXV,
989 3930 1029 3982 27.
1076 3926 1097 3993 ⁵)
1124 3910 1320 3995 Apparatus-d

266 4015 387 4071 Annales
404 4016 473 4070 eccl.
490 4020 556 4071 tom.
574 4015 595 4080 1,
613 4029 676 4084 pag.
692 4015 733 4068 44.
