2728 4560
732 337 795 397 268

223 518 372 576 suarum,
402 496 576 579 speciatim
600 497 763 562 castitatis
792 497 975 580 virginalis,
1004 497 1144 563 vidualis
1172 505 1204 564 et
1228 520 1289 563 con·

221 587 340 679 jugalis
362 616 441 660 suae
463 596 610 679 exemplo
633 595 783 661 omnibus
805 597 914 660 omnia
934 595 1024 661 facta
1046 604 1111 676 est,
1139 603 1177 663 ut
1196 618 1290 662 omnes

224 695 378 777 virgineS,
410 715 585 778 omnesque
613 694 728 758 viduas
758 700 792 758 et
814 695 967 778 conjuges
996 695 1038 759 ad
1060 717 1095 760 se
1117 696 1290 760 imitandam

223 794 431 878 provocarit?
461 794 611 876 Suscepit
632 793 737 858 Maria
758 794 953 877 conjugium,
978 795 1058 878 quin
1076 816 1218 878 unquam
1235 817 1290 860 mu·

224 894 345 960 taverit
366 893 563 977 virginitatis
581 899 705 985 sotum.
1079 897 1080 900 ’

722 1085 755 1168 fi.
778 1081 812 1151 3;

247 1239 544 1303 Matrimonium
570 1237 831 1303 beatissimae
858 1238 1037 1321 Virginis
1067 1259 1152 1302 cum
1179 1259 1201 1303 s.
1226 1237 1276 1302 Jo-

467 1337 562 1420 seph
588 1337 668 1402 fuit
697 1336 1066 1406 convenientissimum.

286 1484 457 1564 Nonnulli,
493 1485 550 1569 qui
581 1507 646 1550 non
676 1484 784 1550 divino
815 1483 1039 1568 ineffabilique
1069 1484 1216 1562 consilio,
1248 1480 1292 1546 sed

223 1584 330 1651 lubito
352 1591 452 1668 atque
473 1584 638 1669 ingeniolo
662 1605 720 1648 suo
743 1584 888 1648 dimetiri
909 1605 961 1648 res
983 1583 1111 1662 volunt,
1133 1583 1292 1665 plurimun

224 1683 287 1748 sibi
320 1683 491 1766 displicere
530 1685 624 1767 ajunt
657 1684 858 1749 catholicum
887 1683 1018 1766 dogma,
1062 1705 1126 1767 quo
1159 1682 1292 1757 traditur,

225 1803 266 1846 cx
283 1783 439 1866 virgine
457 1782 598 1867 quidem,
619 1782 678 1848 sed
693 1789 804 1848 tamen
823 1789 948 1866 nupta
969 1783 1059 1846 nasci
1078 1782 1217 1847 voluisse
1233 1801 1293 1864 pro·

225 1883 361 1948 missum
372 1882 533 1948 Messiam.
562 1883 680 1948 Melius
700 1883 831 1964 (horum
853 1882 984 1966 quidem
999 1882 1138 1964 judicio)
1160 1878 1294 1964 dignitati

209 1987 326 2065 atque
356 1981 570 2047 excellentiae
598 1982 746 2065 mysterii
774 1983 870 2064 hujus
898 1981 1017 2046 fuisset
1051 1981 1243 2059 consultum,
1273 1977 1295 2041 si

226 2101 266 2146 ex
294 2081 417 2146 tenella
443 2082 477 2145 in
506 2082 587 2146 aede
617 2081 729 2165 aliqua
754 2083 878 2165 jugiter
907 2081 1059 2146 conclusa
1087 2103 1125 2146 ac
1153 2080 1231 2145 nulli
1249 2079 1294 2142 ho·

225 2181 350 2245 minum
378 2181 490 2263 pervia
516 2181 639 2264 virgine
661 2187 758 2246 natus
779 2180 898 2260 fuisset
919 2181 1107 2263 unigenitus
1131 2180 1194 2244 Dei
1214 2177 1293 2242 filius.

226 2278 462 2362 Cognovissent
490 2280 616 2345 scilicet
643 2287 714 2345 tum
744 2300 868 2358 omnes,
903 2300 975 2344 eam
1005 2300 1090 2357 esse,
1122 2299 1217 2362 quam
1239 2277 1294 2360 jam

225 2377 353 2461 pridem
374 2378 553 2444 notissimis
574 2379 682 2444 verbis
700 2379 911 2462 praedixerat
928 2377 1031 2443 Isaiae
1052 2377 1191 2461 ideoque
1211 2376 1295 2441 etiam

226 2478 432 2543 Emmanueli
453 2499 493 2542 ex
513 2479 575 2542 hoc
604 2479 674 2560 ipso
703 2483 894 2561 argumento
920 2477 1107 2542 hominibus
1139 2473 1295 2540 manifesto

226 2577 454 2642 convenientia
475 2576 705 2660 praebuissent
727 2576 892 2660 obsequia.
904 2577 929 2656 ¹)

289 2675 412 2740 Contra
440 2676 514 2742 illos
544 2698 603 2741 sua
632 2677 764 2759 quidem
793 2677 945 2758 opinione
974 2674 1154 2758 prudentes
1182 2678 1296 2738 contan-

226 2774 349 2853 dimus,
367 2815 369 2818 -
387 2775 632 2839 matrimonium
664 2775 848 2840 Marianum
885 2795 950 2838 non
987 2773 1092 2837 solum
1127 2794 1235 2838 verum
1266 2788 1295 2832 ac

225 2872 368 2951 licitum,
402 2873 460 2938 sed
489 2874 588 2939 etiam
617 2866 957 2940 convenientissimum
985 2872 1086 2938 fuisse
1120 2880 1154 2938 et
1182 2869 1296 2956 quiden

226 2978 389 3053 exparte
419 2973 578 3051 Dei,‘ex
609 2979 704 3055 parte
738 2971 962 3038 Salvatoris
994 2973 1114 3051 nostri,
1149 2994 1189 3036 ex
1217 2973 1296 3054 parte

224 3091 249 3152 s.
279 3069 486 3152 Deiparae,
516 3071 613 3136 sicuti
643 3077 799 3154 exparte
820 3077 968 3136 nostra.
1011 3070 1086 3136 Non
1107 3071 1204 3136 modo
1223 3069 1295 3142 lieet,

226 3167 284 3234 sed
313 3176 347 3234 et
368 3169 463 3234 decet
485 3176 520 3234 et
539 3167 692 3253 prodest,¹
718 3169 815 3253 hujus
844 3169 1025 3234 voluntatis
1054 3176 1155 3254 atque
1184 3169 1296 3251 dispen-

223 3268 360 3333 sationis
381 3290 496 3334 causas
517 3267 669 3333 modeste
692 3269 859 3352 inquirere
888 3268 1066 3352 seduloque
1089 3262 1295 3351 contemplari

221 3366 312 3432 Haec
333 3368 420 3432 enim
441 3367 678 3433 animadversio
696 3387 807 3433 veram
826 3374 860 3433 et
877 3367 1096 3432 necessariam
1115 3369 1150 3431 in
1169 3362 1297 3432 Ecclesia

220 3464 320 3530 fidem
346 3466 493 3533 illustrat
521 3467 659 3532 docente
687 3486 768 3531 ven.
799 3466 996 3549 Oanisio2)
1030 3488 1068 3531 ac
1099 3466 1217 3532 deinde
1245 3463 1296 3528 sin·

174 3643 177 3648 1
222 3565 369 3649 gularem
397 3567 480 3650 ,Dei
508 3568 652 3632 suaviter
680 3587 718 3632 ac
746 3566 881 3632 fortiter
913 3567 1023 3632 omnia
1053 3558 1294 3649 disponentis“³)

290 3817 310 3886 ¹)
328 3817 382 3873 Cir.
400 3817 587 3872 Trombelliua
604 3815 709 3870 Mariae
738 3813 926 3868 sanctissimae
950 3814 1008 3869 vita
1026 3829 1058 3866 ac
1075 3811 1296 3882 gastrarumque

225 3899 268 3953 illi
290 3900 433 3955 adhibitus
455 3917 483 3969 p.
500 3900 539 3966 ll,
555 3899 620 3954 diss.
637 3899 672 3966 X,
690 3905 797 3968 quaeat.
814 3896 848 3962 V,
867 3913 910 3966 ep.
930 3900 952 3952 1.
994 3897 1015 3964 Ι)
1033 3895 1074 3950 De
1092 3895 1181 3950 Maria
1198 3888 1297 3958 Virgine

225 3983 439 4056 incomparabili
457 3983 497 4037 lib
515 3985 538 4037 ὅ.
572 3983 594 4049 ⁸)
613 3981 676 4050 Sap.
696 3981 717 4048 l,
735 3981 758 4036 8.
