2728 4554
570 355 629 412 401

67 517 181 596 Quibus
219 515 326 580 verbis
361 512 517 596 permoti,
558 512 678 578 docent
712 535 778 580 non
806 515 902 598 pauci
932 515 1137 599 interpretes,

66 617 92 682 b.
120 615 283 698 Virginem
314 635 379 677 non
407 632 467 695 per
497 612 692 694 integros
723 618 792 678 tres
824 635 950 680 menses
982 615 1138 684 mansisse

66 715 146 798 apud
164 711 388 778 Elisabetbam
409 731 469 776 nec
491 711 561 794 ejus
584 718 717 794 partum
739 719 937 796 expectasse,
960 713 1017 778 sed
1039 721 1136 780 ante

66 837 86 879 s.
105 814 125 879 J
133 812 278 878 oannis
300 809 579 875 nativitatem
602 811 737 876 rediisse
758 832 830 876 eam
853 810 1029 876 declarant.
1071 812 1137 878 Alii

64 935 132 978 vero
152 913 240 996 iique
269 908 449 992 gravissimi
477 916 628 974 auctores
657 909 688 974 b.
710 909 878 994 Virginem
908 931 973 974 non
1001 911 1136 976 rediisse

63 1016 236 1088 autumant,
258 1007 323 1072 nisi
349 1013 445 1091 post
474 1029 498 1072 s.
520 1005 824 1074 Praecursoris
852 1009 1133 1076 nativitatem.

62 1109 267 1192 Inspiciamus
288 1107 460 1189 utriusque
482 1106 665 1172 sententiae
687 1106 841 1172 rationes

468 1294 657 1360 Sentent.
687 1295 720 1359 I:

62 1451 311 1518 beatissima
331 1449 460 1533 Virgo
487 1455 584 1514 ante
611 1471 635 1513 s.
657 1449 1134 1518 loannisnativitatem

158 1569 163 1576 ·
520 1547 664 1612 rediit.

115 1701 277 1766 Probatur
300 1702 326 1761 1.
350 1718 397 1762 ex
419 1719 442 1760 s.
467 1695 700 1779 Scriptura.

114 1821 143 1864 a.
174 1800 346 1881 Tempore,
378 1817 442 1880 quo
463 1794 569 1860 Maria
592 1795 676 1860 abiit
695 1796 730 1860 in
750 1803 919 1875 montana,
942 1797 1133 1862 Elisabetha

60 1906 144 1964 sexto
165 1905 294 1964 tantum
313 1916 440 1974 mense,
470 1894 527 1978 qui
547 1902 679 1978 poterat
700 1915 770 1960 esse
791 1895 979 1974 inchoatae,
1002 1901 1131 1960 uterum

61 1998 218 2078 gestabat3
251 1995 357 2060 Maria
388 2015 463 2059 vcro
496 1993 584 2076 apud
611 1994 702 2058 illam
733 2015 797 2058 non
828 1993 935 2059 tribus
967 1994 1131 2060 mensibus

60 2096 220 2178 completis
244 2116 302 2159 seu
323 2093 474 2176 integris,
489 2175 490 2179 Ἰ
505 2092 563 2158 sed
583 2093 702 2178 ,quasi
731 2092 942 2157 mensibus
971 2093 1130 2157 tribus“

60 2195 184 2274 mausit3
216 2194 310 2277 atqui
330 2192 470 2256 feminae
490 2212 556 2256 non
576 2213 692 2275 parere
721 2192 840 2270 solent,
871 2191 934 2255 nisi
962 2191 1048 2256 circa
1077 2190 1130 2256 de-

59 2293 127 2356 cimi
146 2293 264 2358 mensis
285 2291 423 2356 initium.
466 2290 551 2374 Ergo
573 2291 604 2354 b.
620 2290 719 2373 Virgo
741 2312 807 2356 non
828 2291 1011 2372 expectavit
1032 2312 1056 2354 s.
1074 2290 1129 2356 Jo-

59 2393 142 2456 annis
167 2390 388 2469 nativitatem,
421 2411 519 2473 quam
539 2390 654 2473 procul
683 2390 782 2455 dubio
811 2411 876 2453 non
896 2389 996 2454 fuisse
1017 2390 1129 2456 imma-

58 2495 170 2568 turam,
201 2488 259 2554 sed
280 2488 391 2552 debito
413 2495 560 2571 tempore
588 2486 710 2555 factam
731 2487 928 2554 credendum
955 2495 1014 2554 est.
1056 2489 1128 2554 Huc

58 2589 188 2668 accedit,
223 2586 311 2670 quod
342 2587 531 2651 beatissima
558 2585 657 2669 Virgo
690 2594 766 2670 post
793 2587 972 2670 angelicam
1004 2609 1128 2652 annun-

56 2687 219 2752 tiationem
239 2685 283 2750 ad
303 2692 475 2768 cognatam
497 2706 589 2749 suam
609 2684 771 2768 proficisci
791 2707 856 2750 non
878 2686 1051 2765 distulerit,
1071 2688 1128 2752 scd

57 2787 195 2864 protinus
224 2786 290 2850 iter
318 2784 482 2866 suscipere
511 2782 731 2864 festinaverit,
762 2785 850 2868 quod
872 2786 1049 2851 clarissime
1070 2787 1128 2851 illa

56 2881 213 2968 Evangelii
233 2884 332 2954 verba
353 2882 501 2958 indicant
527 2904 743 2967 ,exurgens
762 2884 892 2953 Maria
919 2884 1021 2950 abiit
1043 2907 1126 2948 cum

57 2979 364 3049 festinatione.“
1032 2975 1034 2978 ’

108 3081 138 3146 b.
177 3081 308 3146 Veritas
342 3079 440 3162 hujus
478 3080 661 3150 sententiae
699 3102 738 3146 ex
772 3088 929 3147 contextu
959 3083 1127 3166 Evangelii
1154 3076 1157 3082 ’

55 3177 165 3264 absque
197 3179 399 3264 praejudicio
430 3179 571 3262 inspecti
602 3187 703 3264 patet.
759 3182 789 3247 S.
822 3183 926 3248 Lucas
961 3184 1047 3248 enim
1078 3182 1126 3247 ita

54 3277 200 3362 refert:1)
244 3278 412 3361 ,Mansit
451 3285 583 3343 autem
616 3278 742 3344 Maria
781 3302 865 3346 cum
902 3280 976 3348 illa
1012 3283 1125 3366 quasi
1210 3276 1212 3283 ’

56 3377 244 3442 mensibus
270 3376 416 3456 tribus,
440 3383 480 3441 et
501 3399 661 3442 reversa
689 3378 809 3443 estin
831 3380 983 3444 domum
1007 3402 1123 3445 suam.

56 3470 255 3548 Elisabeth
282 3483 415 3550 autem
435 3475 642 3559 impletum
670 3483 731 3542 est
752 3484 907 3561 tempus
928 3480 1123 3563 pariendi,

56 3578 88 3635 et
105 3576 263 3658 peperit
289 3574 452 3640 filium.“
495 3575 580 3658 Ergo
603 3582 733 3660 tempus
754 3577 904 3660 pariendi
926 3578 1125 3662 sequebatur

53 3667 80 3733 b.
99 3673 237 3758 Virginis
259 3673 409 3738 reditum.
807 3759 810 3763 ⁴

108 3793 131 3835 c.
165 3773 200 3838 Si
226 3773 257 3837 b.
286 3771 384 3854 Virgo
414 3777 562 3854 tempore
590 3772 773 3838 nativitatis
802 3795 826 3838 s.
854 3775 989 3840 Joannis
1017 3774 1124 3840 adhuc

62 3910 246 3928 'Q-—n——n

111 3986 130 4052 ¹)
146 3959 168 4054 1,
185 3989 219 4042 sc
235 4004 275 4056 sq.

903 4051 958 4123 'aa
