2730 4548
752 336 812 397 316

303 498 389 576 Quid
421 519 497 581 ergo
528 497 697 581 prohibet,
733 517 774 561 ne
813 495 975 560 dieamus:
1011 495 1150 560 Mariam
1179 500 1307 577 quatuor

239 597 371 663 circiter
389 597 554 662 mensibus
572 602 650 661 ante
669 595 865 678 legationem
884 594 1045 660 Gabrielis
1063 595 1164 660 fuisse
1178 593 1307 675 losepho

239 697 414 779 sponsione
435 696 643 778 promissam,
666 693 779 778 sicque
801 693 1031 776 desponsatam
1052 700 1121 759 tres
1142 713 1257 758 menses
1275 693 1309 755 in

241 795 376 860 aedibus
405 794 550 877 paternis
580 813 650 858 esse
679 799 857 871 versatam,
892 783 1010 875 quarto
1039 815 1115 858 vero
1143 794 1265 856 ineunte
1290 811 1309 854 a

223 887 419 960 ‘contractis
448 893 653 976 sponsalibus
680 913 791 958 mense
820 893 1064 958 matrimonium
1092 890 1225 957 solemni
1248 890 1309 953 ritu

240 1015 315 1058 oum
341 1015 366 1058 s.
387 993 510 1075 Joseph
536 992 647 1056 iniisse
670 992 758 1056 etin
779 991 895 1056 iisdem
922 991 1058 1056 aedibus
1078 990 1227 1054 habitare
1247 1008 1308 1052 ooe-

239 1093 326 1176 pisse
349 1099 426 1157 ante
448 1091 610 1156 Gabrielis
636 1091 853 1173 legationem?
884 1091 974 1155 Haec
996 1089 1186 1155 Gravesonii
1207 1087 1308 1184 vopinio

239 1213 317 1256 sane
335 1191 409 1274 plus
428 1190 566 1274 praebet
583 1189 835 1272 probabilitatis,
856 1211 954 1272 quam
976 1189 1164 1272 conjectura
1185 1209 1205 1252 a
1221 1187 1309 1266 Lamy

240 1289 433 1372 excogitata.

301 1389 367 1454 Alii
388 1388 570 1454 sententiae
591 1387 709 1470 prioris
731 1388 863 1470 patroni
885 1388 1069 1452 concedunt
1090 1387 1236 1470 quidem,
1262 1385 1308 1448 he·

240 1488 421 1552 atissimam
452 1487 619 1569 Virginem
651 1494 829 1569 tempore
861 1486 1079 1569 legationis
1111 1487 1151 1549 in
1183 1485 1309 1550 iisdem

240 1608 324 1651 cum
353 1607 377 1650 s.
398 1584 546 1668 loseph
576 1584 743 1650 aedibus
772 1585 988 1664 habitasse,
1011 1607 1076 1650 non
1097 1607 1174 1650 vero
1195 1582 1308 1648 vinculo

239 1685 440 1752 matrimonii
461 1684 501 1748 de
523 1684 705 1766 praesenti,
735 1684 793 1748 sed
815 1684 855 1748 de
883 1683 997 1749 futuro
1019 1691 1150 1749 tantum
1172 1705 1244 1748 eum
1263 1681 1309 1744 illo

239 1785 447 1867 conjunctam
476 1784 645 1866 nitentque
666 1805 725 1866 pro
755 1785 852 1867 hujus
880 1784 1042 1867 opinionis
1070 1784 1209 1847 veritate
1236 1781 1309 1844 inter

238 1882 320 1948 alios
356 1903 379 1946 s.
414 1882 735 1965 chrysostomum
770 1889 804 1947 et
836 1905 859 1946 s.
889 1882 1151 1960 Bernardum,
1186 1898 1310 1963 quemn

238 1981 293 2046 ille
304 1983 328 2064 1)
361 1982 410 2046 ita
438 1981 600 2063 loquitur:
634 1981 727 2063 „Non
756 1981 852 2059 dixit,
883 1987 1060 2064 antequam
1088 1980 1259 2044 dulcoretur
1281 1976 1309 2038 iu

240 2080 371 2144 domum
389 2079 514 2162 sponsi:
537 2080 626 2144 intus
642 2081 728 2144 enim
739 2081 807 2162 jam
827 2086 913 2158 erat3
932 2101 1009 2144 nam
1024 2100 1094 2143 mos
1108 2078 1223 2160 priscis
1241 2080 1308 2150 erat,

239 2200 374 2261 sponsas
400 2185 439 2243 ut
466 2177 679 2260 plurimum
706 2179 809 2243 domi
837 2185 975 2243 tenere
998 2228 1004 2242 .
1028 2227 1035 2240 .
1059 2225 1097 2240 ..
1141 2174 1310 2240 Habitabat

240 2298 316 2360 ergo
346 2284 381 2343 et
408 2278 480 2359 ipsa
507 2299 581 2342 cum
609 2278 782 2360 Josepho.“
833 2279 983 2343 Ductor
1010 2275 1266 2355 Mellifluus2)
1295 2292 1309 2333 e

239 2381 384 2440 contra:.
409 2375 491 2457 ,Illa
528 2377 643 2459 utique
675 2376 740 2441 fuit
773 2377 858 2440 ratio
897 2375 1158 2459 desponsationis
1189 2371 1308 2447 Mariae,

239 2473 362 2556 inquit,
392 2494 476 2556 quae
498 2481 532 2539 et
560 2475 776 2540 dubitationis
796 2474 947 2539 Thomae.
991 2475 1073 2539 Mos
1105 2474 1138 2538 si
1168 2471 1310 2556 quidem

238 2573 259 2638 J
264 2572 480 2638 udaeorum
510 2579 596 2653 erat,
628 2581 667 2638 ut
694 2595 714 2638 a
741 2573 793 2638 die
823 2575 1082 2656 desponsationis
1113 2591 1192 2638 suae
1219 2587 1309 2652 usque
1354 2577 1355 2584 ’

240 2671 282 2735 ad
313 2677 442 2753 tempus
473 2673 663 2754 nuptiarum
695 2656 821 2755 spohsis
857 2694 995 2755 sponsae
1028 2673 1237 2738 traderentur
1265 2690 1310 2732 ou-

239 2769 444 2848 stodiendae,
474 2777 635 2853 quatenus
664 2793 777 2836 aarum
804 2772 869 2853 ipsi
897 2793 935 2835 eo
964 2772 1027 2835 sibi
1048 2771 1241 2854 pudicitiam
1265 2789 1310 2831 cu-

238 2868 358 2932 riosius
379 2877 554 2949 servarent,
573 2892 636 2953 quo
659 2871 722 2935 sibi
743 2871 805 2953 ipsi
822 2870 1198 2942 fidelioresexisterent.
1232 2869 1310 2934 Sicut

240 2988 316 3048 ergo
338 2967 477 3032 Thomas
499 2968 696 3048 dubitando,
726 2970 889 3053 palpando
912 2971 1197 3034 constantissimus
1217 2969 1310 3033 factus

239 3072 290 3130 est
327 3066 506 3131 dominicae
544 3068 711 3132 confessor
748 3068 1012 3147 resurrectionis,
1052 3070 1101 3134 ita
1138 3076 1173 3134 et
1202 3065 1310 3148 Joseph

239 3163 378 3227 Mariam
416 3164 478 3228 sibi
515 3165 756 3248 desponsandO,
797 3168 931 3250 ejusque
972 3169 1252 3232 conversationem
1283 3165 1310 3227 in

238 3268 385 3344 tempore
425 3264 593 3328 custodiae
632 3265 808 3330 studiosius
848 3266 1088 3348 comprobando
1119 3266 1236 3332 ‘factus
1272 3269 1311 3328 est

237 3360 416 3444 pudicitiae
437 3362 644 3428 fidelissimus
666 3365 791 3429 testis.“

276 3457 278 3462 ’
303 3459 367 3525 Sed
387 3462 588 3525 consuetudo
619 3463 684 3527 ista
712 3464 887 3528 authorum
907 3465 1108 3530 Judaeorum
1136 3464 1311 3532 testimonio

239 3558 374 3641 probari
402 3560 455 3623 vix
482 3568 600 3642 potest.
645 3563 785 3644 Sponsas
815 3565 941 3646 sponsis
970 3564 1005 3628 in
1034 3586 1147 3629 eorum
1178 3564 1311 3630 domibus

239 3658 282 3721 ad
305 3657 554 3723 custodiendum
575 3661 714 3726 traditas
744 3661 859 3742 fuisse,
890 3671 1004 3747 aperte
1032 3672 1134 3748 negat
1162 3666 1310 3730 Gemara

238 3755 497 3838 Babylonica,
543 3779 630 3841 ,qua
674 3765 818 3825 testante
863 3762 1042 3845 virginibus
1082 3763 1237 3830 Galilaeis
1275 3779 1308 3823 ne

239 3899 435 3910 -—--.

306 3970 324 4036 ¹)
342 3969 374 4022 ln
391 3969 492 4024 Matth.
508 3969 581 4025 hom.
599 3969 646 4036 IV,
665 3987 692 4026 n.
710 3975 733 4025 2.
749 4025 751 4028 ,
767 3973 788 4038 ²)
807 3973 895 4040 Super
912 3973 1014 4029 Missus
1031 3975 1105 4030 hom.
1124 3975 1160 4042 ll,
1178 3993 1205 4028 n.
1223 3975 1258 4026 12.
