2718 4556
721 289 781 350 376

209 449 334 534 Spiritu
362 455 556 534 conceptum
587 447 678 514 novit
706 453 741 513 ct
768 449 904 514 eandem
931 448 1153 533 augustiorem
1179 447 1275 513 existi·

209 550 319 628 mavit,
349 571 447 632 quam
475 555 513 614 ut
536 548 600 614 sibi
627 547 751 613 diutius
779 547 909 626 liceret,
943 568 1017 612 cum
1044 547 1103 612 illa
1128 547 1276 612 habitare.

208 649 310 713 Recte
339 648 459 713 idcirco
483 647 705 731 Evangelista
723 645 818 725 dicit,
849 667 869 710 a
889 646 1031 730 Josepho
1053 640 1193 730 ¹captum
1218 666 1277 711 esse

139 759 142 762 '
211 747 381 812 consilium
408 747 491 812 clam
520 768 672 830 sponsam
701 745 889 811 dimittendi
914 766 1020 829 neque
1050 744 1278 810 diffamatama
1345 765 1347 820 4

210 866 245 910 se
276 867 381 928 neque
420 845 582 928 objectam
613 844 701 928 vulgi
733 843 944 909 sermonibus.
997 845 1086 910 Bene
1117 845 1216 929 igitur
1243 843 1276 908 ab

93 952 95 955 ’
210 943 417 1027 Evangelista
446 945 510 1010 dici
541 945 685 1023 videtur,
720 945 806 1028 quod
835 965 907 1008 eam
937 943 1107 1009 diffamare
1138 944 1276 1010 noluerit.
1344 965 1346 1016 l

211 1041 284 1106 Non
296 1043 449 1122 enimait,
461 1043 575 1109 nolens
590 1065 662 1108 eam
677 1043 854 1120 infamare,
867 1042 924 1106 sed
941 1041 1141 1122 diffamare,
1155 1063 1276 1126 quorum
1344 1043 1349 1058 ”

211 1142 442 1206 vocabulorum
463 1143 567 1208 multa
589 1150 639 1207 est
662 1141 856 1206 differentia.
901 1141 992 1206 Sicut
1012 1141 1099 1205 enim
1120 1163 1185 1206 non
1205 1141 1277 1205 idem
1348 1220 1349 1226 ἵ

212 1239 373 1322 significat
401 1241 584 1322 ,scribere¹¹
613 1246 647 1306 et
676 1239 936 1322 ,proscribere,‘¹
966 1241 1125 1322 ,putare¹¹
1154 1246 1187 1306 et
1211 1241 1276 1321 ,im
1343 1251 1349 1321 Q

213 1339 366 1421 putare,¹¹
395 1340 550 1422 ,rogare¹‘
580 1345 614 1403 et
635 1337 851 1420 ,abrogare,¹¹
880 1338 926 1401 sic
955 1357 1061 1421 neque
1083 1338 1276 1421 ,diffamare“
1343 1351 1349 1420 s

214 1443 247 1501 et
274 1437 482 1519 ,infamare.¹¹
524 1437 672 1520 Namque
700 1436 898 1519 ,infamare¹¹
926 1435 1021 1515 facit,
1051 1444 1090 1502 ut
1116 1439 1277 1520 cogitemus
1348 1445 1349 1455 ³

213 1535 253 1600 de
286 1536 418 1618 publica
448 1536 588 1601 hominis
619 1535 757 1601 malefici
788 1535 1009 1618 patefactione
1041 1557 1079 1601 ac
1112 1537 1277 1613 delatioue;
1342 1549 1349 1606 f

214 1633 423 1716 ,diffamaref
461 1640 572 1699 autem
609 1635 830 1717 patefaciendi
865 1635 1091 1700 tantummodo
1127 1637 1277 1702 notionem

213 1731 344 1797 habet.‘¹
389 1733 441 1799 Sic
462 1733 527 1797 ille

274 1831 389 1896 Fusius
406 1832 616 1915 prosequitur
637 1831 667 1895 d.
684 1831 910 1896 Bernardus
933 1821 1068 1897 eandem
1088 1833 1275 1908 sententiam,

216 1951 313 2013 quam
352 1953 372 1995 a
408 1931 572 1995 veteribus
608 1930 757 2013 patribus
794 1930 997 2014 propositam
1021 1951 1107 1996 ¹esse
1146 1932 1276 1997 affirmat
1342 1919 1349 1999 Ῑ,

150 2032 152 2036 ’
216 2029 352 2111 ,Quare
375 2030 491 2112 inquit,
503 2030 526 2112 ¹)
548 2030 652 2095 voluit
673 2030 838 2095 dimittere
861 2031 953 2094 eam?
981 2031 1101 2113 Accipe
1122 2036 1158 2111 et
1178 2031 1209 2094 in
1228 2030 1277 2093 hoc
1342 2055 1349 2098 ἢ]

215 2147 280 2192 non
302 2149 421 2206 meam,
453 2127 510 2192 sed
531 2127 666 2192 Petrum
694 2129 906 2193 sententiam:
937 2135 1073 2211 propter
1092 2130 1154 2194 hoc
1174 2127 1279 2210 loseph

215 2227 319 2291 voluit
339 2227 505 2291 dimittere
527 2247 607 2306 eam,
629 2233 764 2310 propter
786 2226 873 2310 quod
895 2233 929 2292 et
946 2226 1062 2292 Petrus
1081 2229 1280 2294 Dominume

216 2347 250 2390 se
272 2325 454 2409 repellebat
474 2326 598 2391 dicens:
631 2325 724 2408 ,Exi
751 2347 771 2391 a
792 2347 848 2390 me
871 2326 1043 2406 Domine,
1067 2328 1160 2411 quia
1184 2329 1280 2393 homo
1348 2334 1349 2338 ’

216 2431 407 2509 peccator
434 2427 545 2508 sum,“
572 2433 708 2510 propter
735 2427 822 2509 quod
850 2431 884 2490 et
906 2426 1051 2491 centurio
1078 2448 1099 2491 a
1120 2427 1214 2492 domo
1233 2445 1282 2490 sua
1348 2459 1349 2462 ¹

218 2545 293 2590 eum
318 2525 529 2608 prohibebat,
566 2547 667 2609 quum
700 2525 838 2590 diceret:
877 2525 1069 2606 ,Domine
1101 2547 1181 2591 non
1210 2545 1281 2590 sum
1341 2531 1349 2564 “

217 2624 375 2707 dignus,
405 2631 450 2691 ut
478 2626 615 2690 intres
643 2624 717 2689 sub
747 2629 906 2689 tectum
934 2623 1092 2690 meum.¹¹
1140 2624 1193 2688 Ita
1219 2642 1282 2704 ergo
1343 2672 1349 2710 3

218 2730 252 2789 et
277 2724 399 2806 Joseph
426 2724 594 2807 indignum
624 2730 658 2788 et
685 2729 891 2805 peccatorem
919 2743 953 2786 se
982 2728 1140 2804 reputans
1169 2721 1283 2786 dicebat
1343 2717 1349 2790 ¹3

218 2824 305 2888 intra
326 2845 369 2902 se,
388 2844 408 2887 a
429 2823 489 2888 tali
512 2828 582 2888 eta
603 2829 698 2887 tanta
718 2842 784 2886 non
805 2820 924 2885 debere
947 2821 1010 2886 sibi
1027 2822 1116 2886 ultra
1136 2822 1282 2887 familiare
1343 2831 1349 2889 s

218 2922 379 3003 praestari
411 2920 674 3000 contubemium‚
708 2921 800 3004 cujus
832 2923 934 3002 supra
963 2941 998 2984 se
1028 2921 1211 2986 mirabilem
1239 2941 1282 2984 ex·
1348 2949 1349 2987 ς

218 3020 413 3103 pavescebat
452 3018 655 3102 dignitatem.
716 3020 859 3085 Videbat
903 3009 937 3083 et
974 3018 1131 3086 horrebat
1172 3020 1281 3085 divinae
1348 3065 1349 3078 ,

218 3119 424 3202 praesentiae
453 3118 669 3183 certissimum
695 3125 879 3202 gestantem
899 3117 1039 3200 insigne:
1073 3126 1108 3184 et
1136 3120 1210 3202 quia
1227 3137 1281 3199 my·
1348 3125 1349 3130 ’

220 3218 356 3282 sterium
383 3224 556 3300 penetrare
587 3240 653 3283 non
680 3224 827 3301 poterat,
860 3217 992 3283 volebat
1019 3216 1184 3283 dimittere
1213 3235 1278 3280 eam.

220 3316 359 3399 Expavit
379 3316 495 3380 Petrus
516 3318 683 3398 potentiae
705 3316 979 3400 magnitudinem,
1001 3317 1132 3398 expavit
1151 3313 1279 3381 centurio
1348 3347 1349 3352 κ

154 3465 156 3470 s
220 3415 424 3497 praesentiae
455 3415 669 3498 majestatem.
719 3415 897 3480 Exhorruit
927 3409 1080 3480 nimirum
1115 3422 1149 3480 et
1177 3409 1279 3494 Joseph
1348 3469 1349 3478 ,

221 3515 307 3579 sicut
326 3513 422 3578 homo
442 3514 538 3596 hujus
559 3515 645 3580 tanti
666 3513 815 3579 miraculi
835 3515 1029 3593 novitatem,
1059 3514 1203 3597 mysterii
1219 3529 1278 3594 pro·

221 3612 418 3678 funditatem
440 3619 474 3678 et
488 3613 562 3678 ideo
585 3613 711 3678 occulte
731 3613 834 3678 voluit
855 3613 1019 3678 dimittere
1042 3634 1122 3678 eam.
1159 3608 1276 3682 Miraris,
1348 3617 1349 3644 ἒ

223 3710 310 3794 quod
326 3710 448 3794 loseph
468 3713 678 3796 praegnantis
699 3733 768 3777 sese
790 3713 952 3779 consortio
969 3712 1113 3796 Virginis
1131 3707 1278 3796 judicabat
1348 3768 1349 3772 ,

220 3853 416 3866 —e—

290 3927 308 3992 ¹)
326 3926 389 3995 Sep.
407 3927 508 3982 Missus
524 3926 598 3982 hom.
615 3926 650 3982 ll.
