2726 4560
592 361 630 422 39

57 524 225 608 ,Prima
242 521 331 606 quod
342 520 516 604 Angelicus
532 521 646 588 eadem
661 523 790 588 ratione
803 522 932 603 dixerit,
944 523 976 588 b.
985 523 1151 608 Virginem

1 674 2 678 ,
46 625 243 690 'immunem
264 620 307 686 ab
329 620 480 704 originali
500 628 636 704 peccato
656 621 773 701 luisse,
796 643 862 706 qua
883 643 955 688 eam
975 623 1150 690 immunem

57 723 102 788 ab
130 720 262 788 actuali
288 740 375 784 noxa
403 720 559 784 asseruit:
584 721 729 803 jamvero
756 721 830 786 ideo
860 722 972 786 extitit
999 722 1151 788 immunis

56 822 160 904 Virgo
185 819 293 884 Maria
314 818 356 883 ab
378 818 503 884 actuali
522 826 675 902 peccato,
705 820 784 904 quia
804 843 972 906 nunquam
992 823 1075 887 illud
1095 822 1151 888 ad-

56 921 161 985 misit.
207 919 296 1000 Ergo
318 939 336 981 e
359 918 465 983 sancti
485 918 637 984 Doctoris
667 920 832 985 sententia
854 920 1006 984 immunis
1026 921 1153 1003 pariter

56 1019 126 1084 fuit
155 1018 201 1082 ab
231 1017 383 1100 originali
411 1017 554 1096 macula,
584 1018 661 1100 quia
689 1017 781 1082 illam
809 1039 976 1102 nunquam
1003 1019 1151 1084 incurrit.

58 1116 264 1194 Secundo,
284 1115 372 1198 quod
392 1123 559 1198 comparet
576 1117 646 1199 ejus
664 1118 844 1200 puritatem
862 1117 971 1200 quoad
988 1138 1151 1182 recessum

56 1239 77 1281 a
99 1222 245 1299 peceato
274 1235 348 1281 eum
376 1213 448 1296 ipsa
469 1214 531 1279 Dei
558 1216 721 1298 puritate,
755 1215 803 1280 ita
832 1222 956 1294 tamen,
986 1216 1079 1281 utin
1101 1237 1150 1296 ea,

57 1317 187 1400 quippe
208 1335 300 1380 mera
328 1319 495 1392 creatura,
528 1313 677 1396 potentia
697 1313 741 1378 ad
770 1314 971 1397 peccandum
993 1314 1151 1393 extiterit,

57 1437 146 1498 quae
166 1415 240 1479 Deo
261 1415 367 1478 inesse
385 1433 451 1478 nou
467 1418 586 1494 potest.
620 1412 763 1478 Locutus
780 1413 917 1495 proinde
936 1420 987 1478 est
1004 1413 1151 1496 Aquinas

1 1555 2 1568 2
57 1515 101 1579 de
123 1513 335 1578 immunitate
357 1511 549 1590 omnimoda,
570 1533 668 1594 quam
685 1511 784 1594 Virgo
804 1533 844 1577 ex
864 1512 976 1577 divina
996 1512 1149 1595 largitate

57 1614 96 1677 in
118 1615 195 1696 ipso
218 1612 387 1694 Conceptu
409 1633 467 1676 suo
489 1611 610 1695 adepta
632 1613 712 1676 est.“
756 1613 808 1677 Sic
830 1612 895 1676 ille.

1 1703 2 1708 ¹
123 1717 153 1776 2.
189 1711 229 1776 In
259 1710 569 1776 Commentario
599 1710 649 1774 ad
681 1710 999 1776 Salutationem
1026 1712 1151 1794 Ange·

58 1812 189 1876 licam
220 1811 302 1876 haec
333 1809 510 1874 habentur:
549 1809 708 1891 „Excedit
740 1810 882 1893 Angelos
915 1816 1075 1894 quantum
1107 1809 1151 1873 ad

58 1911 261 1993 puritatem,
285 1909 363 1992 quia
382 1908 414 1974 b.
437 1908 535 1991 Virgo
558 1929 623 1972 nou
644 1908 750 1973 solum
770 1917 842 1974 erat
862 1932 946 1993 pura
965 1910 1000 1974 in
1022 1931 1070 1987 se,
1092 1909 1151 1974 sed

61 2012 164 2076 etiam
195 2009 384 2093 procurarit
412 2008 592 2092 puritatem
623 2009 704 2073 aliis.
755 2009 831 2092 Ipsa
863 2009 949 2074 enim
976 2007 1173 2092 purissima·

59 2111 127 2175 fuit
149 2117 186 2174 et
215 2116 376 2193 quantum
396 2108 440 2173 ad
462 2109 606 2192 culpam,
640 2109 718 2191 quia
743 2109 816 2191 ipsa
835 2108 934 2190 Virgo
965 2129 1039 2172 nec
1071 2107 1149 2172 ori-

60 2209 223 2292 ginale,
257 2229 318 2272 nec
346 2206 501 2286 mortale,
535 2229 595 2272 nec
626 2207 752 2272 veniale
781 2213 952 2290 peccatum
979 2206 1148 2271 incurrit.“

60 2309 182 2392 Angeli
208 2329 285 2372 vero
306 2329 473 2391 nunquam
494 2314 710 2391 peccaverunt
738 2329 798 2371 nec
825 2314 967 2372 mentem
993 2306 1063 2372 nlla
1083 2328 1149 2371 ma-

60 2409 259 2474 culaverunt
279 2409 377 2492 culpa
398 2408 464 2473 sire
487 2408 638 2491 originali
657 2408 724 2474 sive
747 2407 877 2474 actuali.
913 2406 999 2490 Ergo
1021 2405 1108 2472 idem
1128 2427 1149 2474 a

58 2507 196 2574 fortiori
217 2507 391 2573 dicendum
413 2507 453 2572 de
475 2507 674 2590 Angelorum
697 2507 817 2590 regina.
829 2507 853 2589 ¹)

128 2695 149 2762 ι)
176 2693 282 2748 citatos
299 2693 382 2747 vduos
406 2695 500 2746 textus
530 2691 711 2746 considerans
735 2691 789 2745 cel.
813 2690 908 2744 Melon
933 2689 963 2742 iu
988 2705 1038 2742 suo
1063 2705 1148 2757 opere

56 2778 167 2846 pluries
190 2777 312 2845 allegato
332 2781 400 2830 torn.
416 2773 458 2840 11,
485 2792 512 2844 p.
529 2775 577 2828 471
596 2791 651 2828 non
670 2778 774 2843 potest,
799 2773 866 2842 quin
883 2771 952 2826 haec
969 2771 1148 2840 profiteatur:

58 2859 152 2926 „Mam
171 2873 205 2912 ce
219 2859 268 2927 qui
286 2863 330 2912 est
346 2857 381 2912 de
397 2861 497 2911 nature
512 2857 611 2912 ascire
629 2856 719 2912 uaitre
736 2873 791 2910 une
808 2855 914 2924 grande
927 2853 1085 2923 perplexiti
1102 2870 1150 2906 sur

57 2945 87 2998 la
105 2942 211 3012 pensee
228 2942 315 2998 reelle
332 2942 367 2997 dc
385 2943 458 2996 saint
475 2941 607 3009 Thomas,
632 2939 701 2994 c'est
717 2955 770 3009 que
788 2939 857 2993 daus
877 2954 910 2992 ce
927 2951 1053 2992 nouveau
1070 2939 1148 2990 texte

58 3027 99 3080 du
124 3024 329 3080 commentaire
354 3041 402 3078 sur
424 3023 452 3077 la
477 3023 628 3078 salutation
653 3022 816 3091 angelique,
842 3019 985 3074 conforme
1008 3018 1025 3070 a
1050 3021 1148 3086 quatre

57 3109 231 3162 manuscrits
248 3106 482 3175 contemporaius,
499 3107 526 3160 le
543 3106 616 3160 seint
633 3106 757 3160 Docteur
773 3105 819 3158 nie
836 3101 1042 3158 formellement
1058 3099 1077 3154 l'
1095 3099 1148 3153 lm·

57 3192 190 3246 macules
212 3191 397 3258 conception,
423 3192 452 3242 et
475 3205 530 3256 que
553 3188 685 3257 quelques
708 3204 793 3257 peges
814 3187 877 3255 plus
898 3184 956 3239 lcin
980 3183 1001 3236 il
1021 3182 1148 3236 l’affirme

58 3275 279 3330 formellement.
314 3271 356 3326 On
382 3271 495 3340 concoit
512 3269 557 3339 qu'
574 3270 654 3338 apres
672 3269 771 3324 l’avoir
794 3269 919 3324 affirmes
944 3267 1013 3322 dans
1030 3267 1056 3320 le
1074 3283 1148 3320 com·

59 3357 201 3411 mentaire
218 3373 266 3409 sur
278 3355 305 3408 le
319 3355 441 3423 premier
455 3353 527 3408 livre
539 3353 588 3408 des
601 3359 754 3420 sentences,
768 3353 788 3407 il
803 3351 863 3406 l'ait
878 3351 939 3406 niee
957 3350 1065 3404 ensuite
1078 3348 1147 3403 dans

57 3443 85 3496 le
103 3439 308 3496 commentaire
325 3456 372 3492 sur
390 3437 416 3492 le
432 3437 574 3492 troisieme
592 3437 674 3502 livre,
699 3453 784 3505 parce
801 3435 928 3504 qu’entre
945 3450 991 3488 ces
1009 3433 1083 3488 deux
1099 3449 1147 3487 ou·

57 3540 160 3593 vrages
179 3522 215 3575 da
232 3521 334 3589 longua
351 3519 470 3586 haleine,
485 3520 507 3573 il
524 3535 540 3572 a
557 3535 595 3588 pu
612 3517 735 3588 chauger
752 3518 850 3586 d'avis3
869 3518 939 3572 mais
955 3515 1012 3570 l’on
1029 3533 1064 3570 ne
1082 3531 1147 3570 con·

58 3607 118 3676 qoit
141 3605 230 3674 geere
253 3620 309 3673 que
335 3603 404 3656 daus
427 3620 464 3658 un
488 3602 688 3656 commentaire
712 3603 759 3670 qui
783 3618 800 3655 a
822 3619 861 3670 pu
885 3601 944 3656 atre
966 3599 1055 3654 recita
1078 3599 1146 3654 daus

59 3690 184 3758 l’espaee
201 3686 283 3742 d'uue
301 3687 388 3740 heure
405 3702 441 3739 ou
458 3684 541 3752 deux,
554 3685 581 3740 le
598 3685 672 3738 saint
687 3684 810 3738 Docteur
826 3684 867 3737 ait
883 3681 1016 3752 enseigni
1032 3682 1059 3735 le
1076 3698 1147 3751 pour

60 3779 91 3828 et
112 3774 140 3828 le
164 3777 264 3826 contre
281 3788 329 3824 sur
345 3788 383 3824 un
400 3770 490 3824 meme
512 3770 592 3836 sujet.
624 3767 739 3825 d’avcus
762 3785 816 3837 que
835 3768 864 3837 je
881 3783 917 3820 ne
934 3765 996 3834 puis
1013 3765 1146 3820 resoudre

58 3861 135 3911 cette
152 3853 300 3920 difficulte,
317 3855 365 3922 qui
382 3871 426 3908 me
444 3859 525 3922 porte
542 3853 559 3906 *a
575 3854 667 3908 croire
685 3871 738 3921 que
755 3854 829 3906 saint
842 3851 970 3916 Thomas,
986 3850 1053 3905 dans
1071 3855 1146 3906 cette

58 3939 189 4006 question
206 3952 262 4006 peu
279 3936 408 3991 &claircie
426 3936 460 3990 de
479 3953 528 3991 son
545 3942 645 4005 temps,
662 3952 678 3989 a
694 3935 773 3990 flotte
791 3941 819 3989 et
835 3934 915 4003 passe
932 3933 1014 3988 d'uue
1031 3934 1146 4002 opinion

62 4019 224 4074 il'autre.“
244 4018 304 4073 ¹Sic
321 4019 377 4074 ille.
410 4019 501 4074 Aliter
518 4019 570 4073 hac
595 4018 631 4072 de
648 4036 678 4072 re
701 4018 808 4088 judicat
824 4017 964 4090 Hainein
980 4033 1029 4070 sua
1046 4017 1145 4071 disser-
