2728 4554
523 347 585 408 473

80 511 109 573 2.
139 508 175 573 B.
198 507 297 591 Virgo
320 505 363 572 ad
383 512 527 572 aetatem
548 510 592 571 72
619 527 810 572 annorum
839 507 928 573 veuit
947 507 1094 591 obiitque

30 627 119 673 anno
148 612 191 672 57
221 627 242 672 a
269 605 429 673 Christo
457 611 545 670 nato.
588 605 770 684 Rationem,
792 624 852 671 cur
870 613 964 673 tanto
986 607 1093 690 spatio
1182 661 1183 664 ι

30 712 93 788 post
119 727 288 772 ascensum
307 703 383 769 Filii
403 704 437 768 in
465 702 593 768 coelum
612 704 830 787 permanserit
850 705 912 770 hac
938 705 974 769 in
994 712 1092 785 terra,

30 804 161 888 allegant
191 827 216 870 s.
243 803 424 882 Anselmus,
435 803 459 884 ¹)
491 823 560 867 ven.
591 802 748 882 Oanisius,
781 825 805 868 s.
834 803 1030 886 Birgitta,
1059 803 1094 868 in

30 904 108 986 eujus
128 903 382 970 revelationibus
390 902 416 985 ²)
445 900 597 985 legimus:
626 902 715 986 ,Ego
737 903 858 986 quippe
879 909 955 987 post
974 901 1094 967 Ascen-

30 1003 139 1068 sionem
159 1003 220 1067 filii
240 1003 304 1067 mei
326 1001 401 1081 vixi,
430 1000 558 1066 visitavi
579 1001 666 1081 loca,
694 1001 728 1067 in
750 1001 868 1090 quibus
889 1001 958 1085 ipse
978 1021 1094 1085 passus

30 1108 69 1167 est
89 1110 123 1167 et
143 1101 308 1167 mirabilia
328 1120 388 1166 sua
409 1098 585 1165 ostendit.“

79 1282 170 1347 Hanc
186 1281 383 1346 sententiam
398 1286 514 1346 tenent
528 1281 615 1346 inter
630 1281 828 1346 recentiores
842 1280 1094 1364 christophorus

30 1401 41 1445 ι
69 1381 237 1462 Castro,³)
270 1381 439 1463 Suarez,⁴)
470 1379 612 1446 lacobus
645 1379 841 1463 Canisius,⁵)
874 1380 1093 1464 Spinellius

30 1483 65 1546 ita
84 1486 328 1564 argumentans:
351 1479 512 1562 ,Virginis
534 1479 731 1558 dormitioni,
747 1479 863 1562 inquit,
871 1479 897 1562 ⁶)
920 1479 1095 1563 Dionysius

30 1577 213 1662 Areopagita
234 1599 268 1643 se
290 1575 478 1642 interfuisse
499 1579 680 1662 testaturl)
708 1599 782 1643 cum
803 1578 968 1662 Apostolis
990 1584 1024 1642 et
1044 1598 1094 1642 se·

30 1678 200 1743 lectissimis
228 1676 459 1760 Apostolorum
487 1676 670 1759 discipulis,
700 1676 894 1756 Hierotheo,
923 1676 1093 1742 Timotheo

30 1783 54 1840 et
84 1777 165 1842 aliis.
221 1776 286 1842 Sed
317 1775 490 1858 Dionysius
527 1775 725 1860 Areopagita
760 1797 931 1842 conversus
966 1783 1017 1840 est
1050 1774 1094 1840 ad

30 1873 137 1940 Dhristi
164 1874 263 1939 fidem
291 1874 332 1939 ab
362 1873 518 1957 Apostolo
546 1873 648 1939 Paulo
677 1897 762 1940 anno
793 1876 923 1941 Domini
952 1880 1007 1955 52,
1036 1875 1094 1960 qui

30 1981 88 2039 erat
108 1981 183 2058 post
203 1973 425 2058 ascensionem
446 1972 589 2038 decimus
611 1995 724 2052 nonus,
755 1980 794 2040 ut
814 1975 857 2040 ad
877 1989 952 2040 eum
973 1997 1094 2040 annum

30 2073 138 2154 optime
158 2072 278 2156 probat
297 2071 473 2150 Beronius‚
504 2077 539 2136 et
559 2073 733 2138 verisimile
755 2080 820 2152 est,
851 2074 979 2157 aliquot
999 2074 1093 2138 annis

30 2171 53 2233 in
74 2171 259 2237 Christiana
279 2170 343 2235 fide
371 2191 406 2235 se
426 2169 599 2253 probasse,
630 2192 706 2254 ergo
727 2172 843 2237 saltem
864 2173 907 2238 ad
928 2167 1011 2237 illud
1031 2173 1093 2237 cir-

30 2270 101 2336 citer
121 2277 250 2354 tempus
270 2269 351 2335 vixit
372 2269 545 2352 Deipara.“
587 2270 640 2336 Ita
662 2271 844 2354 Spinellius.

82 2537 104 2602 ¹)
121 2537 161 2592 De
186 2537 284 2590 excell.
307 2535 458 2606 gloriosiss.
479 2535 604 2604 Virginis
629 2552 672 2606 cp.
695 2535 758 2592 Vll.
799 2537 821 2602 ²)
839 2535 900 2592 Lib.
923 2534 970 2602 Vl,
993 2552 1035 2605 cp.
1052 2539 1092 2592 61.

30 2615 41 2683 ⁵)
57 2617 88 2672 ln
103 2618 219 2674 historia
236 2619 372 2689 Deiparae
390 2617 515 2688 Virginis
536 2634 579 2686 cp.
595 2621 629 2674 20
645 2635 672 2672 n.
690 2619 729 2673 19.
769 2620 792 2685 ⁴)
811 2617 911 2685 1n·llI,
928 2637 956 2687 p.
972 2622 1037 2672 tom.
1056 2619 1093 2686 ΙΙ,

30 2699 84 2770 lisp.
102 2706 131 2755 al
149 2707 217 2757 sect.
233 2705 257 2756 l.
289 2703 311 2768 ⁶)
329 2699 362 2755 In
379 2702 466 2755 sacris
482 2701 709 2755 meditationibus
727 2719 753 2768 p.
771 2704 786 2755 3
803 2699 828 2769 §.
844 2704 885 2756 29.
919 2699 940 2767 ⁶)
955 2699 988 2754 ln
1005 2701 1094 2755 Maria

30 2782 152 2852 Deiparae
175 2801 219 2851 cp.
237 2784 285 2849 Vl,
309 2803 336 2839 n.
353 2785 378 2839 9.
419 2785 440 2850 l)
456 2783 498 2838 Do
523 2783 625 2838 divinis
649 2784 808 2839 nominibus
832 2801 875 2853 op.
892 2783 943 2848 111,
966 2784 1015 2838 ubi
1039 2785 1093 2840 ita:

32 2864 104 2928 ,Nam
120 2871 148 2920 et
163 2866 238 2936 apud
253 2867 327 2936 ipsos
346 2867 441 2923 divino
462 2868 562 2934 spiritu
579 2867 676 2936 plenos
693 2868 840 2936 pontifices
861 2871 984 2931 nostros,
1009 2883 1093 2934 quum

30 2950 49 2998 et
62 2965 124 3014 nos,
146 2954 178 3003 ut
194 2949 267 3003 nosti
283 2947 443 3018 (alloquitur
460 2949 647 3017 Timotheum)
671 2955 701 3004 et
717 2951 843 3020 plerique
867 2967 902 3003 ex
919 2950 1022 3004 sanctis
1039 2949 1093 3003 fra-

30 3030 105 3084 tribus
127 3032 246 3096 nostris,
269 3031 306 3085 ad
322 3034 510 3086 contuendum
535 3049 635 3102 corpus
659 3033 745 3099 illud,
769 3033 844 3102 quod
860 3037 1000 3086 auctorem
1018 3033 1093 3087 vitae

30 3109 157 3182 Deumque
182 3118 306 3181 ceperat.
331 3116 553 3169 convenissemus
577 3115 685 3181 (aderat
708 3121 800 3170 autem
825 3120 854 3170 et
875 3116 963 3170 frater
980 3115 1093 3170 Domini

30 3194 135 3250 lacobus
152 3200 181 3250 et
197 3197 307 3261 Petrus,
328 3215 488 3266 supremum
505 3199 589 3252 decus
607 3203 636 3253 et
651 3199 871 3266 antiquissimum
889 3198 1093 3266 Theologorum

30 3278 162 3346 columen),
185 3279 234 3332 ubi
250 3284 314 3348 post
335 3281 489 3335 contuitum
506 3282 625 3348 placuit,
649 3287 681 3334 ut
696 3279 806 3335 infinite
823 3285 965 3349 potentem
983 3281 1093 3336 divinae

30 3358 126 3415 rimulis
145 3362 299 3417 bonitatem
322 3361 467 3431 pontifices
491 3364 638 3418 laudarent
661 3379 774 3430 omnes,
798 3364 913 3432 quisque
933 3381 984 3432 pro
1009 3369 1093 3433 captu

30 3444 92 3496 ιιιο.“
124 3443 205 3498 Hunc
224 3445 316 3498 locum
339 3443 391 3512 (uti
413 3449 493 3500 notat
510 3445 694 3500 Kolvenerius
714 3445 733 3500 l.
750 3461 775 3500 c.
791 3462 818 3514 p.
836 3445 872 3512 ll,
889 3445 925 3500 ad
943 3449 983 3501 15.
1000 3447 1093 3516 Aug),
1153 3491 1156 3496 .

30 3521 213 3580 intellexeruut
235 3526 270 3581 de
294 3526 461 3582 dormitione
479 3527 616 3597 Deiparae
636 3529 779 3583 luvenalis
796 3528 950 3596 Hierosoly.
973 3528 1040 3596 epis.
1062 3527 1093 3581 in

30 3603 132 3662 historia
151 3609 320 3678 Euthymios
340 3609 389 3664 lib.
405 3613 421 3664 3
438 3625 481 3678 cp.
497 3613 539 3676 40,
561 3610 746 3664 Damascenus
770 3615 838 3665 orat.
859 3613 918 3663 let
938 3613 954 3663 2
971 3609 1006 3662 de
1029 3609 1092 3662 dor-

30 3689 130 3746 mitione
146 3691 176 3746 B.
195 3691 233 3747 M.
252 3692 294 3757 V,
317 3691 490 3762 Nicephorus
507 3692 571 3748 hist.
587 3693 637 3748 lib.
655 3692 690 3758 ll,
708 3709 751 3760 op.
768 3695 810 3757 22,
835 3692 970 3746 Baronius
986 3696 1054 3746 tom.
1070 3689 1092 3757 Ι,

30 3771 205 3830 hassinone
223 3774 325 3830 Christi
342 3775 383 3829 ¹18.
1103 3802 1106 3808 ·
