2808 4556
771 349 831 409 586

257 531 331 574 cum
360 508 465 574 Isaiae
497 505 666 584 vaticinio,
700 528 784 590 quae
816 508 857 572 de
885 508 1051 574 nascituro
1079 528 1182 590 puero
1214 505 1249 570 iu
1279 527 1336 570 suo
1392 527 1393 530 ¹

257 609 399 674 carmine
428 612 578 684 exornat,
611 605 709 688 plane
736 613 928 690 congruunt
977 605 1217 672 Rabonalistae
1244 604 1337 688 Wag-

176 737 179 742 ¹
256 707 419 786 achaida,
449 707 602 784 Ammon,
630 705 739 770 Bauer
767 727 808 770 ex
827 706 893 772 hac
915 728 951 772 re
972 705 1173 784 inferebant,
1204 726 1337 786 concep-

257 807 380 873 tionem
414 828 454 870 ex
484 803 618 886 Virgine
653 802 858 870 referendam
897 826 968 870 esso
1002 804 1045 870 ad
1078 804 1209 886 mythos
1242 824 1338 886 paga·

257 906 404 972 norum.“
456 904 510 969 Ita
540 901 690 967 Perrone.
744 902 889 968 Fabulae
926 903 1003 968 illae
1037 924 1173 986 prorsus
1208 903 1337 984 ineptae
1393 921 1394 948 ³

256 1003 466 1069 nihilominus
487 1002 641 1068 facillime
663 1002 850 1083 ereduntur,
873 1004 931 1068 sed
947 1004 1053 1069 Isaiae
1075 1003 1255 1080 oraculum,
1277 1023 1338 1066 non

257 1104 362 1168 solum
383 1125 403 1167 a
431 1124 455 1167 s.
478 1101 646 1181 Patribus,
668 1124 780 1168 verum
802 1103 902 1167 etiam
930 1125 951 1167 a
980 1125 1004 1168 s.
1026 1101 1248 1184 Evangelistis
1268 1121 1339 1183 pro·

256 1207 452 1284 pugnatum,
492 1199 534 1264 ab
566 1200 623 1278 iis,
664 1201 722 1284 qui
753 1202 955 1285 evangelicos
987 1222 1022 1266 se
1054 1221 1125 1266 esse
1157 1200 1339 1284 gloriantur

257 1299 468 1377 Christianos,
491 1300 641 1380 rejicitur
662 1322 700 1365 ao
722 1307 869 1384 negatur.

318 1399 512 1464 Beatissima
523 1399 621 1481 Virgo
640 1420 660 1463 a
678 1405 752 1462 vate
770 1399 959 1464 nominatur
980 1399 1133 1481 signum
1156 1405 1191 1462 et
1211 1396 1341 1480 quidem

256 1498 379 1581 optimo
394 1499 482 1581 jure;
504 1498 632 1580 signum
650 1498 737 1562 enim
754 1518 897 1580 congrue
915 1504 1027 1580 potest
1044 1497 1111 1562 diei
1129 1497 1188 1562 illa
1211 1497 1340 1562 active

256 1604 291 1662 et
319 1597 485 1681 passive.
529 1598 658 1674 Active,
688 1598 766 1680 quia
786 1597 880 1662 nobis
901 1597 1107 1662 sermonibus
1131 1604 1166 1662 et
1188 1597 1342 1680 operibus

256 1697 323 1762 suis
352 1696 471 1779 signat,
505 1695 585 1779 quid
612 1695 891 1778 amplectendum,
927 1696 1008 1779 quid
1034 1696 1234 1773 cavendum,
1266 1695 1342 1779 quid

255 1795 521 1879 appretiandum,
561 1794 641 1876 quid
672 1794 871 1876 vilipendam
906 1795 958 1859 sit.
1012 1794 1160 1872 Passive,
1199 1795 1282 1878 quia
1311 1796 1342 1859 in
1395 1871 1396 1878 ἵ

256 1893 409 1976 operibus
430 1894 648 1976 antiquorum,
674 1893 709 1956 in
729 1892 826 1958 factis
849 1893 1120 1975 patriarcharum,
1143 1894 1179 1957 in
1201 1894 1342 1959 oraculis

254 1991 489 2074 prophetarum
510 1992 639 2074 signata
660 1998 718 2056 est.
730 1992 755 2072 ¹)

318 2091 442 2168 Restat,
461 2099 499 2155 ut
516 2089 770 2173 respondeamus
791 2091 834 2155 ad
851 2091 997 2173 potiores
1014 2089 1344 2155 adversariorum

255 2189 521 2273 objectiones,
545 2189 667 2272 partim
1396 2272 1397 2282 ἵ

215 2341 216 2344 ,
316 2288 340 2352 I.
365 2309 404 2352 ex
422 2289 512 2353 varia
530 2288 663 2354 termini
680 2288 851 2370 ,almah“
870 2287 1197 2370 significatione,
1220 2289 1343 2372 partim

316 2387 355 2450 Π.
386 2409 426 2450 ex
447 2385 620 2452 historia
643 2407 758 2451 sacra
779 2386 978 2469 desumptas.

301 2601 325 2666 I.
358 2599 413 2664 Ex
441 2600 552 2663 varia
581 2599 744 2663 termini
772 2598 943 2680 ,almah“
972 2599 1299 2683 significatione.

313 2747 441 2825 Iudaei,
461 2746 562 2811 durae
583 2747 717 2811 cervicis
737 2746 894 2826 homines,
914 2756 949 2812 et
969 2747 1201 2814 rationalistae
1224 2748 1342 2824 omnia,

135 2851 137 2856 ’
253 2867 338 2928 quae
366 2868 390 2910 s.
414 2845 584 2927 Scriptura
611 2844 725 2923 refert,
754 2844 845 2911 facta
873 2845 1142 2928 supernaturalia
1172 2846 1343 2928 impuden-

253 2943 377 3008 tissime
399 2950 569 3026 negantes,
596 2943 708 3008 Jesum
729 2943 896 3009 Christum
923 2966 964 3009 ex
985 2944 1120 3028 Virgine
1146 2953 1343 3030 conceptum

253 3050 288 3108 et
319 3049 432 3108 uatum
464 3043 563 3107 fuisse
591 3043 696 3108 Isaiae
732 3043 864 3109 oraculo
897 3044 1087 3110 nullatenus
1121 3044 1343 3111 demonstrari

252 3162 348 3224 posse
376 3147 557 3205 autumant.
605 3139 715 3204 Posito
745 3142 846 3219 eninr,
877 3142 1047 3226 inquiunt,
1079 3142 1142 3209 boc
1172 3143 1342 3210 oraculum

251 3239 296 3304 ad
321 3239 400 3304 Jesu
433 3247 571 3304 matrem
604 3237 824 3317 referendum,
862 3241 1026 3323 quomodo
1060 3240 1138 3306 inde
1174 3250 1341 3326 sequetur,

253 3339 345 3403 illum
374 3360 413 3403 ex
441 3339 602 3421 Virgine
631 3345 823 3420 conceptum
850 3346 884 3404 et
905 3347 1021 3404 natum
1043 3339 1157 3406 fuisse.
1203 3342 1279 3407 Non
1300 3342 1343 3406 le·

250 3438 341 3520 gitur
361 3437 449 3520 apud
469 3437 601 3502 Isaiam:
635 3435 740 3516 ,Eece
765 3436 886 3520 Virgo
916 3438 1119 3521 concipiet,“
1149 3441 1210 3506 sed
1232 3441 1342 3525 potius

252 3534 425 3616 legendum
454 3541 518 3598 est:
551 3534 655 3616 ,Ecce
683 3533 994 3600 adolescentula
1022 3538 1222 3622 concipiet.“
1272 3539 1341 3606 Vox

252 3632 338 3695 enirn
366 3631 535 3712 ,almah“
564 3637 673 3696 textus
699 3629 846 3696 hebraici
875 3632 1027 3717 designat
1056 3635 1342 3703 adolescentulam

251 3751 309 3794 seu
328 3729 542 3812 juvenculam,
572 3749 630 3812 per
652 3748 749 3810 quam
772 3730 883 3812 puella
905 3753 1123 3819 quaecunque
1146 3737 1216 3803 sive
1238 3745 1341 3821 nupta

318 3975 338 4040 ¹)
357 3972 412 4027 esr.
430 3971 451 4036 I,
468 3990 494 4040 p.
512 3975 578 4025 rect.
595 3968 630 4022 II.
664 3984 725 4037 cap.
742 3971 778 4036 II,
795 3973 819 4042 ξ,
839 3979 861 4030 l.
