2728 4560
738 355 799 416 230

222 539 288 582 sua.
309 517 460 600 opinione
489 515 590 580 etiam
617 537 641 578 s.
671 515 847 580 Doctorem
873 515 1073 599 Angelicum.
1084 517 1108 598 ¹)
1159 519 1292 596 Quonam

220 617 293 699 jure
314 615 376 680 hoc
397 614 522 693 fecerit,
545 621 663 696 postea
685 613 874 678 videbimus.

285 715 463 779 Audiamus
486 713 576 796 prius
604 720 796 796 argumenta
825 735 950 792 eorum,
981 714 1038 796 qui
1063 718 1293 784 matrimonium

224 814 348 880 talibus
371 813 611 879 conditionibus
633 812 866 877 nullatenus
888 813 1048 878 irritari
1069 819 1276 883 contendunt:

287 919 313 977 1.
341 912 404 978 Per
422 919 626 977 contractum
642 912 915 977 matrimonialem
929 913 981 996 jus
999 920 1130 980 tantum
1146 926 1294 983 remotum

223 1012 311 1077 tradi
340 1019 373 1076 et
400 1012 556 1096 obligatio
584 1011 784 1076 solummodo
814 1020 940 1077 remota
968 1013 1010 1077 ad
1039 1017 1184 1097 corporis
1211 1039 1295 1081 usum

224 1112 373 1178 contrahi
392 1119 502 1195 potest
523 1112 592 1177 sine
611 1112 683 1194 jure
702 1111 848 1194 proximo
871 1119 905 1176 et
927 1111 1128 1194 obligatione
1149 1117 1294 1198 proxima.

223 1213 308 1294 Ergo
341 1211 432 1276 valor
467 1219 501 1276 et
532 1211 720 1276 substantia
754 1211 953 1275 matrimonii
987 1213 1167 1278 consistere
1198 1223 1297 1297 potest

223 1333 297 1376 cum
326 1311 512 1375 conditione
539 1309 689 1374 servandi
717 1310 904 1374 castitatem
929 1319 1124 1394 perpetuam
1150 1315 1203 1378 rel
1226 1337 1295 1378 nun-

223 1432 321 1492 quam
352 1409 485 1492 petendi
517 1409 673 1476 debitum.
716 1407 849 1500 Majoris
882 1410 1003 1497 veritas
1032 1411 1100 1493 jam
1133 1419 1230 1478 antea
1249 1413 1295 1477 de-

222 1507 404 1574 monstrata
437 1516 495 1575 est.
547 1509 650 1574 Sicuti
682 1509 715 1571 in
746 1508 836 1572 nullo
870 1515 1041 1574 contractu
1074 1533 1153 1591 usus
1187 1513 1233 1577 rei
1262 1512 1295 1576 de

224 1610 365 1673 essentia
394 1616 581 1674 contractus
609 1614 673 1686 est,
706 1608 752 1672 sio
784 1629 844 1672 neo
873 1608 907 1671 in
940 1616 1110 1673 contractu
1142 1612 1296 1675 matrimo-

222 1708 310 1771 niali.
365 1707 448 1773 Tota
486 1730 583 1792 porro
620 1707 819 1771 matrimonii
856 1709 998 1772 essentia
1033 1709 1067 1771 in
1103 1716 1217 1775 mutuo
1248 1709 1296 1773 do·

223 1807 322 1871 minio
355 1829 392 1871 ac
424 1808 459 1872 in
490 1807 691 1890 subjectione
723 1827 896 1888 corporum
928 1806 971 1870 ad
991 1829 1086 1871 usum
1107 1808 1296 1874 matrimonii

224 1907 390 1984 consistit,
418 1907 476 1970 sed
504 1906 580 1970 talis
610 1905 767 1987 obligatio
797 1905 863 1969 sive
892 1905 1035 1970 conditio
1064 1909 1216 1990 apposita
1241 1929 1297 1972 non

223 2013 384 2089 repugnat
415 2006 463 2070 illi
496 2005 638 2070 dominio
670 2010 729 2068 aut
760 2005 829 2086 ejus
862 2005 1048 2083 traditioni,
1090 2007 1148 2070 sed
1178 2014 1298 2071 tantum

223 2103 361 2186 impedit
395 2095 490 2169 usurn
526 2105 603 2188 ejus.
656 2104 756 2168 Peren
769 2107 794 2186 2)
838 2105 1008 2169 veritatem
1044 2104 1128 2170 hano
1161 2106 1297 2189 exemplo

225 2225 264 2267 ex
296 2203 438 2269 dominio
470 2211 622 2286 respectu
651 2202 804 2286 mancipii
836 2210 980 2286 sumptos
997 2205 1119 2286 optime
1153 2205 1297 2270 illustrat.

223 2301 337 2366 Potest
358 2304 444 2367 enim
466 2303 615 2368 dominus
645 2325 773 2368 omnem
796 2324 930 2386 operam
951 2305 1104 2386 mancipii
1126 2305 1178 2369 sui
1198 2306 1298 2370 locare

223 2401 322 2465 alteri
349 2404 520 2468 retinendo
551 2403 729 2468 dominium
757 2403 911 2484 mancipii
939 2424 997 2467 seu
1020 2403 1074 2485 jus
1102 2404 1244 2468 radicale
1270 2404 1299 2467 in

224 2499 337 2564 ordine
366 2501 408 2564 ad
430 2523 545 2584 operas
574 2502 663 2566 illius
693 2509 728 2566 et
755 2503 789 2565 in
817 2502 887 2584 ipso
917 2502 1078 2584 mancipio
1104 2510 1216 2585 potest
1234 2524 1299 2585 per·

195 2619 372 2665 severare
395 2600 550 2684 obligatio
578 2600 731 2664 radicalis
759 2607 910 2683 respectu
938 2601 1059 2665 domini
1081 2603 1139 2666 sui.
1183 2603 1223 2667 In
1243 2623 1298 2685 quo

224 2718 300 2761 casu
329 2708 477 2765 maneret
504 2701 538 2765 in
566 2700 696 2765 domino
728 2700 907 2764 dominium
935 2701 1088 2784 mancipii
1115 2702 1300 2786 impeditum

224 2804 350 2876 tamen,
391 2801 467 2883 quia
499 2822 564 2865 non
600 2806 748 2867 maneret
776 2800 830 2882 jus
861 2800 1059 2882 proximum,
1099 2800 1187 2884 quod
1219 2807 1299 2866 certe

225 2903 311 2960 esset
332 2897 366 2960 in
387 2898 585 2963 conductore
613 2898 736 2983 absque
765 2899 924 2978 dominio,
954 2899 1106 2964 similiter
1134 2923 1200 2966 uon
1222 2905 1300 2965 esset

224 2994 258 3057 in
297 2998 458 3080 mancipio
498 2998 636 3063 actualis
677 3005 711 3062 et
748 2999 896 3081 proxima
938 2998 1094 3081 obligatio
1135 2997 1300 3065 obediendi

225 3093 354 3159 domino
376 3097 409 3160 in
429 3097 541 3162 ordine
564 3098 606 3163 ad
625 3119 700 3162 suas
721 3120 845 3181 operas,
865 3097 923 3162 sed
941 3097 1141 3176 conductori,
1163 3096 1300 3182 quamvis

224 3192 258 3256 in
281 3216 318 3258 eo
349 3203 436 3261 esset
457 3196 614 3280 obligatio
638 3204 766 3262 remota
794 3219 851 3262 seu
878 3197 1031 3261 radicalis
1053 3196 1300 3280 correspondens

225 3293 366 3359 dominio
390 3295 513 3360 domini
534 3297 592 3360 sui.
636 3296 730 3361 Unde
759 3296 794 3359 in
815 3297 945 3361 domino
967 3303 1079 3378 posset
1099 3317 1230 3362 manere
1251 3295 1300 3359 ob·

224 3393 337 3476 ligatio
357 3397 497 3478 positiva
518 3418 585 3460 non
604 3395 786 3478 occupandi
812 3395 1010 3478 mancipium
1032 3402 1065 3460 et
1091 3395 1125 3458 in
1145 3393 1300 3477 mancipio

224 3515 290 3558 non
312 3494 486 3560 obediendi
507 3496 573 3574 illi,
604 3497 632 3560 si
653 3496 693 3560 de
716 3517 754 3560 eo
777 3497 987 3561 convenirent
1010 3495 1158 3560 dominus
1181 3502 1214 3560 et
1235 3515 1301 3559 oon-

225 3593 350 3673 ductor,
381 3604 440 3660 aut
460 3597 658 3680 mancipium
687 3603 720 3660 et
742 3596 899 3661 dominus.
943 3595 1043 3678 Cujus
1071 3594 1120 3658 rei
1140 3594 1226 3658 ratio
1248 3597 1300 3664 est

223 3715 419 3726 ——---—..

259 3817 261 3820 .
292 3763 311 3827 ¹)
336 3761 367 3816 lu
391 3762 440 3828 1v,
466 3763 529 3817 dist
555 3762 684 3827 xxvnl,
711 3781 737 3832 q.
761 3763 844 3816 unica
869 3767 920 3817 art.
941 3764 958 3814 4
981 3760 1017 3814 ad
1038 3764 1053 3815 3
1076 3765 1105 3815 et
1127 3761 1156 3813 in
1178 3757 1257 3812 addit
1278 3773 1301 3823 q.

226 3844 358 3912 XLVlll,
388 3863 411 3900 a.
440 3850 451 3899 l
479 3845 514 3900 ad
539 3847 565 3900 3.
606 3846 660 3900 cfr.
690 3845 938 3915 Schmalzgrueber
966 3844 1017 3898 lib,
1040 3845 1057 3896 4
1082 3843 1125 3897 tit.
1151 3843 1167 3894 ὅ
1192 3858 1221 3894 n.
1245 3840 1301 3902 119;

225 3927 393 3982 Benedictus
410 3929 487 3993 xlv,
512 3927 546 3982 de
569 3928 634 3996 Syn.
651 3927 746 3983 Dioeo.
762 3927 811 3983 lib.
830 3931 860 3982 13
878 3944 921 3997 op.
938 3930 971 3981 22
988 3945 1015 3981 n.
1034 3929 1073 3980 ll.
1112 3927 1135 3991 2)
1152 3923 1183 3978 L.
1199 3939 1223 3978 o.
1240 3923 1301 3976 noct.

224 4011 272 4076 Vl,
289 4029 353 4080 pag.
372 4014 419 4065 123
436 4029 476 4081 sq.
540 4056 543 4063 .
