2728 4560
754 319 812 379 186

240 478 456 545 conditionati
486 479 581 544 ivisse
613 478 762 543 delusum
793 479 1002 562 supposititio
1035 481 1223 548 testimonio
1252 483 1307 548 An·

241 577 376 662 gustini,
409 600 429 643 a
460 578 617 662 Magistro
649 578 888 644 sententiarum
920 587 955 645 et
986 580 1144 646 Gratiano
1175 581 1307 660 laudato,

241 676 334 759 cujus
356 677 613 760 suppositionem
641 699 665 742 s.
687 677 826 742 Thomas
854 677 889 741 in
917 683 1027 743 aetate
1048 686 1186 763 propter
1205 681 1310 764 proba-

240 780 352 840 torum
377 775 526 841 codicum
546 776 717 858 penuriam
746 775 989 858 deprehendere
1017 799 1084 843 nou
1110 781 1228 862 potuit.
1268 781 1310 845 Ita

243 873 330 940 enirn
356 873 554 956 Magister
578 875 871 939 sententiarum
890 875 1109 958 Augustinum
1129 879 1255 944 inducit
1272 879 1309 943 lo·

243 979 412 1056 quantem:
443 973 567 1055 ,Beata
587 973 693 1038 Maria
713 973 898 1055 proposuit,
929 995 964 1038 se
991 983 1193 1042 servaturam
1213 985 1310 1044 votum

242 1072 440 1155 virginitatis
476 1072 510 1136 in
542 1071 655 1150 corde,
694 1071 752 1136 sed
784 1072 891 1154 ipsum
925 1080 1037 1138 votum
1068 1097 1133 1140 nou
1166 1077 1310 1159 expressit

242 1173 277 1236 in
298 1193 363 1237 ore.
409 1172 553 1255 Subjecit
575 1192 609 1236 se
638 1171 766 1236 divinae
788 1171 1011 1254 dispositioni:
1045 1173 1123 1239 dum
1143 1175 1309 1259 proposuit,

159 1297 161 1302 ·
225 1293 277 1351 ¹se
298 1277 579 1354 perseveraturam
600 1272 766 1355 virginem,
789 1272 852 1336 nisi
871 1272 960 1338 Deus
982 1274 1079 1338 aliter
1099 1275 1130 1338 ei
1153 1275 1309 1340 revelaret.

243 1371 457 1437 Committens
479 1392 555 1454 ergo
584 1371 805 1454 virginitatem
836 1391 928 1435 suam
957 1371 1084 1436 divinae
1106 1371 1309 1455 dispositioni,

243 1469 411 1557 consensit·
428 1470 462 1533 in
483 1470 647 1534 carnalem
667 1469 826 1552 copulam,
849 1490 915 1533 non
935 1469 1026 1534 illam
1049 1472 1243 1555 appetendo,
1264 1469 1309 1535 sed

244 1568 371 1634 divinae
402 1568 610 1651 inspirationi
641 1569 675 1633 in
703 1576 843 1653 utroque
875 1570 1073 1648 obediendo,
1106 1576 1222 1653 postea
1248 1589 1309 1633 vero

243 1666 341 1731 simul
368 1688 441 1730 curn
472 1667 556 1746 viro,
590 1668 686 1733 labiis
715 1690 749 1734 se
779 1669 939 1752 expressit
968 1674 1002 1733 et
1031 1675 1172 1753 uterque
1200 1671 1234 1734 in
1259 1669 1309 1733 vir·

243 1767 381 1850 ginitate
401 1768 611 1849 permansit.“
1116 1772 1119 1777 ’

306 1867 415 1931 Etiam
444 1866 661 1932 Gratianus
674 1866 699 1948 ¹)
728 1865 809 1930 haec
837 1888 862 1931 s.
884 1866 1059 1949 Augustini
1080 1866 1180 1931 verba
1201 1867 1233 1930 in
1253 1885 1311 1929 ren

245 1988 338 2032 suam
369 1967 491 2050 allegat
522 1966 579 2030 illo
612 1972 741 2030 tanturn
774 1965 959 2030 discrimine
991 1965 1203 2047 interposito,
1235 1961 1312 2047 qnod

244 2071 321 2146 post
347 2063 446 2129 rerba
475 2064 624 2146 ,divinae
655 2064 863 2147 inspirationi
889 2065 924 2128 in
953 2072 1091 2149 utroque
1122 2063 1311 2130 obediendo“

244 2164 417 2247 sequentia
445 2163 579 2228 subdat:
614 2169 748 2246 ,postea
775 2184 850 2228 vero
883 2162 986 2228 filiurn
1015 2163 1141 2246 genuit,
1177 2169 1210 2228 et
1236 2161 1313 2246 quod

245 2263 342 2329 corde
376 2269 585 2345 conceperat,
619 2261 715 2326 simul
747 2283 820 2326 oum
851 2261 919 2326 viro
952 2261 1048 2326 labiis
1081 2263 1255 2345 expressit,
1286 2265 1313 2323 et

244 2370 383 2446 uterque
412 2362 447 2425 in
474 2361 661 2444 virginitate
682 2361 870 2443 permansit.
914 2359 1096 2426 Consensus
1126 2381 1202 2444 ergo
1228 2359 1312 2424 coha-

244 2461 372 2526 bitandi
399 2468 433 2525 et
453 2459 653 2525 individuam
681 2460 767 2524 vitae
796 2459 1064 2525 consuetudinem
1091 2459 1254 2526 retinendi
1272 2459 1312 2521 in·

245 2560 445 2638 terrenienS,
475 2581 530 2626 eos
551 2560 703 2642 conjuges
724 2559 812 2623 fecit.
855 2558 1025 2623 individua
1045 2579 1121 2624 vero
1142 2560 1228 2625 vitae
1249 2578 1312 2623 con·

246 2658 385 2723 suetudo
408 2664 473 2737 est,
504 2659 604 2725 talem
632 2681 667 2724 se
688 2659 722 2722 in
743 2658 892 2724 omnibus
922 2658 1074 2724 exhibere
1103 2659 1189 2738 vira,
1220 2656 1312 2741 qualis

245 2759 316 2841 ipsa
345 2758 408 2822 sibi
436 2765 549 2824 estet
570 2780 588 2823 e
610 2779 772 2823 converso.
815 2756 867 2821 Ad
888 2757 1088 2822 individuam
1116 2757 1228 2840 itaque
1248 2774 1312 2820 con·

245 2857 452 2922 suetudinem
482 2858 642 2940 pertinet,
681 2857 804 2940 absque
836 2856 974 2939 legitimi
1009 2877 1168 2921 consensu
1199 2855 1257 2920 riri
1285 2857 1312 2916 et

245 2957 387 3022 orationi
417 2958 593 3041 aliquando
625 2978 689 3022 nou
720 2975 815 3041 posse
852 2977 968 3020 vacare
999 2976 1059 3020 neo
1091 2953 1313 3019 continentiam

245 3056 403 3139 profiteri.
447 3058 530 3134 Quia
552 3079 626 3140 ergo
648 3057 711 3122 iste
736 3076 913 3121 consensus
934 3056 1000 3120 fuit
1026 3056 1204 3134 intereos,
1232 3055 1313 3135 patet

246 3177 302 3221 eos
323 3156 476 3238 (Mariam
497 3163 531 3221 et
551 3155 742 3238 Josephum)
764 3155 916 3238 conjuges
937 3154 1068 3219 fuisse.“

308 3256 378 3332 Quo
402 3255 431 3319 d.
454 3256 628 3338 Augustini
650 3255 847 3333 testimonio,
869 3275 889 3319 a
910 3253 1066 3336 Magistro
1088 3252 1313 3318 sententiarum

246 3375 306 3420 nec
328 3377 434 3420 nona
456 3355 612 3420 Gratiano
634 3353 840 3432 confirmato,
871 3375 895 3418 s.
918 3353 1041 3417 Doctor
1061 3352 1234 3435 Angelicus
1253 3369 1313 3414 sen·

246 3455 386 3519 tentiam
413 3475 505 3520 suam
533 3455 619 3519 bona
649 3452 713 3518 fide
745 3451 894 3517 firmavit.
944 3450 1070 3516 Nullibi
1100 3456 1212 3516 tamen
1239 3443 1313 3532 apud

245 3575 270 3618 s.
301 3553 518 3638 Augustinum
549 3554 629 3620 haec
661 3553 805 3618 invenies
836 3551 936 3617 verba
968 3573 1073 3635 neque
1104 3551 1139 3614 in
1170 3551 1252 3616 libro
1280 3546 1312 3610 de

245 3653 370 3737 nuptiis
402 3660 436 3718 et
463 3653 728 3736 concupiscentia
759 3651 987 3717 aL0mbardo
1020 3651 1122 3715 citato
1154 3669 1258 3733 neque
1285 3646 1312 3708 in

245 3753 330 3818 libro
360 3753 400 3818 de
421 3753 609 3836 virginitate
637 3751 836 3817 aGratiano
866 3749 1016 3833 allegato.
1058 3748 1202 3814 Tantum
1221 3746 1310 3818 abest,

315 3970 336 4036 ¹)
352 3968 417 4024 Can.
434 3971 466 4022 27
484 3984 510 4036 q.
527 3969 550 4022 2.
568 3983 591 4022 c.
609 3969 648 4021 3.-
