2728 4554
569 387 629 447 435

70 547 173 612 tulisse
206 547 310 624 Deus,
349 544 468 626 quippe
505 544 689 610 Marianum
724 546 821 627 ,fian
857 549 1023 630 potentius
1062 549 1134 629 fuit,

69 667 157 729 quam
184 645 326 710 alterum
353 643 435 707 illud
463 643 576 725 ,fiat,“
606 651 829 726 quo·creatus
856 645 996 728 primum
1024 669 1044 712 a
1066 649 1134 714 Deo

68 741 112 810 est
132 745 286 822 mundus,
315 748 354 806 ut
381 749 514 807 censent
535 743 731 807 unanimiter
750 742 871 808 Patres.
915 745 999 824 Imo,
1029 753 1067 811 ut
1087 749 1135 813 ait

68 844 281 909 Richardus
310 863 329 905 a
358 863 381 905 s.
409 841 660 922 Laurentio¹)
690 843 780 924 ,sola
808 843 934 910 detinet
960 846 1041 910 iram
1063 847 1133 926 Dei,

66 965 101 1008 ne
121 944 231 1008 statim
259 940 401 1005 vindicet
421 941 517 1006 nos“:
546 941 632 1004 unde
661 949 749 1006 recte
778 943 892 1022 docet,
919 965 990 1008 cam
1011 945 1134 1011 Mariae
1229 1025 1232 1032 1

17 1033 19 1038 ’
67 1041 343 1126 omnipotentiam,
373 1040 449 1122 quia
478 1039 591 1103 eadem
619 1046 653 1104 ct
680 1042 857 1106 communis
886 1049 936 1108 est
955 1043 1071 1108 Matris
1100 1051 1154 1127 et,

65 1142 132 1205 Filii
153 1147 309 1224 potestas,
332 1139 475 1220 dicitque
498 1160 570 1201 curu
591 1138 683 1215 Filio,
712 1139 827 1220 ,data
855 1146 915 1205 est
940 1142 1035 1206 mihi
1062 1165 1132 1207 om·

65 1241 118 1304 nis
146 1246 328 1324 potestas
355 1237 396 1301 in
424 1236 534 1300 coelo
565 1243 604 1301 et
632 1237 671 1300 in
699 1240 839 1302 terra.“
940 1269 941 1274 ¹

119 1338 330 1404 Attributa
357 1336 454 1400 etiam
477 1335 538 1400 Dei
565 1337 791 1400 notionalia
818 1343 852 1402 et
872 1337 1026 1403 divinas
1048 1361 1132 1421 pro-

65 1437 257 1503 cessiones
279 1434 474 1498 mirabiliter
494 1433 528 1498 in
550 1455 583 1498 se
605 1435 820 1517 transcriptas
841 1437 994 1518 exprimit
1011 1437 1131 1503 Maria:

64 1535 305 1612 Paternitatem,
333 1532 547 1611 Filiationem,
579 1533 795 1614 spirationem
816 1536 954 1600 activam
977 1542 1010 1601 et
1030 1538 1132 1619 passi-

64 1656 136 1698 vam.
186 1634 331 1699 Generat
362 1654 436 1697 cum
463 1631 575 1710 Patre,
608 1639 783 1714 generatur
815 1639 853 1698 ut
880 1634 995 1713 Filius,
1028 1639 1132 1718 spirat

63 1755 197 1800 amorem
218 1755 292 1798 cunr
312 1721 410 1797 Patre
435 1738 469 1796 et
489 1731 580 1810 Filio,
603 1732 747 1813 spiratur
767 1754 840 1796 cum
862 1733 985 1814 Spiritu
1007 1743 1129 1814 sancto,

65 1835 133 1914 quia
154 1833 280 1898 soboles
308 1838 361 1895 est·
379 1830 506 1895 amoris.
550 1830 618 1894 Imo
640 1831 806 1912 aptissime
834 1840 867 1897 et
887 1834 1030 1915 piissime
1051 1857 1131 1899 non-

63 1932 136 1995 nulli
163 1931 364 1996 meditantur
391 1929 528 1992 Mariam
555 1928 651 1992 modo
673 1927 820 2012 'quodam
846 1931 925 1996 licet
953 1932 1129 2016 improprio

63 2030 225 2094 accessisse
260 2029 361 2094 veluti
398 2034 548 2112 quartam
585 2027 711 2092 divinae
742 2029 913 2094 Trinitatis
948 2052 1128 2119 personam,

63 2148 136 2208 quae
157 2136 225 2194 tres
247 2128 344 2206 aliae,
374 2133 532 2210 quantum
554 2133 723 2192 creaturae
745 2127 795 2192 fas
818 2137 883 2208 est,
914 2132 1074 2212 exprimat
1095 2139 1129 2196 et

64 2227 231 2310 compleat3
262 2226 320 2290 sed
340 2225 533 2308 praesertim
561 2226 694 2289 tertiam
714 2226 904 2307 Personam,
936 2250 1019 2311 qnae
1040 2231 1129 2295 intra

64 2324 158 2390 Deum
178 2325 373 2390 infoecunda
400 2331 463 2402 est,
495 2323 551 2388 sed
572 2330 677 2388 totam
698 2332 808 2389 tamen
836 2326 977 2408 complet
998 2326 1128 2392 foecun-

63 2422 204 2503 ditatem,
234 2424 463 2506 superveniens
492 2424 526 2487 in
555 2423 708 2503 Mariam,
739 2446 836 2508 quam
868 2447 891 2489 s.
919 2426 1128 2509 Ildophon-

62 2525 148 2604 susl)
170 2523 287 2587 eximie
308 2521 453 2604 appellat
475 2521 716 2603 „extensionem
738 2523 879 2605 Spiritus
900 2526 1035 2588 sancti.“

116 2621 240 2687 Effudit
268 2620 419 2685 videlicet
439 2620 623 2702 plenissime
644 2642 679 2685 se
708 2621 814 2704 ipsum
836 2623 976 2704 Spiritus
1004 2621 1038 2686 in
1059 2624 1127 2689 Ma-

62 2719 141 2799 riam,
164 2729 198 2786 et
219 2741 279 2803 per
300 2740 371 2783 eam
392 2719 426 2782 in
446 2740 505 2782 nos
526 2718 663 2784 ulterius
686 2719 876 2800 effunditur,
906 2723 984 2812 quia
1004 2722 1127 2788 Mariae

61 2817 240 2896 primarium
268 2817 406 2882 officium
439 2824 488 2882 est
516 2817 730 2883 sanctificatio
762 2820 958 2899 animarum,
992 2822 1048 2905 qui
1077 2829 1128 2887 est

62 2915 220 2983 character
249 2917 389 3000 Spiritus
418 2917 531 2981 sancti.
574 2915 656 2980 Tota
686 2938 761 2998 ergo
788 2917 930 2984 Trinitas
960 2920 994 2983 in
1022 2919 1126 2984 Maria

61 3013 208 3094 splendet,
239 3037 336 3099 quam
365 3016 481 3080 rnerito
503 3021 678 3098 propterea
705 3017 897 3099 Esychius
927 3018 1010 3082 dixit
1031 3041 1126 3100 ,con-

61 3111 153 3179 tinere
184 3121 295 3180 totum
321 3114 592 3196 complementum
613 3115 814 3193 Trinitatis,“
842 3123 947 3180 totam
975 3117 1126 3182 videlicet

60 3207 242 3278 Trinitatem
1039 3235 1043 3247 ·

112 3331 138 3374 a.
171 3310 355 3389 realiter,
386 3310 463 3393 quia
483 3311 581 3376 Pater
605 3317 638 3376 et
660 3312 801 3394 Spiritus
822 3320 953 3378 sanctus
976 3334 997 3377 a
1017 3314 1124 3379 Verbo

59 3425 115 3472 non
134 3411 379 3494 disjunguntur3

110 3507 138 3572 b.
170 3509 205 3572 in
231 3509 414 3591 imagine,
442 3510 519 3593 quia
540 3532 612 3574 eam
632 3517 738 3575 totam
758 3511 793 3574 in
814 3531 848 3575 se
868 3511 940 3593 ipsa
961 3512 1123 3593 exprimit,

59 3623 147 3684 quare
168 3616 326 3674 vocarunt
348 3630 419 3673 eam
440 3609 572 3692 plurimi
594 3609 743 3674 doctores
765 3631 837 3674 oum
858 3609 996 3694 Esychio
1018 3631 1126 3692 ,oom-

58 3701 247 3782 plementum
273 3707 478 3773 Trinitatis“:
508 3709 672 3774 verissime
700 3709 749 3773 illi
768 3698 923 3794 quidem,
952 3709 1031 3775 licet
1058 3731 1124 3774 non

59 3801 95 3863 ad
113 3815 252 3872 mentem
273 3807 411 3889 Esychii.

61 3951 243 3968 Ἢ·-

115 4023 134 4087 ¹)
151 4021 190 4077 De
208 4022 335 4078 laudibus
352 4021 456 4077 Mariae
474 4023 523 4080 lib.
540 4023 576 4077 11.
609 4023 631 4091 ²)
648 4023 733 4079 Serm.
751 4023 787 4077 de
805 4023 1010 4158 Assumpgigone.
1064 4112 1071 4124 .
