2728 4554
547 377 606 438 esa
674 350 678 359 '

50 558 66 600 a
94 537 187 602 sacris
218 535 400 614 codicibus
439 536 502 619 ipsi
532 537 658 619 pariter
694 536 729 600 in
759 537 923 620 aliquibus
960 539 1119 607 defecisse

50 636 273 714 describuntur,
292 641 331 700 ut
350 640 444 718 petet
464 636 498 699 in
515 634 585 700 Noe
607 635 740 700 bibente
762 636 880 715 vinum,
899 636 933 700 in
951 637 1118 703 Abraham

50 734 252 799 descendente
272 735 306 798 in
325 735 508 818 Aegyptum
529 757 603 799 cum
626 735 706 801 Sara
726 755 837 813 uxore,
861 743 960 818 quam
980 738 1116 819 rogavit,

49 841 81 898 ut
98 833 217 898 diceret
238 854 273 897 se
301 854 371 898 esse
400 855 559 911 sororem,
589 839 628 898 ut
649 833 733 897 bene
762 833 825 898 sibi
854 840 939 900 esset
960 835 994 899 in
1022 836 1117 902 domo

48 932 211 998 Pharaonis
238 939 374 1014 propter
403 953 489 1010 eam,
503 932 526 1014 ¹)
559 930 592 994 in
621 931 708 995 Loth
737 953 866 1014 quoque
899 933 989 998 ebrio
1023 941 1056 999 et
1083 935 1120 998 in

48 1032 146 1098 multis
177 1032 251 1096 aliis
282 1031 434 1102 Patribus
470 1052 491 1095 a
526 1031 626 1096 sacris
658 1030 764 1096 literis
796 1030 956 1097 laudatis:
995 1031 1119 1116 Joseph

47 1153 111 1196 uero
129 1132 237 1214 justus
258 1130 300 1195 ab
317 1129 491 1212 Evangelio
510 1128 721 1212 praedicatur
742 1134 776 1193 et
792 1129 825 1192 in
846 1130 936 1195 nullo
959 1131 1119 1198 deiecisse

48 1229 262 1294 describitur.“

98 1328 147 1392 hd
177 1327 276 1392 aliam
311 1326 537 1410 quaestionem
572 1348 646 1391 cum
677 1326 895 1409 praecedente
928 1349 1118 1409 connexam,

47 1434 145 1491 utrum
179 1447 296 1509 nempe
332 1449 356 1491 s.
390 1426 525 1508 Josephi
556 1426 687 1509 justitia
719 1427 911 1510 justitiae
947 1429 1117 1493 omnium

47 1526 193 1591 Patrum
239 1532 279 1591 et
319 1531 547 1592 sanctorum
591 1527 682 1591 novi
720 1527 968 1591 Testamenti
1006 1549 1118 1609 prae·

47 1623 199 1690 ferenda
227 1623 291 1702 sit,
321 1623 552 1688 celeberrimus
582 1625 727 1690 Suarea
755 1625 805 1690 ita
832 1625 1023 1708 respondet:
1056 1628 1115 1709 ,In

46 1723 98 1788 hac
114 1723 364 1806 comparatione,
381 1723 532 1807 inquit,2)
554 1715 620 1788 non
637 1724 786 1789 existimo
806 1746 876 1789 esse
895 1727 1117 1805 temerarium,

46 1843 97 1887 nec
115 1821 342 1906 improbabile,
372 1821 430 1886 sed
457 1821 547 1904 pium
567 1823 678 1905 potius
711 1829 745 1888 et
765 1823 954 1902 uerisimile,
985 1824 1013 1888 si
1042 1825 1115 1908 quis

47 1921 172 1986 fortasse
208 1921 376 2004 opinetur,
414 1920 570 1985 Sanctum
607 1921 693 1985 hunc
728 1921 932 2004 (losephum)
971 1923 1115 2006 reliquos

47 2042 143 2087 omnes
177 2022 212 2085 in
247 2020 353 2103 gratia
392 2042 430 2086 ac
465 2020 669 2086 beatitudine
708 2021 921 2101 antecellere,
961 2023 1039 2105 quia
1075 2045 1115 2087 ex

47 2119 202 2203 Scriptura
232 2120 314 2184 nihil
347 2125 413 2197 est,
448 2119 536 2202 quod
567 2126 727 2202 repugnet
757 2141 864 2203 neque
895 2121 930 2184 in
960 2121 1114 2186 Patribus
1141 2203 1144 2210 Ι

47 2217 157 2301 aliquid
188 2218 332 2301 reperio,
371 2224 406 2283 et
437 2217 465 2282 si
497 2239 581 2300 quae
617 2224 693 2282 sunt
724 2219 892 2300 generales
923 2219 1113 2300 locutiones,

47 2317 151 2398 quibus
187 2317 338 2400 Apostoli
374 2316 535 2398 praeferri
579 2316 765 2395 videantur,
804 2317 945 2400 intelligi
975 2325 1116 2401 possunt

47 2413 140 2481 lacere
172 2415 448 2499 comparationem
479 2416 676 2498 regulariter
709 2438 783 2480 oum
814 2415 888 2480 aliis
920 2417 1048 2482 Sanctis
1080 2409 1117 2482 et

46 2533 99 2578 non
119 2515 288 2580 excludere
311 2515 451 2597 speciale
478 2513 613 2597 aliquod
633 2514 838 2597 priuilegium
865 2521 900 2580 et
919 2515 1115 2597 praesertim

47 2611 123 2696 loqui
143 2615 182 2680 de
203 2614 441 2698 posterioribus
464 2615 607 2679 Sanctis:
636 2635 702 2680 non
722 2635 797 2678 vero
818 2613 858 2677 de
879 2613 930 2678 his
952 2614 1112 2694 omnibus,

48 2712 180 2791 quicum
197 2712 328 2779 Christo
347 2713 499 2778 vixerunt
517 2719 551 2778 et
569 2712 648 2796 ipsis
664 2712 830 2794 Apostolis
848 2713 1114 2794 contemporanei

47 2807 173 2875 luerunt.
215 2811 301 2876 Nam
327 2811 406 2888 licet
435 2810 516 2876 haec
545 2811 691 2876 revelata
717 2832 782 2875 non
811 2810 877 2875 sint
905 2816 940 2875 et
959 2810 1033 2875 ideo
1063 2811 1115 2875 in·

47 2915 123 2974 certa
143 2911 210 2975 sint
229 2916 263 2975 et
284 2909 345 2974 soli
363 2910 432 2974 Deo
454 2931 491 2974 ac
507 2909 620 3000 Beatis
642 2910 786 2992 cognita3
810 2930 981 2992 possumus
1002 2914 1113 2974 tamen

46 3009 197 3075 nonnihil
217 3009 443 3092 probabilibus
465 3009 648 3074 rationibus
674 3015 733 3076 aut
753 3007 882 3072 indiciis
903 3006 1113 3090 conjectari.“

47 3104 273 3173 Confirmantur
292 3108 374 3172 haec
396 3107 544 3172 doctrina
572 3107 759 3173 Doctoris
788 3107 971 3190 Angelici
1003 3105 1114 3170 dicen-

46 3203 124 3288 tiss)
157 3208 306 3290 „Quanto
335 3205 460 3289 aliquid
488 3206 591 3288 magis
619 3206 862 3289 appropinquat
889 3205 1049 3289 principio
1078 3205 1112 3268 in

47 3305 178 3384 quolibet
193 3327 321 3390 genere,
334 3312 428 3372 tanto
444 3307 546 3389 magis
561 3306 740 3390 participat
755 3305 907 3371 effectum
923 3305 1011 3370 illius
1025 3305 1114 3388 prin-

47 3402 118 3486 01011.
156 3406 306 3473 Christus
328 3413 378 3470 est
395 3406 591 3489 principium
609 3407 745 3488 gratiae,
765 3404 943 3472 seeundum
961 3404 1114 3470 divinita·

46 3505 102 3566 tem
125 3504 255 3588 quidem
284 3505 532 3584 authoritative,
562 3505 741 3570 secundum
768 3505 1007 3570 humanitatem
1034 3525 1111 3570 vero

45 3597 353 3670 1110110100111011101.α
395 3603 480 3669 Huic
506 3625 582 3669 vero
604 3604 764 3687 principio
786 3610 862 3687 post
888 3625 911 3668 s.
936 3603 1112 3685 Deiparam

46 3700 139 3768 nullus
173 3703 238 3768 fuit
268 3702 498 3786 propinquior,
534 3723 632 3787 quam
670 3723 694 3766 s.
727 3702 865 3786 Joseph,
907 3701 1043 3766 tertium
1077 3700 1112 3764 in

47 3848 225 3865 *h

102 3933 119 3996 ¹]
135 3933 201 3989 Gen.
218 3932 281 4001 XII,
300 3935 340 3989 13.
381 3932 403 4000 ²)
419 3932 497 3988 Tom.
520 3932 556 4001 11,
578 3934 607 3988 in
630 3933 682 4000 111,
705 3951 733 4003 p.
756 3951 783 4002 q.
802 3931 902 3998 XXIX,
925 3947 949 3986 a.
967 3935 981 3985 1
1000 3930 1070 4001 disp.
1087 3933 1114 3986 8.

47 4010 65 4074 ³)
80 4011 123 4080 Ill,
139 4033 164 4086 p.
182 4033 207 4085 q.
224 4014 340 4084 XXVII,
358 4031 382 4070 a.
401 4016 462 4070 bin
479 4031 556 4085 corp.
