2728 4560
538 385 594 444 191

38 542 107 624 quit,
129 541 209 624 quin
228 540 260 604 b.
283 540 390 624 Virgo,
414 543 630 624 „aemulatrix
651 544 884 610 charismatum
905 546 1106 629 meliorum,“

37 662 54 704 a
73 641 193 724 Spiritu
214 661 238 703 s.
262 639 401 718 directa,
424 641 645 724 virginitatem
666 665 794 727 semper
815 647 1005 728 appetierit,
1027 655 1106 714 tunc

39 740 125 804 etiam
154 737 426 817 concludendum,
460 761 533 804 eam
557 741 626 824 jam
653 748 729 807 ante
761 745 1004 810 matrimonium
1031 769 1107 813 con-

37 845 170 903 tractum
187 837 248 902 hoc
266 843 377 902 votum
399 837 552 903 emisisse.
590 839 712 906 Horret
730 843 815 906 enim
836 844 963 909 animus
981 845 1107 928 pietate

37 936 171 1014 imbutus
192 935 243 1000 vel
261 936 413 1019 cogitare,
433 938 669 1002 sanctissimam
687 939 853 1024 Virginem
874 963 990 1026 corpus
1012 966 1107 1011 suum

36 1035 200 1119 aliquando
221 1036 366 1119 periculo
389 1038 576 1120 exposuisse
601 1041 827 1122 corruptionis,
850 1043 938 1125 quod
958 1044 1106 1128 profecto

36 1134 167 1213 iecisset,
191 1135 220 1198 si
240 1141 315 1199 voto
337 1135 427 1218 prins
448 1157 515 1200 non
535 1136 693 1203 obstricta
713 1141 887 1223 nupsisset.

89 1240 114 1298 3.
140 1235 170 1300 S.
186 1233 328 1316 Deipara
344 1235 439 1312 vovit,
455 1235 542 1299 dum
560 1236 686 1301 adhuc
705 1238 744 1301 in
763 1241 911 1324 templo
931 1242 1104 1326 degeret.

88 1333 324 1416 ,Verisimilius
351 1333 446 1412 mihi,
476 1335 584 1419 inquit
610 1335 785 1415 Pontius,
797 1339 822 1421 ¹)
854 1341 978 1406 vovisse
1006 1343 1105 1423 illam,

34 1433 156 1512 quando
178 1438 309 1497 matura
337 1432 377 1496 de
400 1453 437 1498 eo
459 1435 638 1516 praecessit
659 1436 814 1518 cogitatio
837 1437 979 1522 dumque
1000 1441 1106 1507 adhuc

34 1530 203 1614 intemplo
226 1531 374 1613 degeret,
405 1531 473 1597 Deo
500 1533 698 1615 inspirante,
728 1540 766 1598 nt
795 1555 869 1599 eum
897 1544 1021 1602 statum
1049 1539 1106 1603 eli-

33 1636 116 1710 geret
149 1651 308 1712 suumque
339 1636 450 1695 votum
478 1637 594 1714 postea
624 1631 819 1714 patefecisse
851 1636 1107 1702 sacerdotibus.“

33 1727 213 1794 Plenissime
236 1731 412 1795 concordat
432 1731 661 1814 Vasquez:²)
684 1732 807 1813 ,Valde
830 1735 1003 1799 verisimile
1026 1757 1105 1815 esse,

33 1827 89 1906 ait,
117 1829 250 1894 beatam
272 1830 436 1913 Virginem
457 1830 498 1894 ab
521 1852 559 1895 eo
581 1837 761 1910 momento,
792 1853 856 1914 quo
885 1833 925 1897 de
948 1855 1011 1898 usu
1033 1855 1108 1899 con-

31 1927 106 2009 jugii
127 1936 162 1994 et
183 1929 223 1994 de
245 1929 398 1994 castitate
429 1936 463 1994 et
483 1930 669 2013 virginitate
691 1951 800 1994 secum
822 1933 931 2015 coepit
952 1934 1106 2017 cogitare,

32 2048 91 2090 non
110 2034 187 2110 post
214 2028 343 2110 longam
371 2027 658 2107 consultationem,
690 2029 830 2111 Spiritus
859 2031 963 2096 sancti
984 2031 1106 2097 lumine

33 2125 240 2205 illustratam,
268 2134 462 2210 perpetuam
489 2129 709 2211 virginitatem
736 2149 801 2192 non
829 2135 959 2195 tantum
980 2131 1106 2196 deside-

31 2246 128 2305 rasse,
162 2247 269 2310 neque
298 2247 370 2291 eam
397 2227 466 2291 solo
494 2227 587 2292 firmo
615 2227 782 2310 proposito
813 2226 961 2311 elegisse,
994 2251 1107 2296 verum

34 2325 125 2388 etiam
153 2331 228 2400 ¹voto
254 2325 414 2408 peculiari
442 2347 513 2390 eam
535 2327 672 2390 Domino
702 2347 914 2408 nuncupasse.
957 2327 1008 2390 An
1029 2349 1106 2393 vero

31 2421 87 2488 hcc
116 2423 219 2488 fuerit
247 2424 389 2506 primum
416 2431 615 2490 momentum
643 2431 677 2490 et
704 2424 830 2489 instans
858 2446 936 2490 usus
967 2427 1105 2492 rationis
1221 2516 1224 2523 Ι

32 2521 199 2602 ignorari.“

87 2621 284 2686 Baronius
312 2621 485 2686 cardinalis
514 2621 576 2686 hoe
605 2622 645 2686 de
667 2628 742 2686 voto
764 2628 911 2687 tractans
923 2622 949 2704 ⁸)
978 2623 1059 2689 citat
1081 2646 1105 2690 s:

32 2718 219 2804 Gregorium
235 2719 415 2802 Nyssenum
431 2721 479 2784 ita
495 2720 732 2803 loquentemz4)
754 2720 977 2802 ,Sacerdotes
995 2744 1107 2805 quam-

30 2815 82 2882 diu
109 2818 248 2902 parvula
275 2817 353 2897 fuit,
385 2819 428 2883 ad
457 2818 614 2885 Samuelis
646 2819 892 2884 similitudinem
924 2821 957 2884 in
986 2823 1108 2888 sanetis

30 2915 161 2982 aedibus
183 2916 379 2997 educarunt3
409 2918 466 2982 sed
495 2939 596 3002 quum
620 2917 688 3000 jam
716 2916 931 2997 adolesceret,
962 2921 1109 2986 consule·

29 3014 120 3096 bant,
151 3016 307 3101 quidnam
327 3023 462 3100 agerent
483 3017 523 3082 de
545 3023 657 3082 sancto
679 3015 735 3081 illo
758 3015 908 3100 corpore,
937 3039 978 3082 ne
1002 3019 1107 3084 Deum

30 3113 239 3180 offenderent.
294 3116 425 3180 Etenim
460 3111 597 3181 naturae
633 3115 697 3198 legi
731 3115 821 3180 illam
857 3117 1033 3200 subjicere,
1070 3126 1109 3186 ut

30 3215 168 3297 cuipiam
189 3216 225 3280 in
243 3216 451 3281 matrimonio
479 3216 638 3282 collocata
660 3215 809 3295 serviret,
839 3217 1109 3295 absurdissimum

28 3312 207 3379 videbatur.
250 3315 360 3380 Instar
380 3315 650 3399 enim-sacrilegii
670 3314 800 3394 fuisset,
823 3315 851 3380 si
872 3316 1015 3381 muneris
1037 3317 1107 3382 Deo

29 3413 149 3477 sacrati
180 3413 344 3498 dominus·
360 3415 456 3479 homo
488 3413 591 3479 fieret.
639 3414 779 3496 Legibus
812 3415 898 3478 enim
930 3422 1002 3481 erat
1033 3439 1109 3480 con-

28 3512 189 3592 stitutum,
209 3519 248 3577 ut
268 3513 405 3578 maritus
427 3514 649 3579 dominaretur
665 3513 768 3577 uxori.
803 3513 975 3579 Mulierem
995 3537 1107 3581 rursus

25 3610 110 3675 inter
132 3612 318 3677 sacerdotes
346 3613 380 3677 in
401 3613 522 3696 templo
545 3613 667 3677 versari
694 3620 793 3696 atque
820 3613 854 3676 in
876 3614 996 3678 sanctis
1018 3614 1109 3678 aedi-

30 3771 227 3782 -μ--ι

92 3860 114 3926 ¹)
134 3860 175 3914 ne
197 3877 266 3915 saer.
284 3821 461 3914 matrimonii
476 3858 525 3913 ub.
542 3859 568 3925 r,
591 3876 634 3928 ep.
653 3860 692 3914 19.
734 3860 757 3919 a
776 3858 808 3913 In
825 3858 880 3926 111,
906 3877 932 3928 p.
951 3877 976 3928 q.
993 3861 1027 3914 ae
1043 3875 1066 3914 a
1083 3861 1108 3915 4.

26 3940 106 4022 disp..
123 3944 172 3995 124
195 3958 238 4010 op.
259 3943 283 3996 4.
325 3943 346 4008 ³)
363 3942 396 3997 In
419 3943 565 4010 Apparatu
589 3942 625 3996 ad
647 3942 747 3997 Annsl.
773 3941 841 3998 ecel.
882 3942 903 4009 4)
924 3942 969 3995 Ex
992 3941 1109 3996 historia

25 4029 148 4093 quadam
165 4026 265 4081 incerti
282 4025 413 4082 auctoris.
