2728 4560
551 335 611 395 267

54 495 174 573 lunari,
185 495 209 577 ¹)
239 494 274 557 in
296 495 422 560 Sacror.
465 493 531 558 Rit.
555 494 816 578 Congregatione
839 496 909 579 ejus
930 517 1044 575 causa,
1068 518 1122 561 ex·

54 594 222 678 quisitoque
244 592 445 658 Promotoris
465 592 558 656 Fidei
584 600 659 658 voto
688 614 787 676 super
814 593 927 659 debito
948 596 1120 678 conjugali,

53 694 148 757 neutri
168 715 208 758 ex
237 693 277 757 iis
306 692 347 757 ab
377 692 448 774 ipso
470 692 616 770 reddito,
646 691 786 774 Prosper
813 693 980 759 Bottinius
1008 694 1122 758 Archi-

54 792 207 874 episcopus
239 791 398 874 Myrensis
432 798 466 856 et
496 790 636 875 Prosper
667 792 708 856 de
741 792 974 871 Lambertinis,
1007 800 1123 876 postea

54 891 188 955 Summus
214 889 367 955 Pontifex
395 891 593 956 Benedictus
620 891 705 955 XIV.
733 891 826 956 illum
854 913 1005 974 peccasse
1034 892 1123 958 dixe-

54 997 130 1068 runt,
162 1012 227 1054 non
257 990 335 1073 quia
360 989 540 1054 laudabilia
570 989 807 1072 quodammodo
838 997 871 1054 et
899 991 1031 1056 heroica
1059 993 1124 1056 dici

54 1111 107 1154 non
140 1089 281 1153 debeant
312 1089 535 1166 matrimonia,
574 1089 760 1171 inquibus
796 1095 910 1153 mutuo
946 1090 1122 1156 accedente

54 1189 211 1272 conjugum
233 1209 392 1253 consensu
413 1187 504 1252 nulla
531 1187 570 1252 fit
592 1188 661 1270 ejus
685 1189 936 1267 consummatio,
966 1190 1024 1254 sed
1046 1191 1123 1273 quia

53 1286 90 1350 de
117 1309 309 1352 consensu
336 1292 406 1351 tarn
434 1286 572 1368 primae,
604 1308 700 1369 quam
730 1287 891 1350 secundae
920 1288 1030 1352 uxoris
1058 1309 1123 1352 non

53 1387 211 1451 constabat
244 1394 278 1450 et
310 1385 552 1470 quaerimoniae
584 1406 649 1448 non
682 1384 858 1449 defuerunt
890 1386 1124 1468 consanguine-

53 1504 135 1547 orum
161 1485 404 1567 praedictarum
432 1482 661 1562 foeminarum,
692 1484 779 1566 quod
808 1485 854 1550 eis
883 1485 1031 1549 debitum
1058 1508 1125 1551 non

52 1582 249 1662 redderetur,
280 1605 319 1647 ex
341 1583 459 1666 quibus
481 1583 684 1648 inferebatur
705 1583 748 1648 ad
768 1585 931 1666 praedicti
952 1607 1125 1650 consensus

53 1680 213 1746 defectum.
268 1683 375 1748 Multa
411 1683 545 1748 fuerunt
580 1704 600 1747 a
637 1683 832 1748 doctissimis
864 1684 1126 1756 Postulatoribus

53 1779 161 1860 allata,
194 1787 232 1845 ut
266 1780 451 1847 difficultati
486 1780 677 1861 satisfieret3
707 1781 863 1866 suffragia
891 1805 1020 1867 quoque
1043 1784 1125 1848 Aca-

54 1877 222 1944 demiarum
259 1902 316 1946 seu
348 1881 606 1946 Universitatnm
637 1881 895 1964 theologicarum
925 1881 1125 1960 Parisiensis‚

54 1976 307 2045 salmanticensis
345 1986 378 2044 et
409 1980 584 2044 Patavinae
619 1979 780 2062 requisita
816 1988 849 2045 et
881 1981 1002 2045 Rornae
1037 1981 1127 2045 edita

54 2084 226 2143 ann01722
250 2078 386 2144 fuerunt
408 2079 537 2144 omnino
560 2078 733 2144 concordia
754 2079 788 2142 in
809 2079 993 2158 asserendo,
1015 2081 1127 2144 matri-

53 2177 152 2241 monia
172 2200 237 2243 non
259 2177 354 2243 modo
377 2177 485 2243 valida
507 2177 616 2255 luisse,
636 2178 693 2242 sed
711 2179 991 2244 commendatione
1014 2178 1126 2260 digna3

53 2295 117 2339 neo
151 2278 412 2359 praemissum
448 2277 666 2342 servandae
702 2277 955 2360 virginitatis
988 2298 1127 2360 propo-

55 2373 165 2440 situm
191 2376 448 2443 substantiae
475 2377 722 2442 matrimonii
749 2376 937 2457 obfuisse,
967 2399 1067 2460 quum
1089 2399 1129 2442 ex

55 2473 238 2542 Sanctorum
264 2477 400 2543 Patrum
437 2499 667 2561 sacrorumque
697 2498 857 2542 canonum
886 2477 1035 2541 doctrina
1068 2498 1128 2559 pro

55 2581 137 2639 certo
157 2577 319 2642 habeatur
340 2577 476 2659 simplex
504 2576 681 2641 servandae
708 2575 904 2659 virginitatis
925 2575 1130 2657 propositum

56 2670 153 2740 dictae
185 2676 385 2741 matrimonii
416 2674 619 2740 substantiae
652 2674 734 2739 nihil
766 2674 902 2740 officere.
955 2673 1130 2738 Mulierum

55 2792 175 2856 quoqne
207 2797 400 2840 consensum
434 2775 629 2857 implicitum
665 2779 723 2838 aut
755 2773 944 2856 explicitum
977 2795 1042 2837 non
1074 2772 1129 2837 de-

54 2869 147 2937 fuisse
178 2881 211 2938 et
240 2874 479 2956 quaerimonias
508 2895 528 2937 a
555 2873 803 2955 consanguineis
832 2872 991 2938 excitatas
1019 2870 1129 2939 fuisse,

54 2973 209 3054 nunquia
238 2973 345 3038 diotae
374 2995 491 3040 uxores
512 2995 654 3056 unquam
684 2972 729 3036 de·
747 2971 929 3036 redditione
952 2970 1056 3035 debiti
1077 2991 1129 3035 co-

54 3066 233 3150 gitaverint,
263 3073 322 3138 sed
344 3073 421 3155 quia
441 3073 504 3155 ipsi
524 3073 678 3154 pinguem
699 3071 783 3135 servi
805 3070 867 3134 Dei
887 3069 1128 3134 haereditatem

55 3165 94 3229 ad
111 3167 190 3235 filios
213 3193 254 3236 ex
275 3173 341 3237 suis
364 3171 611 3254 consanguineis
629 3171 813 3235 nascituros
837 3167 959 3233 deferri
976 3167 1131 3231 ardenter

56 3270 256 3350 exoptabant,
276 3279 314 3336 ut
338 3293 378 3336 ex
395 3270 565 3354 scripturis
581 3268 827 3333 Postulatorum
846 3274 880 3331 et
895 3266 1131 3348 Theologorum

55 3364 209 3451 suffragiis
232 3369 319 3434 clare
341 3370 512 3434 habetur.“

113 3466 275 3551 Numquid
303 3470 390 3534 hunc
419 3468 615 3553 virginitatis
645 3466 774 3544 florem,
815 3465 871 3549 qui
899 3462 1035 3528 mirifico
1071 3462 1131 3526 rni-

57 3563 212 3651 rabilique
234 3568 377 3652 quodam
397 3570 493 3634 modo
515 3574 567 3633 tot
589 3566 757 3632 exornavit
784 3563 1008 3642 matrimonia,
1036 3561 1134 3645 dene-

55 3683 129 3744 gare
147 3688 314 3749 possemus
336 3668 542 3733 matrimonio
564 3665 842 3731 sanctissimorum
862 3663 1051 3746 conjugum,
1078 3661 1135 3744 qui

54 3783 193 3846 unquam
223 3766 284 3831 hac
323 3767 357 3831 in
379 3774 468 3832 terra
496 3765 669 3830 vixerunt?
702 3761 816 3827 Nonne
838 3762 944 3827 Maria
972 3763 1134 3826 virtutum

122 3985 140 4051 ¹)
155 3984 285 4053 Prompta
302 3937 474 4041 bibliotheca
491 3987 558 4038 torn.
575 3980 638 4036 Vll.
654 3995 723 4035 vox:
741 3981 845 4032 votum.
