2782 4554
581 281 642 352 487
741 373 744 382 Ι

67 443 227 520 Christus,
248 440 325 525 quia
343 440 557 523 omnipotens,
577 461 598 506 a
619 441 828 524 corruptione
850 442 995 525 corporis
1012 443 1153 508 Matrem

66 563 161 608 suam
182 541 345 623 integram
371 560 518 618 servare3
550 538 579 604 si
599 539 691 605 novit
711 547 898 623 praeterea,
928 541 1006 625 quia
1028 563 1152 607 summe

67 640 207 723 sapiens,
237 660 302 723 qua
329 639 457 704 ratione
485 638 519 702 id
541 639 647 721 ipsum
676 638 830 705 effectum
850 639 1020 705 redderet:
1050 641 1086 704 si'
1099 664 1154 707 vo-

65 741 133 805 luit
164 739 310 815 demum,
347 737 424 820 quia
455 737 720 820 benignissimus,
755 739 816 803 hoc
848 738 963 804 ultimo
995 737 1152 804 beneficio

64 861 164 904 suum
191 838 337 903 studium
357 837 392 901 in
413 837 603 903 honoranda
624 838 730 904 Matre
752 839 882 904 testari:
912 839 985 921 quis
1007 839 1154 921 ambigat

64 959 181 1020 porro,
212 936 388 1018 Deiparam
416 935 499 1000 hanc
527 936 693 1018 accepisse
721 937 875 1020 gratiam,
905 936 965 1002 tali
986 936 1086 1003 Matri
1114 958 1151 1002 ac

64 1037 212 1120 Reginae
245 1035 272 1100 si
304 1056 369 1099 non
401 1034 547 1099 debitam
578 1057 616 1100 ac
649 1042 738 1102 certe
771 1034 903 1119 quidem
930 1034 1151 1114 honorificam,

64 1134 215 1218 nullique
238 1135 431 1199 Sanctorum
456 1117 577 1216 justius
606 1133 829 1213 deferendam,
860 1156 898 1199 ac
927 1134 988 1200 tali
1007 1134 1090 1198 Filio
1118 1135 1152 1198 in

64 1232 209 1298 amanda
231 1239 264 1297 et
286 1231 431 1297 ornanda
452 1232 558 1298 Matre
580 1233 719 1296 maxime
742 1233 1015 1315 congruentem?“

129 1331 159 1396 b.
188 1332 295 1395 Aliam
316 1332 546 1413 congruentiae
564 1332 725 1396 rationem
743 1330 933 1414 suppeditat
955 1331 1048 1396 nobis
1069 1353 1149 1396 ren.

64 1430 262 1496 Canisius
307 1429 399 1512 ,Etsi
419 1430 574 1496 mortales
596 1451 715 1510 omnes,
744 1430 861 1513 inquit,
871 1431 895 1512 1)
924 1429 1010 1495 sicut
1031 1430 1152 1496 ethnici
1191 1494 1194 1500 .

65 1552 197 1614 quoque
227 1531 404 1613 scriptores
431 1536 609 1608 testantur,
640 1529 783 1594 naturali
812 1529 954 1613 quodam
982 1528 1152 1594 felicitatis

65 1629 229 1694 desiderio
259 1635 450 1708 teneantur,
480 1636 589 1694 tamen
619 1630 749 1712 piorum
777 1635 811 1694 et
832 1628 997 1694 Christum
1026 1627 1151 1693 sincere

64 1729 249 1793 amantium
282 1733 393 1792 manet
420 1729 604 1811 proprium,
637 1733 676 1792 ut
703 1729 737 1790 in
765 1727 827 1791 hoc
856 1725 988 1791 mortali
1016 1748 1152 1810 corpore

64 1827 313 1910 peregrinantes
342 1831 375 1890 et
402 1847 475 1890 cum
504 1847 599 1890 verae
627 1825 705 1891 fidei
733 1826 805 1892 luce
835 1826 1056 1904 ambulantes,
1086 1848 1151 1890 non

64 1928 195 1992 animae
223 1925 330 1990 solum
356 1924 551 1990 felicitatem
583 1930 771 2008 expectant,
804 1925 861 1990 sed
890 1925 938 2010 ad
970 1927 1151 2008 corporis

65 2027 169 2092 etiam
194 2025 509 2108 redemptionem
537 2030 571 2089 et
592 2031 843 2108 consequentem
866 2026 935 2108 ejus
956 2024 1150 2090 felicitatem

64 2125 274 2190 vehementer
305 2124 468 2208 aspirent3
499 2117 667 2203 nimirum,
700 2131 738 2190 ut
765 2125 899 2208 imagini
927 2124 1002 2188 Filii
1035 2125 1150 2207 suique

65 2225 184 2308 capitis
205 2225 266 2289 hoc
296 2244 426 2307 quoque
454 2223 550 2287 modo
578 2223 760 2289 conformes
790 2223 980 2288 efficiantur.
1024 2223 1094 2301 Qua
1116 2225 1150 2288 in

64 2345 100 2388 re
130 2323 236 2387 Maria
264 2321 396 2405 quidem
424 2321 506 2386 nihil
535 2343 555 2386 a
583 2322 704 2386 sanctis
733 2321 805 2386 aliis
834 2321 997 2406 diversum
1022 2321 1148 2401 habuit,

65 2420 124 2486 sed
145 2421 257 2504 potius
285 2421 346 2486 hoc
375 2422 481 2504 ipsum
509 2421 721 2500 desiderium,
754 2427 792 2487 ut
820 2442 958 2505 corpore
984 2421 1148 2500 bearetur,

65 2528 162 2586 tanto
183 2521 286 2606 magis
313 2521 426 2586 inille
447 2521 678 2604 peregrinante
704 2521 835 2587 videtur
862 2522 997 2600 arsisse,
1027 2528 1150 2604 quanto

65 2621 188 2685 certius
210 2621 250 2685 de
272 2620 403 2685 dotibus
433 2620 577 2702 corporis
599 2618 773 2703 glorificati
794 2620 1019 2702 cognoscebat,
1049 2641 1151 2703 quan-

64 2727 167 2802 toque
190 2720 366 2802 jucundior
393 2726 466 2785 erat
491 2719 541 2783 illi
568 2721 725 2784 memoria
746 2719 868 2784 Christi
889 2719 980 2798 Filii,
1011 2739 1150 2802 quocum

65 2826 134 2883 tam
155 2819 323 2901 praeclare
351 2824 504 2902 ageretur
532 2817 566 2881 in
593 2818 651 2882 illa
679 2818 820 2901 gloriosa
849 2824 883 2882 et
904 2824 1045 2900 augusta
1070 2838 1149 2882 suae

66 2918 174 2982 carnis
196 2925 272 3000 post
292 2923 432 2982 mortem
453 2917 723 2982 resurrectione.“

129 3039 157 3080 o.
191 3017 434 3082 Sanctissimam
456 3016 518 3080 Dei
539 3015 737 3081 Genitricem
764 3035 830 3080 una
858 3037 933 3080 cum
948 3035 1094 3098 corpore
1116 3016 1149 3080 in

35 3124 36 3128 ’
66 3116 193 3180 coelum
227 3123 392 3198 receptam
428 3137 513 3193 csse,
550 3121 688 3199 putante
719 3114 940 3197 neronior)
973 3135 1033 3180 nec
1067 3115 1148 3179 adeo'

66 3216 185 3280 mirum
212 3215 264 3281 vel
295 3238 434 3281 novum
465 3215 570 3308 videri
598 3215 712 3294 dehet,
746 3237 862 3298 quum,
896 3214 925 3278 si
957 3222 1088 3280 caetera
1115 3215 1150 3280 in

65 3315 156 3379 illam
177 3315 299 3380 collata
316 3321 495 3398 pensentur
511 3313 677 3393 beneficia,
695 3313 757 3379 hoc
775 3313 878 3378 levius
899 3314 1003 3378 videri
1020 3313 1148 3392 debeat,

67 3413 154 3496 quod
187 3420 221 3479 et
256 3413 328 3478 aliis
360 3413 509 3497 plurimis
542 3419 672 3478 constat
704 3413 813 3477 divina
844 3412 1044 3478 liberalitate
1076 3434 1150 3477 con-

67 3530 200 3577 cessum.
255 3512 370 3594 ,Quod
406 3512 434 3576 si
464 3512 578 3576 Enoch
608 3513 642 3575 in
674 3511 812 3576 sublime
843 3517 958 3594 raptus
995 3517 1029 3576 et
1059 3511 1149 3576 Elias

67 3633 164 3676 curru
196 3611 331 3677 coelesti
359 3617 491 3676 avectus
520 3611 621 3676 vitam
653 3611 798 3693 corporis
829 3610 990 3692 integram
1021 3631 1149 3675 conser-

67 3716 199 3790 varunt,
224 3711 292 3774 Deo
317 3711 351 3774 in
372 3711 437 3775 illis
458 3711 654 3776 mirabiliter
675 3716 849 3793 operante,
873 3730 946 3788 cur,
970 3709 1151 3806 interrogat

133 3925 152 3993 ¹)
171 3925 243 3980 L.c.
261 3942 325 3994 para
344 3925 392 3992 IV,
410 3929 477 3979 sect.
494 3923 531 3991 11,
550 3940 593 4012 cp.
612 3925 645 3979 V.
678 3925 699 3992 Β)
718 3926 816 3978 Annal.
834 3927 901 3978 tom.
920 3924 942 3989 1,
958 3940 1020 3979 ann.
1037 3925 1079 3980 48.
