2772 4550
602 346 661 406 535

146 503 240 568 Licet
268 524 343 568 vero
365 503 509 590 durante
526 505 588 572 hac
609 506 676 570 vita
704 506 829 571 nnllam
857 506 978 572 habere
1007 508 1168 591 possimus

75 601 317 668 certitudinem
346 603 386 667 de
414 604 716 686 praedestinatione
736 605 959 683 infallibilem,
990 629 1031 673 ss.
1052 607 1168 673 Patres

77 708 196 766 tamen
234 702 402 783 complura
441 702 536 767 nobis
575 702 735 786 praebent
777 704 1167 787 praedestinationis

75 802 210 884 signa,
244 822 328 884 quae
357 801 555 884 moralem
584 802 810 885 quandam-in
838 803 984 869 fidelium
1012 804 1164 869 cordibus

75 906 241 982 generant
263 886 502 965 certitudinem.
604 928 608 934 ’

146 998 206 1079 „In
237 998 536 1080 praedestinatione
568 1008 654 1066 teste
686 1001 833 1084 Angelo
868 1001 1069 1082 Scholae1)
1102 1001 1166 1066 duo

76 1103 161 1161 sunt
179 1097 430 1163 consideranda:
453 1099 578 1164 scilicet
599 1101 686 1183 ipsa
703 1100 1009 1183 praeordinatio
1031 1099 1167 1164 divina

76 1203 116 1262 et
154 1196 330 1262 effectus
367 1199 445 1280 ejus.
497 1200 661 1277 Quantum
690 1201 792 1283 igitur
819 1200 862 1264 ad
890 1201 1047 1282 primum,
1077 1199 1167 1264 nullo

77 1295 180 1360 modo
216 1296 474 1378 praedestinatio
500 1298 635 1380 juvatur
662 1299 814 1382 precibus
854 1300 1064 1376 Sanctorum3
1103 1319 1167 1362 non

78 1395 171 1468 enirn
192 1395 344 1477 precibus
367 1396 560 1461 Sanctorum
580 1397 627 1475 fit,
656 1397 743 1480 quod
765 1397 883 1480 aliquis
904 1397 1167 1479 praedestinetur

75 1515 99 1556 a
123 1493 205 1558 Deo.
249 1493 414 1570 Quantum
441 1516 516 1558 vero
546 1495 589 1558 ad
615 1496 807 1573 secundnm,
838 1495 959 1560 dicitnr
986 1495 1184 1578 praedesti-'

77 1593 172 1658 natio
198 1594 306 1675 juvari
327 1593 479 1677 precibus
503 1594 696 1658 Sanctorum
725 1601 759 1660 et
780 1594 853 1659 aliis
875 1595 968 1658 bonis
998 1593 1182 1676 operibns:⁴

77 1693 162 1775 quia
183 1693 396 1774 providentia,
426 1694 518 1775 eujus
539 1693 796 1774 praedestinatio
819 1699 869 1756 est
890 1714 975 1774 pars,
1005 1712 1070 1754 non
1091 1690 1166 1754 sub-

79 1791 189 1856 trahit
222 1813 336 1856 causas
373 1790 547 1871 secundam
584 1790 641 1856 sed
673 1791 719 1856 sic
754 1791 904 1874 providet
940 1789 1091 1867 effectus,
1129 1795 1166 1853 ut
1211 1866 1213 1871 .

78 1891 186 1956 etiam
208 1890 286 1956 ordo
314 1913 486 1956 causarum
507 1891 722 1956 secundarum
744 1891 912 1973 subjaceat
932 1887 1165 1972 providentiae.

80 1991 178 2056 Sicut
198 1991 299 2074 igitur
327 2013 347 2054 a
370 1991 438 2054 Deo
462 1990 509 2054 sic
530 1990 743 2073 providentur
763 1989 932 2054 naturales
961 1985 1105 2063 effectus,
1129 1992 1166 2049 ut

80 2089 187 2154 etiam
215 2111 332 2154 causae
360 2088 527 2154 naturales
555 2089 598 2152 ad
619 2088 692 2153 illos
721 2087 888 2153 naturales
917 2085 1052 2150 effectus
1080 2083 1166 2148 ordi-

78 2195 212 2266 nentur,
235 2189 304 2252 sine
328 2188 446 2270 quibus
467 2187 516 2251 illi
538 2187 673 2252 effectus
694 2209 760 2252 non
780 2186 1003 2270 provenirent:
1027 2207 1055 2248 v.
1071 2205 1100 2266 g.
1120 2183 1165 2248 sic

80 2287 174 2352 Deus
194 2288 343 2369 providet
364 2307 502 2351 messem
522 2286 683 2364 futuram,
713 2293 751 2352 ut
773 2287 874 2350 etiam
903 2284 1066 2349 culturam
1094 2282 1165 2364 agri

77 2393 117 2450 et
150 2387 398 2450 seminationem
425 2387 596 2470 provideat
629 2394 662 2453 et
694 2387 839 2453 ordinet:
875 2387 923 2451 ita
955 2386 1001 2450 sic
1029 2383 1165 2468 praede-

78 2485 228 2549 stinatur
249 2506 269 2548 a
290 2485 359 2550 Deo
380 2486 468 2551 salus
490 2486 636 2569 alicujus,
666 2492 704 2551 ut
726 2486 827 2552 etiarn
846 2484 907 2550 sub
936 2484 1050 2549 ordine
1071 2503 1166 2565 prae·
1217 2543 1220 2549 .

79 2581 314 2647 destinationis
343 2584 456 2662 cadat,
485 2584 646 2668 quidquid
672 2585 837 2650 hominem
864 2589 1032 2666 promovet
1059 2582 1094 2646 in
1115 2603 1166 2646 sa·
1265 2644 1267 2649 .

78 2681 195 2757 lutem‚
224 2681 275 2744 vel
298 2683 462 2746 orationes
483 2684 634 2765 propriae
656 2683 707 2748 vel
728 2684 882 2763 aliorum,
911 2683 962 2748 vel
983 2681 1049 2746 alia
1068 2681 1164 2758 bona,

78 2779 133 2843 vel
156 2778 317 2862 quidquid
336 2781 530 2863 hujusmodi,
560 2783 629 2846 sine
652 2783 770 2864 quibus
798 2782 917 2864 aliquis
940 2782 1079 2846 salutem
1100 2800 1165 2844 non

77 2878 304 2960 consequitur
347 2879 441 2953 Unde
462 2880 715 2963 praedestinatis
741 2881 925 2946 conandum
947 2887 996 2944 est
1018 2878 1064 2943 ad·
1081 2878 1164 2942 bene

79 2977 286 3060 operandum
314 2986 348 3043 et
376 2979 549 3057 orandum3
582 2981 660 3062 quia
688 3002 747 3063 per
773 2979 959 3063 hujusmodi
986 2977 1165 3062 praedesti-

78 3075 226 3139 nationis
248 3074 384 3140 effectus
412 3076 691 3143 certitudinaliter
711 3079 875 3161 impletur.
917 3078 1057 3161 Propter
1078 3075 1165 3160 quod

80 3174 254 3255 dicitur:2)
287 3176 518 3258 „Satagite
549 3184 593 3248 ut
620 3198 695 3260 per
721 3177 827 3242 bona
854 3198 981 3260 opera
1007 3183 1165 3240 certam

81 3278 266 3338 vestram
298 3275 562 3339 vocationem
594 3283 634 3340 et
667 3276 922 3340 electionem
953 3273 1164 3338 faciatis.“

80 3372 135 3436 Ita
157 3372 340 3454 Angelicus.

145 3471 184 3535 D.
196 3471 335 3536 Thomas
354 3472 501 3554 agnoscit
520 3492 594 3555 ergo
612 3472 770 3537 influxum
789 3471 952 3556 quendam
971 3472 1165 3536 Sanctorum

81 3571 248 3635 orantium
275 3592 334 3652 pro
363 3571 537 3635 clientibus
566 3576 600 3634 et
628 3571 715 3635 inter
743 3571 831 3654 ipsos
860 3571 1031 3653 speciatim
1050 3576 1165 3652 poten-

81 3669 228 3735 tissimae
248 3671 441 3735 Sanctorum
458 3669 601 3752 Reginae
622 3670 657 3733 in
678 3670 902 3734 executionem
924 3669 1051 3734 divinae
1071 3690 1187 3752 prae·

80 3768 328 3848 destinationis3
365 3767 568 3833 orationibus
605 3773 639 3831 et
671 3767 795 3833 meritis
828 3768 913 3833 enim
945 3767 1070 3849 majora
1099 3766 1167 3831 illis

149 3985 169 4052 ¹)
188 3983 208 4052 l,
226 4003 253 4052 p.
269 4001 295 4052 q.
314 3982 416 4050 XXIII,
433 3987 485 4038 ert.
503 3985 527 4039 8.
544 4000 568 4038 ο.
602 3983 623 4050 ⁹)
641 3985 664 4038 9.
683 3983 741 4038 Pet.
760 3983 781 4051 I,
801 3987 839 4040 10.
