2814 4548
594 317 654 382 583

75 478 249 545 oraculum
275 497 374 542 sensu
394 475 530 542 Patrum
557 497 685 559 semper
706 476 871 542 intellexit
899 483 934 542 et
954 478 988 542 11
1009 499 1076 543 una
1097 477 1163 543 diei

77 576 271 644 Nativitatis
292 574 393 640 Missa
413 596 473 657 pro
495 574 638 640 Introitu
659 574 769 640 habet.
781 576 805 658 ¹)

79 681 83 688 ’
140 683 169 742 5.
202 674 262 740 Uti
290 695 335 738 ex
360 673 472 739 modo
499 673 691 757 loquendi
720 695 867 739 necnon
895 697 940 739 ex
961 682 1049 741 toto
1078 698 1163 743 oon-

76 782 195 840 textu
227 773 405 838 clarissime
433 778 543 855 patet,
573 771 735 855 propheta
766 794 845 838 rem
876 775 1019 859 aliquam
1047 776 1162 858 plene

76 895 230 952 novam,
276 871 459 937 inauditam
499 893 538 936 ac
577 871 788 954 stupendam,
834 873 961 956 signum
998 873 1162 957 quoddam

76 974 274 1039 inusitatum
302 978 337 1037 et
365 972 529 1054 singulare
557 974 720 1055 proponit.
763 973 870 1036 Achaz
900 972 1027 1054 signum
1054 972 1162 1056 prodi-

75 1074 203 1156 giosum
234 1073 289 1154 „in
316 1069 516 1154 profundum
544 1070 664 1135 inferni
692 1071 759 1136 sive
788 1071 823 1135 in
851 1070 1015 1136 excelsum
1043 1074 1161 1154 11111α

75 1195 102 1234 r.
136 1194 166 1255 g.
197 1177 236 1236 ut
268 1170 317 1235 sol
348 1188 414 1234 non
445 1177 646 1247 moveretur,
680 1176 719 1234 ut
747 1177 836 1235 terra
867 1169 1067 1252 aperiretur,
1101 1169 1164 1234 sibi

75 1270 199 1353 eligere
218 1270 337 1353 potuit.
370 1268 464 1346 Quod
482 1290 582 1351 quum
603 1267 790 1332 incredulus
812 1269 983 1346 renuisset,
1002 1270 1164 1352 propheta

76 1370 172 1435 dicit:
208 1367 368 1451 „Propter
395 1366 457 1432 hoc
486 1366 579 1431 dabit
602 1367 759 1432 Dominus
787 1367 857 1449 ipse
886 1367 976 1432 vobis
1004 1368 1161 1450 1111111(ί

75 1468 145 1532 Η11
168 1467 298 1550 signum
325 1487 431 1531 nonne
460 1466 563 1530 multo
590 1466 807 1549 prodigiosius
836 1465 901 1531 erit
921 1467 1023 1550 priori
1044 1468 1162 1532 multo-

76 1588 139 1650 que
169 1564 391 1648 singulariusl
429 1563 598 1628 Promittit
627 1564 731 1641 Deae,
765 1571 803 1628 ut
831 1565 938 1630 verbis
970 1565 1037 1630 suis
1065 1565 1163 1630 fidem

72 1672 217 1742 astruat,
246 1664 374 1746 signum
395 1665 414 1728 i.
439 1684 465 1729 e.
488 1685 554 1728 non
575 1664 715 1746 vulgare,
745 1663 803 1728 sed
826 1663 956 1727 evidens
978 1669 1012 1728 et
1033 1663 1162 1729 illustre

75 1765 277 1848 prodigium,
308 1765 397 1847 qnod
417 1765 489 1846 ipsa
517 1764 565 1828 rei
591 1764 737 1830 novitate
766 1763 911 1846 factique
938 1763 1162 1846 magnitudine

74 1871 142 1929 tam
164 1862 404 1946 praesentibus,
424 1884 523 1945 quam
543 1861 664 1928 futuris
682 1862 867 1926 hominihus
886 1862 1010 1945 justam
1030 1870 1162 1944 pareret

73 1961 337 2036 admirationem.
383 1960 575 2026 Intellectus
600 1961 740 2025 hominis
762 1960 826 2024 etsi
847 1961 990 2043 cogitare
1012 1960 1161 2038 valuerit,

74 2064 236 2148 virginem
261 2083 356 2145 posse
385 2060 457 2124 fieri
483 2067 622 2124 matrem
649 2058 778 2123 illibata
806 2060 936 2125 omnino
964 2060 1160 2142 virginitate,

74 2183 244 2249 nunquam
276 2169 387 2226 tamen
410 2161 470 2224 ita
505 2181 575 2225 sese
607 2160 716 2243 potuit
752 2159 893 2238 elevare,
931 2166 969 2223 ut
998 2158 1160 2241 cogitarit,

75 2260 180 2336 lilium
214 2260 312 2342 hujus
344 2259 487 2342 Virginis
525 2279 594 2323 esse
624 2258 731 2322 Deum
769 2265 802 2345 11
833 2257 1013 2336 hominem,
1051 2280 1162 2322 verum

75 2359 331 2426 Emmanuelem.
382 2358 432 2421 En
464 2359 606 2440 signum,
641 2357 730 2441 quod
761 2356 919 2422 Dominus
950 2357 1021 2440 ipse
1053 2356 1172 2421 11111111

76 2458 134 2524 Ε11
164 2481 247 2542 opus
279 2456 530 2523 celeberrimum
563 2462 597 2520 et
624 2455 877 2539 grandissimum
905 2453 1161 2538 omnipotentiae

76 2579 170 2636 suae,
202 2579 303 2641 quare
325 2556 359 2619 in
380 2561 475 2620 textu
503 2553 657 2628 hebraico
686 2554 855 2636 „Adonai“
876 2553 1013 2637 legitur,
1044 2574 1162 2619 nomen

77 2656 262 2740 significans
284 2653 469 2720 absolutam
500 2654 570 2736 ejus
595 2654 857 2719 dominationem.
902 2653 936 2720 Si
964 2654 1091 2737 signum
1112 2653 1161 2720 rei

74 2756 257 2840 cujuspiam
274 2754 460 2838 stupendae
475 2760 509 2818 et
525 2775 545 2818 a
563 2753 726 2818 communi
742 2753 910 2818 hominum
926 2753 1161 2819 consuetudine

75 2853 204 2920 alienae
237 2852 473 2918 demonstratio
507 2859 572 2929 est,
607 2850 686 2935 quid
714 2852 803 2931 miri,
837 2853 865 2918 si
897 2853 1013 2918 mulier
1045 2875 1111 2918 uua
1143 2875 1160 2917 e

77 2952 205 3030 multis,
239 2972 322 3035 quae
351 2972 425 3015 cum
456 2950 524 3014 viro
552 2949 722 3014 habuisset
751 2951 1033 3030 cousuetudinem,
1067 2953 1162 3034 pueri

76 3059 182 3116 mater
198 3050 313 3115 fieret?
333 3049 419 3127 Quid
429 3049 644 3131 frequentius
659 3070 757 3131 quam
776 3049 863 3133 quod
877 3072 960 3133 quae
979 3057 1051 3116 erat
1061 3051 1159 3132 virgo,

76 3150 195 3233 nuptui
227 3148 352 3214 tradita
383 3147 547 3231 concipiat
576 3154 610 3211 et
638 3147 768 3229 pariat?
806 3148 858 3212 lta
889 3156 1163 3231 argumentantur·

76 3247 241 3332 Origenes,
252 3248 278 3328 2)
299 3247 470 3325 Eusebius,
481 3248 506 3328 ³)
534 3245 684 3324 Basilius,
692 3246 718 3327 4)
749 3245 959 3329 Epiphanius,
970 3249 996 3328 5)
1020 3247 1161 3330 Cyrillus

143 3464 163 3530 ¹)
180 3463 236 3518 Cfr.
252 3462 339 3516 Missa
359 3462 389 3515 in
406 3461 476 3516 festo
496 3459 725 3514 denuntiationis
743 3459 774 3514 13.
791 3459 829 3514 M.
848 3460 894 3528 V.;
919 3461 1005 3516 Missa
1022 3463 1058 3516 de
1074 3463 1162 3518 Beata

74 3545 111 3597 ab
135 3545 258 3600 adventu
282 3561 369 3613 nsque
393 3543 430 3598 ed
450 3541 631 3597 Nativitatem
654 3532 745 3598 Diiini.
785 3541 881 3596 Etiam
902 3543 1019 3613 liturgia
1040 3545 1162 3600 Arabica

74 3626 192 3681 adhibet
212 3626 285 3680 hanc
303 3625 390 3680 isaiae
412 3625 589 3694 prophetiam
614 3626 643 3678 in
667 3624 788 3678 lectione
804 3624 990 3681 Natiuitatis..
1006 3627 1069 3682 Jam
1094 3644 1161 3684 vero

74 3710 219 3766 Ecclesiae
231 3716 281 3773 eat,
298 3709 440 3778 ‚judicare
454 3710 489 3764 de
501 3724 568 3764 vero
580 3726 662 3763 senen
674 3711 704 3763 et
712 3707 944 3777 interpretatione
953 3709 1160 3780 Scripturarum

75 3794 262 3859 sanctarum,“
278 3793 321 3847 uti
334 3791 418 3846 docet
430 3791 625 3858 Tridentinnm
639 3807 705 3844 sess.
718 3789 766 3845 lv.
799 3791 821 3858 ²)
838 3791 941 3848 Contra
953 3793 1062 3848 Celsum
1075 3793 1126 3848 lib.
1138 3793 1160 3847 1.

76 3877 98 3942 ³)
116 3875 259 3932 Demonst.
281 3893 379 3946 evang.
402 3874 451 3930 lib.
468 3874 531 3932 Vll.
571 3876 594 3942 ⁴)
613 3875 644 3928 ln
665 3873 739 3929 hom.
761 3873 796 3928 de
818 3874 937 3929 humana
954 3873 1057 3931 Christi
1078 3891 1162 3944 gene·

76 3959 193 4014 ratione.
225 3956 508 4026 ὅ11111111111111111.
580 4011 584 4020 ‚
941 3967 944 3974 '
