2728 4554
559 377 617 438 387

113 539 174 605 Sed
194 537 275 603 nihil
303 552 421 619 sponso
450 558 508 602 suo
537 538 668 620 aperuit
688 545 808 620 putans
832 539 992 619 forsitan,
1021 542 1055 605 id
1077 543 1125 606 illi

58 660 75 702 a
105 660 138 703 se
172 636 362 721 persuaderi
398 658 462 700 non
501 658 613 719 posse,
654 637 832 703 excedebat
871 640 957 703 enim
994 635 1124 706 omnino

59 744 205 802 naturam.
249 736 348 818 Virgo
372 756 464 817 ergo,
495 757 579 819 quae
601 737 801 801 conscientia
822 738 986 819 gaudebat
1007 739 1125 804 delica-

57 837 185 915 tissima,
214 835 321 899 noluit
342 835 500 912 revelare,
530 843 788 916 ,sacramentum
810 837 894 920 regis
916 838 1123 919 abscondere,

57 936 168 1002 bonum
196 936 311 1016 est,“¹)
339 956 380 999 ne
402 955 512 1016 regem
533 935 703 1018 Deumque
723 957 820 1006 ‚suum
848 935 1036 1017 offenderet,
1066 960 1123 1003 no-

56 1036 160 1119 bisque
182 1034 338 1099 revelavit
359 1033 496 1098 tacendo
526 1034 627 1098 animi
648 1035 699 1097 sui
725 1033 967 1114 fortitudinem,
998 1038 1124 1119 patien-

56 1134 126 1197 tiam
153 1133 373 1198 invincibilem
405 1154 465 1196 nec
493 1154 557 1196 non
588 1132 874 1216 profundissimam
905 1133 1124 1201 humilitatem

56 1239 149 1297 totam
170 1234 221 1298 sui
242 1253 354 1296 curam
375 1231 409 1294 in
431 1231 535 1294 Deum
556 1232 738 1313 projiciens.

108 1332 143 1395 B.
171 1332 269 1414 Virgo
302 1330 451 1394 coelestis
480 1338 656 1413 conceptus
684 1353 749 1395 non
778 1333 953 1397 certiorem
980 1334 1124 1400 reddidit

56 1452 75 1494 s.
90 1431 272 1514 Josephum,
289 1429 368 1514 quia
386 1450 420 1493 se
438 1429 657 1512 honoremque
676 1453 770 1494 suum
785 1419 854 1495 Deo
873 1453 1008 1515 magnae
1028 1456 1123 1498 curae

55 1528 192 1594 futurum
214 1529 346 1595 sciebat.
390 1530 446 1611 ,Si
468 1531 567 1609 enim,
595 1531 703 1614 inquit
731 1531 972 1614 Barradas,²)
1002 1533 1042 1597 de
1065 1535 1123 1600 Su-

55 1649 155 1707 sanna,
174 1650 275 1712 quum
296 1628 337 1692 ab
359 1628 466 1710 impiis
487 1628 672 1693 hominibus
693 1629 848 1694 adulterii
869 1640 1087 1710 accusaretur,
1096 1633 1121 1715 ³)

55 1727 166 1792 dicitur
187 1733 280 1810 ,erat
300 1749 356 1791 cor
377 1728 446 1810 ejus
467 1727 619 1792 fiduciam
639 1728 762 1793 habens
784 1730 817 1792 in
840 1730 1015 1809 Domino,“
1044 1732 1123 1814 quid

56 1826 88 1889 de
114 1834 249 1909 parente
279 1827 340 1891 Dei
372 1826 544 1890 dicendum
573 1828 645 1891 est?
683 1827 842 1910 Equidem
870 1837 941 1894 erat
969 1852 1025 1895 eor
1053 1822 1128 1913 ejus*

54 1923 195 1990 fiduciam
227 1946 385 1989 summam
415 1925 538 1989 habens
570 1925 603 1988 in
632 1925 717 2004 Deo,
751 1948 816 2010 qua
847 1928 949 1993 veluti
980 1930 1121 1994 anchora

55 2025 93 2088 sic
119 2025 361 2103 stabiliebatur,
391 2031 429 2090 ut
456 2047 497 2089 ne
519 2026 627 2090 tenuis
651 2023 787 2109 quidem
816 2026 1044 2108 trepidationis
1071 2027 1122 2091 vel

54 2126 300 2204 perturbationis
328 2124 447 2189 fluctus
478 2124 561 2188 illud
588 2132 800 2206 permoveret.
850 2125 962 2191 Potuit
988 2125 1122 2209 Josephi

54 2224 113 2304 ipse
131 2225 238 2290 vultus
255 2225 392 2307 virginei
413 2224 624 2288 serenitatem
642 2224 899 2308 modestiamque
920 2225 984 2290 illis
1008 2227 1121 2290 diebus

55 2323 213 2403 admirari,
246 2345 329 2406 quae
361 2323 443 2387 recti
470 2329 614 2387 mentem
645 2324 808 2388 consciam
836 2324 916 2388 satis
944 2325 1120 2390 indicabat.

56 2421 202 2487 Adultera
229 2422 350 2486 femina
376 2421 480 2485 virum
501 2420 609 2498 timet,
639 2419 738 2502 fugit,
769 2443 806 2485 eo
836 2423 902 2486 viso
931 2423 1119 2504 exalbescit,

55 2521 164 2586 ventris
185 2527 346 2586 tumorem
367 2520 450 2602 tegit
471 2541 508 2584 ac
526 2519 659 2602 premit:
682 2519 779 2602 Virgo
802 2529 917 2586 contra
937 2543 996 2587 nec
1017 2524 1121 2588 virum

55 2617 167 2697 timuit,
196 2640 256 2684 nec
284 2618 383 2701 fugit,
412 2639 518 2700 neque
548 2638 586 2682 eo
608 2617 675 2682 viso
697 2640 840 2700 unquam
868 2620 1029 2700 exalbuit,
1061 2643 1120 2687 nec

54 2718 164 2782 ventris
190 2723 352 2782 tumorem
380 2722 439 2780 aut
467 2717 586 2798 pressit
614 2724 673 2780 aut
701 2717 890 2796 occultavit,
925 2719 987 2784 Dei
1014 2723 1120 2802 provi·

55 2813 173 2881 dentiae
195 2838 229 2881 se
250 2823 357 2880 totam
378 2816 569 2880 commisit.“

107 2915 152 2978 Ex
178 2915 336 2998 peculiari
362 2914 549 2979 assistentia
576 2935 596 2978 a
620 2914 744 2997 Spiritu
773 2936 796 2979 s
818 2915 1026 2980 beatissimae
1048 2917 1119 2981 Vir·

54 3010 111 3090 gini
138 3021 170 3079 et
198 3037 222 3078 s.
250 3013 391 3102 Josepho
422 3013 567 3077 exhibita
594 3013 758 3095 provenit,
789 3015 877 3096 quod
905 3014 939 3079 in
965 3015 1049 3080 libro
1079 3017 1119 3081 de

53 3111 254 3177 meditatione
282 3113 368 3176 vitae
397 3112 518 3177 Christi
546 3134 566 3176 a
593 3112 766 3177 Doctore
796 3113 1118 3200 Seraphicocon-

53 3211 161 3293 scripto
179 3211 330 3294 legimus:
353 3211 494 3294 ,Joseph
511 3212 684 3294 patienter,
705 3211 849 3294 inquit,⁴)
866 3211 950 3278 hanc
969 3235 1119 3296 magnam

53 3311 203 3376 transibat
224 3311 392 3394 injuriam,
421 3331 486 3375 non
514 3332 548 3375 se
577 3311 760 3390 vindicans,
790 3310 847 3375 sed
867 3311 992 3394 pietate
1013 3313 1119 3378 victus

53 3408 155 3474 cedere
191 3409 318 3489 volens3
358 3410 485 3475 occulte
523 3408 653 3474 volebat
688 3429 760 3473 eam
798 3409 978 3491 dimittere,
1018 3412 1118 3496 Virgo

52 3514 151 3572 autem
175 3509 344 3574 humiliter
371 3509 504 3574 tacebat
525 3515 559 3574 et
586 3508 773 3573 occultabat
802 3508 923 3574 donum
945 3511 1029 3576 Dei.¹
1057 3511 1118 3576 Po·

52 3606 109 3672 tius
128 3608 257 3674 uolebat
278 3610 426 3692 reputari
446 3609 527 3688 vilis,
551 3629 649 3692 quam
668 3608 775 3691 ipsum
794 3608 1039 3675 Sacramentum
1057 3609 1119 3675 Dei

51 3708 210 3789 propalare
242 3715 277 3774 et
305 3708 345 3773 de
377 3730 411 3773 se
443 3708 567 3791 aliquid
598 3707 704 3792 loqui,
737 3707 825 3792 quod
856 3707 899 3773 ad
926 3708 1119 3792 jactantiam

51 3811 211 3885 putaretur
238 3808 413 3892 pertinere.
456 3808 606 3891 Rogabat
634 3815 746 3873 autem
767 3808 955 3888 Dominum,
985 3814 1022 3874 ut
1048 3807 1118 3890 ipse

107 4023 125 4090 ¹)
141 4025 208 4081 Tob.
225 4023 289 4092 Xll,
305 4027 330 4078 7.
363 4024 384 4091 2)
401 4023 478 4078 Tom.
496 4021 518 4090 I,
535 4021 584 4079 lib.
602 4025 619 4078 8
636 4039 679 4093 cp.
696 4025 721 4079 5.
754 4024 777 4090 ³)
794 4023 862 4078 Dan.
881 4021 966 4157 Χῐὲἔ..
989 4023 1011 4089 ⁴)
1028 4023 1077 4092 up.
1093 4026 1117 4078 6.

935 4117 951 4156 o
