2782 4554
510 379 571 438 497

73 564 88 604 r
111 561 285 606 sorvorum
313 538 476 602 redundet
496 538 531 603 in
554 537 759 603 Dominum.“
801 538 901 611 uultu
923 563 941 607 e
963 550 1078 609 contra

73 640 125 704 ivo
161 639 362 704 honoramus
393 660 421 701 v.
452 659 480 720 g.
513 637 670 720 principis
702 636 838 719 effigiem
869 641 921 705 vel
951 642 1077 726 legatos

105 737 270 822 principis
302 742 467 821 gerentes,
512 735 692 820 eodemque
723 735 820 802 modo
857 740 956 804 etiam
987 763 1079 808 sanc·

73 860 97 901 n
135 837 314 920 imaginem
353 842 444 900 totus
481 835 566 899 enim
601 834 709 900 cultus
746 835 787 900 iis
821 840 999 919 praestitus
1035 842 1078 906 ad

73 959 102 999 m
124 936 274 1001 refertur
295 939 503 1017 prototypon.
546 933 726 998 Audiamus
754 955 778 998 s.
801 935 991 1003 Thomam
1016 939 1078 1005 hac

73 1035 339 1100 edisserentem.
382 1033 487 1115 ,Quia
515 1032 601 1097 idem
627 1039 736 1098 motus
765 1037 870 1100 estin
896 1038 1077 1122 imaginem,

73 1136 107 1213 it,
121 1135 145 1216 ¹)
179 1134 215 1198 in
237 1139 397 1216 quantum
419 1139 469 1197 est
490 1131 605 1216 imago,
636 1138 670 1197 et
690 1133 725 1196 in
746 1132 974 1219 imaginatum,
1003 1138 1079 1204 hinc

73 1258 82 1298 ι
117 1232 375 1298 communiorem
407 1230 604 1297 sententiam
636 1252 744 1296 sacras
776 1232 933 1316 imagines
965 1238 1078 1302 eodem

73 1357 82 1398 ι
113 1323 361 1416 prosequimur,
395 1352 460 1413 quo
492 1351 605 1396 earum
632 1338 824 1415 prototypa,
857 1334 915 1399 sed
942 1336 1079 1414 relative

73 1454 140 1511 rm,
172 1432 222 1496 ita
252 1437 291 1496 ut
310 1429 476 1496 veneratio
498 1429 649 1495 absolute
678 1437 712 1495 et
732 1431 860 1497 ratione
882 1435 933 1498 sui
953 1434 1081 1502 feratur

75 1531 240 1613 xemplar,
265 1536 299 1596 et
320 1529 425 1594 solum
446 1529 626 1612 respective
648 1530 690 1595 ad
711 1530 915 1614 imaginem.“

73 1675 84 1693 η.
123 1628 242 1694 Cultus
275 1651 366 1694 sacer
397 1651 455 1694 seu
487 1629 656 1712 religiosus
688 1635 747 1696 aut
779 1652 997 1714 supremus
1030 1641 1081 1699 est

89 1727 410 1794 subordinatus.
469 1726 568 1794 Cultu
604 1749 795 1810 supremo
832 1750 889 1793 seu
924 1729 1080 1797 latreu-

73 1851 82 1892 )
107 1865 148 1875 -
171 1849 191 1892 a
212 1848 290 1892 voce
311 1848 429 1909 graeca
451 1829 587 1908 turpat
608 1863 648 1873 —
669 1849 735 1892 non
761 1827 898 1894 colimus
924 1850 981 1893 seu
1003 1830 1081 1896 ado-

73 1950 120 2006 us,
151 1927 216 1992 nisi
237 1925 343 1991 solum
364 1926 482 2005 Deum,
513 1948 622 1992 rerum
643 1927 787 1991 omnium
808 1926 997 1991 Creatorem
1018 1927 1081 1991 illi-

81 2047 142 2090 nos
164 2032 253 2089 totos
282 2031 320 2090 ut
346 2046 470 2114 summo
498 2025 600 2104 bono,
629 2025 687 2089 fini
713 2031 826 2090 nostro
854 2046 995 2108 veroque
1017 2027 1081 2092 Do·

73 2149 84 2190 o
108 2124 308 2206 subjicimus.
352 2123 422 2200 Quo
452 2123 492 2188 de
521 2122 612 2189 cultu
640 2123 788 2214 loquitur
813 2124 1080 2208 Malachiasstt

78 2245 153 2306 ergo
176 2223 274 2288 Pater
295 2243 353 2305 ego
377 2243 463 2301 sum,
492 2222 550 2287 ubi
572 2229 622 2288 est
642 2222 747 2287 honor
767 2224 880 2288 meus?
913 2231 945 2288 et
967 2224 995 2289 si
1017 2224 1081 2289 Do-

74 2346 106 2387 us
129 2344 187 2405 ego
209 2344 289 2400 sum,
313 2320 371 2385 ubi
393 2328 443 2386 est
461 2322 563 2386 timor
583 2321 716 2386 meus?“
746 2322 854 2399 Quare
878 2345 902 2387 s.
926 2323 1081 2388 Damas-

77 2443 137 2486 us:
170 2421 319 2502 ,Solum,
349 2420 502 2503 inquit,³)
531 2442 641 2485 rerum
670 2421 813 2485 omnium
840 2429 1081 2504 procreatorem

74 2521 219 2604 opificem
250 2520 422 2584 adoremus
459 2527 493 2585 et
521 2521 642 2585 latriae
678 2520 769 2584 cultu
800 2541 1007 2600 veneremur,
1043 2531 1083 2586 ut

76 2643 108 2684 m
129 2627 247 2684 natura
268 2618 500 2690 adorandum.“

74 2720 135 2783 iioc
164 2719 292 2786 nomine
330 2716 430 2800 igitur
457 2718 658 2801 praecellens
686 2717 742 2783 ille
777 2717 885 2783 cultus
924 2719 985 2783 soli
1014 2719 1082 2784 Deo

75 2817 188 2899 nisque
209 2817 356 2900 personis
378 2816 508 2882 debitus
530 2817 717 2882 continetur
734 2817 830 2899 juxta
857 2838 941 2881 ven.
969 2819 1082 2884 Cani·

79 2917 161 2998 m,4)
191 2937 288 2999 quem
316 2922 354 2981 ut
374 2936 456 2999 pure
483 2921 695 2999 praestemus,
726 2915 808 2980 nulli
836 2917 965 2980 omnino
994 2939 1083 2981 crea-

75 3036 116 3092 re,
154 3001 425 3097 quemadmodum
463 3015 527 3099 ipsi
559 3016 724 3093 Creatori,
760 3015 861 3080 talem
887 3022 1083 3100 'tantamque

75 3114 245 3194 jectionem,
275 3115 475 3194 servitutem,
497 3115 720 3193 reverentiam,
742 3115 902 3193 timorem,
931 3137 1083 3195 amorem,

76 3235 162 3277 orem
182 3235 218 3276 ac
241 3213 470 3294 obedientiam,
499 3215 607 3298 quoad
627 3215 755 3292 vivitur,
779 3213 932 3278 exhibere
952 3215 1003 3279 fas
1025 3222 1083 3280 est.

75 3334 118 3376 un
139 3311 221 3376 enim
242 3313 391 3378 omnibus
411 3313 446 3378 in
467 3313 558 3379 coelo
581 3320 615 3378 et
632 3319 722 3378 terra
739 3313 906 3396 praeferre
927 3319 961 3378 et
978 3313 1085 3378 colere

76 3411 174 3490 venit3
201 3434 310 3493 unum,
332 3414 474 3498 inquam,
506 3414 654 3478 omnibus
675 3413 770 3478 nobis
791 3435 918 3496 semper
938 3434 1086 3478 necessa-

76 3533 111 3588 n,
143 3512 198 3593 qui
225 3513 313 3578 solus
341 3514 428 3578 omni
454 3515 528 3597 jure
557 3514 665 3578 omnia
693 3513 756 3577 sibi
784 3512 944 3590 vindicat,
977 3513 1086 3577 omnia

76 3617 132 3688 est,
160 3611 264 3675 omnia
292 3611 463 3694 intelligit,
493 3612 601 3676 omnia
623 3612 734 3690 efficit,
765 3633 887 3695 aquo,
916 3617 1085 3694 tamquam

76 3730 115 3772 no
143 3715 175 3773 et
202 3730 352 3793 supremo
375 3709 513 3774 Domino
543 3710 729 3792 dependent
757 3709 881 3788 omnia,
911 3709 953 3774 ad
980 3731 1086 3793 quem,

83 3940 99 4007 1)
115 3911 184 3994 sant.
200 3939 249 4006 111,
267 3939 332 3994 eisc
350 3939 396 4006 1x,
415 3958 441 4009 q.
458 3940 481 4008 1,
499 3946 550 3995 aa
567 3943 583 3994 a
601 3942 773 4009 quaenunt.
790 3942 814 3995 a.
847 3941 869 4005 9)
887 3940 1004 3994 naun.
1022 3940 1044 4008 1,
1062 3944 1089 3996 e.
1162 3929 1164 3934 '

77 4023 192 4092 poleget
207 4021 255 4078 lib.
273 4022 323 4078 111.
357 4023 379 4090 ⁴)
398 4023 430 4078 L.
447 4039 470 4077 c.
488 4041 515 4092 p.
532 4022 583 4089 lV,
599 4029 667 4078 sect.
683 4023 720 4091 11,
738 4040 781 4092 cp.
798 4021 858 4080 XV.
889 4105 923 4160 32
