2728 4560
550 373 610 436 213

105 533 152 598 Ne
180 535 282 613 dicas,
315 555 342 616 s,
368 533 505 598 Paulum
533 533 567 596 in
595 533 734 616 epistola
765 535 808 598 ad
836 533 994 617 Ephesios
1005 534 1028 616 ¹)
1060 555 1121 617 per

49 633 154 697 verba:
182 633 328 716 ,Erunt
354 634 428 697 duo
449 633 488 697 in
510 654 628 697 carne
655 634 751 698 una“
774 633 854 697 satis
876 633 1028 713 innuisse,
1052 627 1121 698 oar-

48 732 148 796 nalem
176 733 325 816 copulam
346 731 389 796 ad
409 731 608 796 matrimonii
637 732 809 796 essentiam
838 733 1017 814 pertinere3
1046 752 1122 796 nam

47 831 216 914 Apostolus
236 853 297 914 per
316 832 415 896 verba
436 831 578 914 allegata
596 853 661 896 non
682 838 792 895 actum
812 852 869 895 seu
891 852 986 895 usum
1008 831 1122 896 matri-

47 933 141 1014 monii
173 932 338 1014 designat,
371 930 429 995 sed
459 937 606 996 mutuam
638 929 839 994 solummodo
872 930 1121 995 translationem

48 1029 176 1095 dominii
196 1031 230 1094 in
258 1051 375 1112 corpus
403 1031 576 1113 utriusque
605 1029 767 1112 conjugis3
796 1028 920 1095 adhoc
943 1030 1122 1095 dominium

48 1129 158 1194 sufficit
176 1130 229 1212 jus
252 1128 394 1193 radicale
417 1136 451 1193 et
471 1129 505 1192 in
519 1133 603 1193 'actu
624 1129 738 1211 primo.

101 1227 169 1292 Nec
189 1228 296 1292 minus
318 1227 415 1310 objici
434 1234 553 1310 potest,
577 1227 665 1310 quod
685 1249 709 1291 s
734 1227 979 1310 Augustinus
1006 1235 1121 1292 contra

46 1325 229 1409 Faustum2)
252 1326 380 1390 scribit:
410 1326 673 1408 „Matrimonium
695 1347 734 1390 ex
755 1326 816 1390 hoc
838 1327 1038 1410 appellatum
1061 1330 1119 1401 est,

47 1426 128 1506 quod
148 1447 214 1491 non
243 1425 284 1490 ob
313 1425 402 1490 aliud
423 1425 521 1488 debet
549 1424 671 1489 femina
698 1424 835 1503 nubere,
864 1425 927 1489 nisi
956 1431 995 1489 ut
1016 1432 1121 1490 mater
1171 1423 1172 1426 ’

45 1522 128 1588 fiat.“
171 1526 310 1590 Sanctus
338 1524 424 1587 enim
452 1524 567 1588 doctor
589 1523 609 1586 l.
634 1545 659 1587 c.
682 1523 892 1605 reprehendit
913 1525 1120 1589 Manichaeos

46 1630 238 1701 asserenteS,
272 1644 407 1687 uxorem
436 1643 528 1702 ,non
547 1622 589 1686 ad
618 1623 818 1686 matrimonii
845 1622 956 1702 fidem,
990 1623 1048 1688 sed
1077 1625 1120 1687 ad

48 1722 321 1805 concupiscentiae
340 1722 462 1786 crimen
477 1720 662 1784 habendam
679 1722 769 1784 esse“
788 1722 955 1804 atquibus
973 1722 1120 1787 odiosum
1156 1726 1159 1731 ’

48 1828 121 1900 erat,
144 1820 319 1903 ,feminam
340 1820 472 1898 nubere,
496 1825 533 1884 ut
554 1825 660 1883 mater
680 1817 776 1883 fiat.“'

101 1919 403 2000 Bellarminus³)
431 1918 581 2001 copulam
602 1938 668 1982 non
690 1917 821 2000 quidem
842 1925 971 2001 partem
993 1939 1120 1983 essen-

47 2018 178 2083 tialem
216 2019 412 2082 sacramenti
447 2018 646 2082 matrimonii
677 2017 808 2096 habuit,
847 2025 974 2100 partem
1010 2025 1121 2082 tamen

47 2118 294 2201 integralem3
325 2117 430 2200 qualis
458 2118 491 2180 in
521 2123 723 2182 sacramento
745 2117 968 2199 poenitentiae
998 2124 1048 2182 est
1070 2139 1121 2182 sa-

48 2216 194 2281 tisfactio.
248 2215 358 2280 Etiam
389 2216 469 2280 haec
502 2217 610 2299 opinio
644 2215 781 2280 caeteris
813 2215 972 2299 theologis
1004 2217 1120 2282 merito

49 2314 200 2398 displicet.
240 2315 329 2379 Parti
352 2316 438 2379 enim
459 2316 611 2398 integrali
630 2309 825 2380 sacramenti
846 2314 963 2398 aliquis
986 2314 1121 2380 effectus

48 2415 283 2478 sacramentalis
305 2435 345 2478 ex
366 2435 464 2496 opere
486 2419 628 2500 operato
643 2413 749 2478 inesse
771 2413 877 2492 debet,
908 2414 1005 2478 sicuti
1027 2415 1121 2479 satis-

48 2510 140 2577 factio
171 2520 285 2578 causat
313 2513 535 2576 remissionem
556 2533 680 2595 poenae
710 2533 749 2576 ex
777 2532 874 2594 opere
904 2519 1039 2595 operato
1061 2533 1122 2577 neo

48 2631 106 2673 non
123 2607 219 2694 juxta
238 2633 263 2675 s.
282 2611 438 2676 Thomam
459 2619 668 2695 augmentum
690 2612 824 2696 gratiae.
869 2612 1024 2690 Quisnam
1045 2634 1121 2677 vero

48 2710 123 2774 tales
145 2711 281 2776 effectus
304 2712 440 2795 copulae
461 2720 576 2796 posset¹
594 2713 757 2777 ascribere
779 2711 923 2776 carnali?

102 2810 249 2874 Vidimus
271 2832 362 2893 ergo,
393 2812 654 2875 commixtionem
676 2810 839 2874 carnalem
859 2831 966 2892 neque
996 2808 1039 2874 ad
1067 2831 1121 2874 es-

49 2901 209 2972 sentiam
235 2929 341 2991 neque
364 2908 405 2972 ad
426 2909 704 2991 integritatem
725 2909 924 2974 matrimonii
944 2910 1119 2992 pertinere,

48 3004 107 3069 sive
144 3007 369 3072 consideretur
403 3008 645 3072 matrimonium
680 3015 718 3072 ut
756 3015 944 3073 contractus
980 3009 1045 3072 sive
1083 3014 1122 3073 ut

48 3113 288 3172 sacramentum.
338 3106 423 3171 Usus
452 3108 500 3171 rei
529 3107 671 3171 traditae
704 3107 739 3170 in
767 3105 856 3170 nullo
885 3128 1017 3189 prorsus
1046 3128 1121 3171 con-

49 3207 152 3275 tractu
174 3205 216 3269 ed
238 3206 411 3270 essentiam
438 3206 489 3270 vel
510 3206 731 3288 integritatem
760 3213 948 3271 contractus
968 3207 1122 3290 pertinet,

49 3302 100 3365 sed
129 3312 177 3368 est
198 3305 277 3387 quid
305 3325 505 3388 consequens
536 3304 641 3385 illam;
670 3327 730 3370 neo
750 3327 880 3370 necesse
910 3312 976 3385 est,
1006 3305 1122 3388 utqui

47 3398 140 3467 habet
155 3403 209 3486 jus
231 3411 265 3468 et
287 3404 464 3468 dominium
490 3405 524 3468 in
545 3426 628 3483 rem,
659 3425 698 3468 ea
727 3405 810 3469 actu
829 3411 952 3471 utatur.
995 3403 1119 3468 Nihilo-

47 3500 146 3566 minus
168 3524 279 3568 omnes
301 3505 443 3587 theologi
473 3505 506 3567 in
529 3525 566 3568 eo
596 3504 807 3583 conveniunt,
830 3502 918 3586 quod
947 3502 1121 3585 aliquem

50 3619 274 3666 consensum
295 3603 329 3666 in
348 3602 497 3685 copulam
518 3603 682 3667 carnalem
699 3602 742 3666 ad
760 3601 964 3666 matrimonii
979 3601 1121 3665 valorem

49 3758 236 3772 ᾖ·

111 3850 129 3916 ¹)
153 3851 190 3914 V,
215 3854 258 3904 31:
288 3851 394 3905 Textus
417 3868 534 3915 graecus
558 3851 654 3906 habet:
678 3838 751 3918 »εἰς
780 3839 889 3915 odona
911 3833 1015 3914 μιάν“
1037 3850 1121 3904 -in

48 3945 152 3986 carnem
170 3952 260 3987 unam.
294 3936 314 3996 ²)
333 3933 393 3988 Lib.
411 3935 484 4003 xlx,
503 3953 546 4003 cp.
564 3939 604 3989 26.
638 3937 658 4003 ⁸)
677 3935 738 3990 Lib.
755 3933 778 4003 l,
796 3934 831 3989 de
848 3935 1026 3988 matrimonio
1043 3950 1086 4000 cp.
1106 3937 1122 3986 5

50 4012 76 4064 in
88 4016 224 4094 vsolutione
241 4019 256 4070 6
275 4019 439 4086 argumenti.
