2782 4554
738 321 797 382 582

224 503 310 548 essa:
344 482 428 546 Ecce
457 479 555 562 Virgo
585 477 763 570 concipiet:
797 488 831 546 et
858 481 938 546 haec
967 482 1066 548 verba
1094 483 1311 566 intelligenda

199 658 200 662 Ἰ
224 605 294 649 esse
316 581 356 650 de
378 581 408 646 b.
429 580 563 664 Virgine
586 578 737 663 Deipara,
759 581 887 664 integra
909 587 943 646 et
963 581 1091 647 intacta
1111 582 1311 666 virginitate

225 681 390 747 Christum
413 677 587 744 Dominum
616 680 820 762 concipiente
850 687 883 745 et
911 681 1076 763 pariente,
1109 681 1159 746 ita
1186 688 1227 746 ut
1256 684 1311 764 qui

224 781 285 845 hoc
307 786 413 862 neget,
437 778 481 843 sit
501 777 715 842 haereticus.“
760 778 930 844 Consentit
951 779 1121 845 Tirinus.
1137 782 1161 861 ¹)

287 902 314 959 4.
344 894 412 959 Nec
434 895 527 960 deest
548 894 682 958 tandem
705 895 911 978 apertissima
933 898 1071 961 summi
1092 897 1312 962 Pontifieis

225 993 451 1059 declaratio
479 993 676 1058 sententiam
706 994 904 1058 contrariam
924 1017 989 1060 non
1011 995 1116 1060 solum
1140 1017 1313 1061 erroneam

226 1100 260 1158 ct
281 1093 409 1158 haeresi
430 1093 603 1170 faventem,
626 1092 683 1157 sed
703 1092 905 1158 haereticam
931 1093 1095 1158 damnans.
1140 1095 1313 1160 Lauren-

225 1193 307 1256 tius
328 1191 535 1257 Isenbiehl
562 1192 595 1255 in
618 1214 715 1275 opere
738 1215 796 1258 suo
818 1193 904 1258 infra
926 1194 1028 1258 citato
1037 1195 1062 1274 ²)
1085 1193 1313 1259 demonstrare

227 1291 422 1356 conabatur:
453 1312 480 1354 a.
513 1290 622 1355 Verba
643 1291 764 1356 Isaiae:
794 1291 898 1373 „Ecce
920 1291 1019 1376 Virgo
1041 1292 1229 1374 concipiet“
1253 1300 1312 1357 etc.

225 1390 308 1455 nihil
347 1411 480 1473 prorsus
526 1390 714 1472 praedicere
758 1390 797 1454 de
836 1390 966 1456 Christo
1008 1391 1141 1473 ejusque
1189 1399 1314 1468 matre3
1380 1431 1381 1460 ;

226 1490 256 1554 b.
295 1490 400 1554 Isaiae
433 1489 677 1567 Emmanuelem
708 1489 749 1553 de
782 1489 911 1586 Christo
946 1489 1087 1572 intelligi
1117 1511 1185 1554 non
1218 1512 1315 1572 posse

226 1612 285 1654 nec
325 1612 421 1655 sensu
459 1589 581 1654 literali
620 1611 680 1653 nec
720 1611 815 1654 sensu
853 1591 978 1673 typico;
1023 1611 1048 1652 c.
1085 1589 1115 1654 S.
1149 1589 1316 1654 Matthaei
1380 1593 1381 1660 Q

226 1688 325 1754 verba
354 1689 392 1769 (l,
423 1693 461 1752 22
491 1689 553 1772 aq.)
583 1711 706 1752 meram
735 1710 805 1752 esse
835 1689 1081 1754 adnotationem
1109 1689 1313 1754 historicam.

227 1787 327 1871 Cujus
343 1810 435 1871 ,opus
459 1788 547 1852 Pius
569 1787 627 1851 Vl.
650 1788 704 1852 'die
726 1792 775 1852 20.
800 1787 1000 1870 Septembris
1024 1795 1102 1852 1779
1126 1791 1316 1854 censuravit
1380 1837 1381 1842 1

227 1894 416 1970 „tamquam
435 1887 605 1952 continens
623 1887 806 1953 doctrinam
824 1895 857 1952 et
873 1888 1114 1971 propositiones
1131 1891 1316 1972 respective
1380 1913 1381 1970 3

214 1985 343 2063 ·falsas,
381 1986 588 2064 temerarias,
629 1986 853 2066 scandalosas‚
892 1987 1106 2071 perniciosas,
1148 2009 1315 2064 erroneas,
1380 2009 1381 2012 ’

226 2086 354 2150 haeresi
382 2085 528 2150 faventes
557 2091 590 2150 et
618 2085 831 2150 haereticas.“
886 2085 1047 2168 „Maximo
1077 2107 1169 2164 vero,
1206 2088 1318 2171 inquit
1380 2131 1381 2160 1

227 2207 371 2250 summus
388 2184 549 2263 Pontiferr,
569 2207 603 2249 se
622 2185 766 2268 prodidit
784 2185 1027 2250 Catholicorum
1046 2183 1193 2264 offensio,
1213 2208 1317 2270 quum
1380 2197 1381 2250 1

226 2285 411 2368 praedicari
442 2284 633 2362 audierunt,
667 2285 895 2368 propheticum
929 2284 1097 2349 oraculum
1130 2285 1170 2348 de
1205 2285 1316 2350 divino
1380 2293 1381 2328 l

227 2383 450 2449 Emmanuelis
463 2390 547 2449 'ortu
570 2405 609 2448 ex
629 2383 773 2466 Virgine,
795 2405 860 2450 non
882 2384 925 2448 ad
946 2383 1126 2466 virgineum
1149 2383 1317 2466 Deiparae

227 2489 374 2566 partum,
405 2504 502 2565 quem
523 2482 706 2565 Prophetae
728 2503 839 2548 omnes
860 2483 1153 2559 annuntiaverunt,
1184 2504 1255 2547 non
1276 2483 1317 2548 ad

228 2603 340 2646 verum
361 2582 605 2646 Emmanuelem
628 2581 794 2647 Christum
817 2582 991 2647 Dominum
1012 2581 1081 2646 ullo
1102 2602 1216 2659 sensu,
1250 2583 1317 2647 sire

228 2680 350 2745 literali
380 2683 445 2745 sive
468 2681 577 2764 typico
599 2681 781 2764 pertinere:
812 2701 978 2764 quumque
1007 2703 1031 2744 s.
1055 2680 1248 2746 Matthaeus
1270 2683 1316 2744 in-

228 2780 318 2862 signe
340 2781 430 2845 istud
448 2779 637 2845 vaticinium
652 2780 692 2847 ‚in
711 2780 768 2845 illo
788 2780 931 2844 mirabili
948 2779 1082 2863 pietatis
1101 2780 1316 2862 Sacramento
1380 2815 1381 2824 ¹

229 2877 443 2961 adimpletum
472 2880 632 2962 expressis
661 2880 767 2943 verbis
796 2886 953 2980 testatur,
983 2878 1045 2942 hoc
1072 2884 1186 2943 tamen
1207 2879 1315 2962 ipsum

228 2999 293 3041 non
326 2985 363 3054 ut
395 2977 519 3044 oraculi
556 2978 860 3061 adimplementum,
901 2978 959 3042 sed
991 2985 1029 3042 ut
1064 2977 1315 3043 adnotationem

229 3098 352 3142 meram
380 3077 431 3142 vel
459 3078 652 3143 allusionem
680 3099 700 3141 a
730 3100 754 3142 s.
777 3077 988 3160 Evangelista
1015 3077 1199 3141 memorari.
1245 3079 1314 3155 Qua

229 3176 263 3240 in
285 3198 319 3240 re
341 3177 540 3242 horruerunt
560 3179 634 3262 piae
655 3198 765 3254 aures,
797 3176 999 3258 Scripturam
1020 3175 1116 3240 simul
1146 3182 1180 3240 et
1201 3175 1314 3240 Tradi-

229 3275 366 3354 tionem,
396 3277 501 3359 qualis
523 3277 682 3360 perpetuo
705 3297 745 3339 ex
766 3275 913 3340 unanimi
934 3275 1067 3340 Patrum
1090 3295 1252 3339 consensu
1273 3273 1314 3338 ad

229 3396 287 3439 nos
309 3377 467 3458 pervenit,
489 3399 549 3460 per
569 3397 728 3440 summam
749 3375 986 3458 impudentiam
1007 3373 1234 3438 labefactari.“
1247 3375 1274 3454 3)

291 3492 376 3556 Huic
398 3492 571 3557 traditioni
593 3492 720 3558 accedit
742 3515 834 3558 usus
856 3493 1077 3570 Ecclesiae,
1101 3513 1186 3575 qnae
1208 3491 1311 3556 Isaiae

298 3727 317 3792 ¹)
339 3727 491 3781 Commeat
516 3731 545 3778 in
570 3741 612 3794 cp.
636 3725 697 3793 vn,
721 3725 756 3779 Is.
780 3726 820 3778 22.
867 3726 889 3790 ²)
909 3721 1023 3792 3111111111
1047 3721 1311 3791 8111113111θίεὴῑό

230 3822 305 3862 aruer
325 3807 429 3872 1111111111
452 3807 513 3862 tter
536 3806 574 3864 tie
598 3807 760 3877 11τί1111111
782 3815 841 3862 tom
864 3805 1017 3863 tmmouuel
1036 3805 1106 3860 1778.
1150 3803 1311 3871 ’10111111

231 3887 266 3940 de
280 3888 467 3955 rescriptum
480 3905 559 3942 sacra
572 3894 670 3944 contra
681 3888 839 3942 incredulos
852 3894 1027 3958 propugnata
1038 3891 1152 3944 anctore
1164 3886 1310 3940 laurentio

176 4047 177 4052 ἵ
232 3967 323 4023 Veith.
340 3973 408 4022 tom.
425 3968 476 4032 111,
494 3970 662 4026 Mechliriiae
682 3971 746 4024 1824
763 3987 825 4039 pag.
843 3973 875 4024 87
893 3988 951 4039 sqq.
