2718 4556
560 386 617 446 351

62 566 216 629 supremae
246 544 482 628 intelligentiae
515 565 553 609 ao
581 544 789 624 immortalis3
822 545 957 630 spiritus
988 549 1128 632 angelici

40 652 127 710 ‘sunt
145 644 252 708 medii.
338 690 340 695 -

114 745 144 810 si
170 743 304 818 tandem
325 762 384 824 per
404 743 598 825 prophetam
625 741 677 806 vel
696 763 757 824 per
776 743 997 824 patriarcham
1026 769 1127 829 quen-

61 843 125 906 dam
140 843 220 906 haec
242 841 352 905 missio
374 838 464 905 laeta
484 839 609 920 fuisset,
628 841 684 905 ille
703 841 802 923 prius,
823 863 920 925 quam
938 841 1129 912 beatissima

60 943 154 1026 Virgo,
177 941 286 1006 divina
307 941 462 1023 mysteria
486 940 639 1005 scivisset.
684 939 860 1018 Quaeritur

166 1107 214 1170 3⁰:
250 1106 326 1171 Cur
353 1104 527 1187 Angelus
556 1103 720 1170 Gabriel
749 1104 904 1171 electus
932 1108 1007 1172 sit?

112 1238 226 1303 Missus
252 1236 320 1319 jam
349 1242 420 1300 erat
448 1235 590 1317 Angelus
618 1235 751 1301 Gabriel
780 1237 908 1302 Danieli
935 1239 1126 1323 prophetae,

59 1344 91 1402 ut
118 1359 288 1421 regnorum
323 1332 562 1399 vicissitudines
594 1333 855 1399 Inoamationem
888 1357 1125 1420 praecessuros,

59 1435 283 1502 lucarnationis
305 1442 433 1516 tempus
459 1433 502 1496 ad
524 1432 711 1515 erigendam
731 1433 912 1516 prophetae
939 1457 1029 1519 spem
1050 1439 1127 1520 ,ab-

58 1535 247 1601 breviatum“
277 1552 453 1615 omnesque
479 1531 717 1596 Inoarnationis
745 1533 1005 1600 circumstantias
1033 1557 1127 1618 prae-

59 1625 178 1700 diceret.
192 1636 216 1718 1)
270 1633 389 1698 Missus
421 1652 518 1714 porro
551 1629 616 1696 fuit
647 1631 689 1695 ad
719 1631 925 1712 Zachariam,
959 1654 1056 1717 quem
1087 1635 1127 1700 de

58 1733 195 1813 Joannis,
230 1731 360 1797 Domini
391 1729 629 1813 praecursoris,
668 1729 811 1794 mirabili
847 1733 1057 1815 conceptione
1094 1740 1130 1798 et

59 1835 218 1898 nativitate
241 1832 413 1898 certiorem
436 1829 631 1911 redderet.²)
667 1830 751 1896 Sunt
768 1829 875 1910 etiam,
896 1831 952 1913 qui
970 1837 1127 1912 asserant,
1173 1875 1176 1880 -

60 1954 124 1997 eum
151 1955 174 1998 s.
195 1932 337 2016 Josepho
367 1931 410 1995 ad
436 1929 695 1994 annuntiandum
722 1930 912 2013 mysterium
940 1931 974 1994 in
1000 1931 1032 1995 b.
1054 1932 1128 1998 Vir-

59 2033 132 2114 ginis
160 2040 253 2097 utero
283 2035 453 2114 peractum
481 2029 680 2110 apparuisse.
691 2029 717 2110 3)
758 2028 871 2094 Nonne
902 2051 977 2112 ergo
1007 2030 1126 2110 decuit,

59 2138 91 2195 ut
108 2131 189 2196 idem
210 2128 485 2214 praestantissimi
514 2148 642 2210 quoque
671 2129 818 2210 mysterii
846 2130 983 2194 nuntius
1005 2129 1129 2194 electus

59 2250 90 2293 ao
115 2231 227 2294 missus
256 2228 301 2292 sit
321 2227 364 2292 ad
384 2225 606 2292 beatissimam
627 2226 848 2309 Virgineml4)
880 2227 930 2291 Ex
957 2228 1127 2292 nominis

60 2329 111 2392 sni
137 2326 441 2412 significatione
469 2325 694 2389 convenientia
714 2325 795 2390 haec
823 2325 1001 2391 clarissime
1023 2332 1126 2409 patet.

59 2426 252 2510 significatur
273 2426 357 2490 enim
378 2445 455 2490 voce
477 2423 698 2507 ,Gabriel:“

111 2547 137 2590 a.
158 2511 379 2590 ⁴Fortitudo
402 2523 481 2588 Dei.
525 2522 732 2588 Fortissimus
754 2524 841 2587 enim
862 2529 913 2589 est
933 2525 1022 2589 Deus
1043 2546 1128 2588 nun-

58 2623 130 2689 tium
166 2627 316 2704 mittens,
358 2623 412 2687 oui
449 2621 531 2686 nihil
569 2623 673 2705 possit
711 2623 881 2702 resistere3
926 2621 1126 2688 fortissimus

59 2729 182 2804 apparet
212 2723 285 2801 ille,
319 2743 416 2805 quem
446 2720 589 2804 Angelus
618 2720 744 2803 Virgini
775 2721 957 2786 annuntiat.
1008 2721 1126 2803 ,lllum

59 2822 180 2906 quippe,
210 2821 318 2905 inquit
339 2819 483 2904 perbelle
513 2843 536 2886 s.
560 2820 775 2904 Gregorius
803 2819 1013 2902 MagnuS,⁵)
1046 2841 1128 2884 nun·

58 2919 129 2986 tiare
165 2920 332 2999 ueniebat,
375 2919 432 3003 qni
468 2918 511 2983 ad
549 2918 757 2984 debellandas
795 2940 908 2984 aereas
943 2925 1130 3002 potestates

58 3016 174 3087 humilis
201 3040 359 3104 apparere
389 3019 541 3103 dignatus
568 3024 626 3083 est.
671 3020 720 3084 De
750 3038 814 3101 quo
841 3039 901 3100 per
920 3017 1127 3082 Psalmistam

59 3115 214 3204 dicitur:⁶)
246 3119 365 3183 Tollite
385 3125 514 3201 portae,
537 3117 716 3200 principes,
739 3122 877 3196 uestras,
901 3123 935 3182 et
956 3116 1128 3181 elevamini

57 3223 158 3295 portae
186 3218 370 3284 aeternales
398 3223 432 3282 et
452 3217 603 3283 introibit
624 3239 682 3282 rex
708 3217 840 3301 gloriae.
885 3214 963 3293 Quis
992 3222 1043 3281 est
1063 3215 1126 3280 iste

58 3334 106 3378 rex
125 3317 277 3400 gloriae?
298 3318 455 3382 Dominus
483 3316 579 3383 fortis
608 3323 642 3383 et
661 3323 792 3400 potens,
823 3315 981 3381 Dominus
1009 3320 1130 3397 potens

58 3411 87 3475 in
104 3417 233 3497 proelio,
253 3417 411 3481 Dominus
433 3416 592 3481 uirtutum
613 3416 683 3499 ipse
705 3423 756 3482 est
776 3437 835 3480 rex
855 3413 1009 3497 gloriae.“
1048 3413 1129 3477 For·

58 3510 186 3580 tissimus
208 3520 259 3580 est
280 3516 415 3580 nuntius
441 3515 527 3598 ipse,
557 3514 736 3580 fortissima
764 3534 893 3598 quoque
921 3511 1053 3590 mulier,
1084 3511 1126 3576 ad

59 3630 143 3691 quam
173 3614 326 3679 mittitur.
381 3614 456 3680 Sine
489 3635 588 3698 opera
619 3615 681 3679 viri
713 3615 799 3679 enim
832 3611 982 3695 concepit
1011 3610 1125 3689 filium,

112 3861 131 3928 1)
146 3862 213 3917 nan.
230 3860 307 3928 vm,
331 3859 380 3928 ux,
401 3864 432 3916 21
457 3823 515 3932 sqq.
558 3863 580 3930 2)
598 3862 665 3917 uuo.
685 3859 706 3927 1,
724 3863 753 3914 11
779 3877 838 3929 sqq.
879 3861 900 3928 8)
917 3858 1018 3914 naseu.
1041 3857 1064 3924 1,
1085 3859 1129 3914 ao,
1170 3821 1172 3826 ¹

57 3937 75 4002 ⁴)
89 3941 136 3997 Clr.
152 3944 280 3999 Julianus
301 3943 451 3998 Toletanus
472 3945 522 4000 lib.
544 3944 567 4012 1,
589 3947 662 3999 oont.
679 3943 744 3998 Jud.
786 3943 807 4006 ⁶)
824 3941 905 3996 Hom.
921 3944 954 3997 34
971 3942 1001 3995 in
1017 3941 1127 4009 Euang.

57 4019 76 4084 8)
91 4021 130 4078 Ps.
146 4026 248 4094 XXIII,
266 4027 283 4079 9
300 4043 340 4095 sq.
