2718 4556
561 362 620 420 355

111 538 137 582 a.
169 524 329 600 quantum
349 518 392 582 ad
413 518 456 596 id,
480 520 567 602 qnod
588 521 862 586 annuntiabatur:
884 531 1018 589 venerat
1040 525 1127 588 enim

62 613 188 697 Angelus
223 617 418 682 annuntiare
450 618 712 684 Incaruationem
748 621 919 686 invisibilis
952 623 1028 702 Dei,
1066 645 1126 707 per

63 735 146 794 qnam
165 715 301 780 visibilis
327 715 429 782 fieret.
473 717 503 782 b.
537 718 724 801 Congruum
749 719 814 784 fuit
837 720 990 803 dignitati
1011 724 1126 788 matris

62 813 125 894 Dei,
150 837 237 898 quae
266 837 331 880 non
359 816 463 881 solum
491 817 525 880 in
547 825 670 896 mente,
701 818 759 883 sed
780 819 813 882 in
835 841 991 903 corporeo
1012 830 1125 889 ventre

62 920 121 979 erat
141 914 201 978 Dei
222 915 340 978 Filium
369 921 550 999 receptura.
595 938 621 981 c.
655 916 813 1000 Congruit
833 919 1023 984 certitudini
1045 922 1124 1004 ejus,

61 1012 136 1092 quod
155 1015 425 1078 annuntiabatur:
456 1035 494 1079 ea
516 1015 616 1094 euim,
640 1038 723 1099 quae
744 1024 822 1082 sunt
843 1018 944 1082 oculis
966 1020 1123 1103 subjecta,

61 1111 167 1176 certius
188 1113 474 1195 apprehendimus,
498 1135 595 1197 quam
617 1136 669 1193 ea,
692 1136 775 1198 quae
796 1116 1040 1199 imaginamur.“
1081 1121 1126 1187 Et

60 1209 129 1276 haec
150 1212 280 1294 quidem
302 1211 341 1276 de
363 1213 608 1296 quaestionibus
628 1214 806 1298 propositis
830 1215 1014 1283 dictasint.

539 1413 572 1496 s.
595 1409 628 1478 a

199 1623 201 1626 ,
276 1557 331 1622 De
359 1556 390 1621 b.
414 1556 603 1639 Virginis
631 1557 893 1624 turbatione.

116 1705 146 1770 Si
175 1726 330 1789 umquam
362 1705 402 1770 ab
436 1704 513 1770 orbe
546 1705 676 1770 condito
709 1706 850 1788 gloriosa
884 1729 922 1772 ac
954 1710 1125 1793 splendida

58 1801 148 1869 fuerit
166 1805 302 1888 legatio,
323 1799 403 1869 tunc
425 1803 541 1868 saltem
562 1824 616 1882 ea,
640 1799 723 1887 quae
745 1804 787 1869 ad
809 1805 1032 1872 beatissimam
1052 1809 1124 1873 Vir-

58 1903 153 1984 ginem
180 1905 334 1989 expedita
362 1910 412 1968 est
440 1924 499 1986 per
527 1903 712 1968 Gabrielem
740 1904 907 1987 Angelum.
956 1907 1125 1989 Agebatur

59 2003 134 2066 enim
154 2003 192 2069 de
219 2003 351 2086 negotio
375 2002 501 2068 tamdiu
523 2002 723 2081 desiderato,
752 2009 804 2068 tot
824 2004 908 2068 votis
936 2011 1051 2088 totque
1072 2028 1124 2071 ar·

58 2100 197 2168 dentibus
225 2103 370 2185 expetito
399 2101 546 2184 suspiriis
574 2123 612 2166 ac
640 2098 790 2166 uniuerso
819 2101 986 2168 hominum
1014 2105 1125 2186 generi

57 2204 215 2284 tantopere
237 2207 380 2284 accepto.
423 2201 639 2267 Nihilominus
661 2202 864 2266 sanctissima
884 2202 998 2285 Virgo,
1028 2204 1125 2269 simul

59 2318 90 2363 ac
115 2301 293 2384 angelicum
318 2300 400 2366 vidit
421 2301 610 2384 audivitque
636 2300 795 2383 legatum,
825 2300 960 2366 turbata
988 2308 1047 2368 est:
1091 2303 1122 2369 S.

57 2396 150 2465 Lucas
187 2399 396 2482 Euangelista
433 2399 517 2464 hanc
557 2398 712 2464 describit
749 2398 961 2481 legationem:
976 2399 1000 2482 1)
1045 2400 1123 2482 ,Iu-

59 2519 202 2579 gressus
220 2499 394 2582 Angelus
415 2498 463 2563 ad
492 2519 575 2562 eam
596 2498 713 2563 dixit:
743 2498 820 2562 Ave
841 2498 972 2579 gratia
993 2498 1120 2581 plena,

58 2597 232 2664 Dominus
271 2606 417 2677 tocum3
459 2596 674 2663 benedicta
713 2603 756 2662 tn
795 2598 835 2661 in
874 2597 1121 2664 mulieribus.

59 2696 149 2774 Quae
181 2719 298 2782 quum
334 2696 531 2776 audisset,
571 2697 737 2761 turbata
775 2701 836 2760 est
866 2696 906 2759 in
943 2718 1122 2763 sermone

6 2819 9 2826 ’
58 2798 143 2879 ejus,
172 2805 212 2864 et
238 2795 460 2879 cogitabat,
490 2794 622 2879 qualis
651 2800 758 2860 esset
785 2795 865 2859 ista
893 2794 1122 2860 salutatio.“

58 2894 124 2972 Quis
152 2919 218 2963 non
249 2895 392 2979 Virginis
422 2893 602 2960 admiretur
633 2893 874 2958 turbationem?
912 2894 951 2958 ln
982 2893 1124 2959 Matrem

58 2992 109 3060 Dei
128 2997 271 3080 eligitur,
301 2995 444 3065 omnium
465 2993 669 3058 saeculorum
695 2993 899 3058 calamitates
921 2999 955 3058 et
975 2993 1123 3058 miserias

56 3101 283 3174 restauratura,
324 3099 358 3158 et
389 3099 500 3158 tamon
535 3092 698 3158 turbatur.
711 3093 737 3175 2)
791 3092 903 3169 Qualis
939 3100 1011 3159 erat
1041 3093 1122 3158 haec

56 3192 206 3261 turbatio?
228 3192 415 3267 Certissima
435 3213 501 3257 non
523 3213 563 3256 ex
586 3192 696 3274 aliqua
714 3191 886 3256 debilitate
902 3192 1054 3275 provenit
1070 3192 1123 3256 vel

57 3287 172 3357 defectu
205 3292 324 3358 virium
355 3313 395 3356 ex
424 3297 520 3373 parte
552 3290 706 3372 corporis.
759 3291 811 3354 Ita
844 3291 1013 3357 Danielem
1047 3313 1123 3374 pro-

57 3387 189 3472 phetam,
219 3413 321 3474 quum
341 3391 484 3473 Angelus
513 3391 543 3455 ei
571 3390 739 3473 apparuit,
768 3390 938 3456 turbatum
965 3391 1121 3456 videmus

58 3486 137 3566 ,Non
163 3490 334 3568 remansit,
365 3489 487 3573 inquit,
517 3489 552 3552 in
581 3511 633 3554 me
654 3489 832 3567 fortitudo,
863 3489 920 3554 sed
942 3495 976 3553 et
997 3489 1122 3572 species

57 3605 117 3652 mea
141 3590 315 3654 immutata
343 3595 392 3654 est
420 3589 455 3653 in
482 3595 597 3653 meet
626 3588 777 3667 emarcui,
806 3609 867 3652 nec
897 3588 999 3652 habui
1029 3588 1122 3672 quid·
1228 3655 1229 3659 ,

58 3689 293 3766 quamvirium.
336 3689 380 3754 Et
401 3689 510 3754 audivi
535 3709 646 3753 vocem
675 3709 864 3779 sermonum
887 3688 971 3769 ejus,
1006 3693 1040 3752 et
1065 3709 1122 3752 au·
1219 3731 1221 3735 -

58 3781 135 3853 diens
150 3789 299 3872 jacebam
320 3794 545 3869 consternatus
567 3809 665 3871 super
686 3787 803 3852 faciem
824 3807 938 3866 meam,
958 3792 991 3851 et
1012 3785 1122 3850 vultus
1155 3785 1157 3792 '

58 3925 236 3942 5-—

113 4002 130 4069 ¹)
146 4002 212 4058 Luc.
229 4003 252 4071 I,
268 4006 303 4059 28
320 4021 359 4074 sq.
393 4006 415 4072 ²)
435 4003 467 4071 X,
485 4005 502 4057 8
518 4019 557 4072 sq.
923 4080 973 4136 23*
