2728 4560
556 357 617 420 233

110 518 365 600 Respondemus:
389 517 423 584 Si
445 519 517 601 quis
539 517 688 584 detectus
710 519 745 583 in
766 539 865 584 eausa
886 519 1044 586 efficiente
1066 529 1125 600 est,

58 617 124 682 haee
153 617 285 701 quidem
312 617 423 701 potest
451 617 604 682 effectum
636 623 825 682 secuturum
852 618 1026 700 impedire,
1060 641 1126 684 non

58 737 119 780 vero
136 717 204 799 jam
224 715 350 780 fastum
371 716 555 795 destruere3
578 737 655 780 nam
676 715 812 781 effeetus
833 738 854 781 a
875 739 973 782 eausa
993 718 1124 800 pendet,

58 815 121 879 dnm
140 815 186 895 fit,
208 837 274 880 non
295 823 414 894 tamen,
433 817 510 881 dum
530 815 639 881 faetus
661 823 720 881 est.
758 816 835 881 Ideo
856 816 1127 900 impedimentum

58 913 215 992 dirimenS,
245 935 310 997 quo
338 936 498 998 personae
526 915 567 979 ad
590 915 846 980 contrahendum
873 915 1056 980 redduntur
1076 915 1125 979 in-

57 1012 181 1093 habilee,
209 1014 322 1078 irritat
349 1015 591 1078 matrimonium
622 1014 893 1092 contrahendum,
923 1022 1125 1079 nontamen

58 1121 254 1178 contractum.
295 1114 395 1180 Seous
415 1120 525 1178 tamen
547 1113 652 1178 estin
674 1113 975 1178 conditionibus
997 1135 1124 1178 essen-

56 1211 126 1276 tiae
158 1213 285 1296 ipsius
320 1218 507 1277 contractus
541 1211 867 1294 repugnantibus.
921 1211 1015 1276 Tales
1052 1233 1125 1276 oon-

57 1309 182 1376 ditiones
208 1332 275 1375 non
303 1311 408 1376 solum
435 1311 642 1376 matrimonio
672 1310 910 1390 contrahendo,
940 1311 998 1375 sed
1026 1311 1126 1375 etiam

58 1417 210 1475 contracto
232 1416 431 1494 repugnant,
454 1409 568 1474 eadem
590 1410 675 1474 enim
697 1417 749 1474 est
770 1410 910 1474 essentia
930 1410 979 1475 rei
1000 1411 1033 1473 in
1053 1410 1126 1475 fieri

57 1515 85 1572 et
101 1510 133 1572 in
151 1509 240 1575 facto
263 1531 342 1575 esse.
387 1509 493 1586 Quare
520 1509 723 1574 conditiones
744 1508 820 1574 illae
845 1515 905 1573 aut
925 1499 1125 1600 matrimonii

54 1607 201 1673 uneulum
222 1609 352 1673 omnino
381 1607 507 1672 elidunt
528 1614 600 1686 aut,
623 1607 657 1672 id
678 1607 786 1672 faeere
807 1629 874 1671 non
894 1597 1055 1687 valentes,
1079 1607 1121 1671 ab

57 1726 88 1769 eo
117 1707 288 1772 eliduntur.
338 1706 459 1771 Votum
490 1712 641 1771 mutuum
672 1727 747 1790 ergo
780 1706 966 1770 castitatem
997 1727 1125 1788 semper

56 1807 191 1871 servandi
215 1806 458 1872 matrimonium
471 1805 540 1888 jam
556 1811 760 1870 contractum
780 1826 846 1869 non
868 1805 978 1868 irritat
995 1825 1055 1869 neo
1072 1826 1123 1868 re·

55 1911 165 1986 pugnat
184 1904 392 1969 matrimonio
415 1904 645 1970 contrahendo.
980 1921 981 1924 ’

108 2003 205 2084 ,Nam
237 2003 367 2086 aliquae
399 2003 618 2082 conditionem
650 2004 758 2086 inquit
788 2003 887 2068 Perez
918 2003 939 2067 1.
970 2025 1006 2082 a,
1040 2025 1123 2086 quae

58 2099 197 2167 dicuntur
233 2124 303 2168 esse
335 2102 473 2185 positive
509 2109 623 2167 eontra
656 2100 755 2166 finem
789 2103 1003 2181 matrimonii,
1040 2103 1125 2167 siout

57 2199 143 2264 etiam
170 2208 285 2266 eontra
314 2201 383 2288 ejus
412 2200 644 2279 substantiam,
675 2201 780 2284 qualis
810 2208 860 2266 est
887 2202 951 2266 ista
980 2201 1122 2266 conditio

57 2296 90 2361 de
112 2299 314 2383 impedienda
334 2300 474 2382 positive
500 2299 711 2382 generatione
739 2306 773 2364 et
798 2301 904 2382 prole,
935 2300 1123 2365 seminando

57 2403 137 2463 extra
155 2422 210 2466 vas
232 2421 291 2484 vg,
315 2419 398 2482 quae
427 2404 637 2480 opponuntur
661 2397 720 2462 fini
740 2399 940 2463 matrimonii
961 2400 1123 2464 contrarie

58 2501 85 2560 et
107 2500 239 2581 positive
273 2506 307 2564 et
333 2497 407 2563 ideo
437 2497 520 2562 illud
547 2498 695 2576 irritant,
729 2498 757 2562 si
786 2498 821 2562 in
852 2499 922 2580 ipso
952 2505 1123 2563 contractu

57 2605 260 2678 apponantur,
292 2597 369 2680 quia
396 2597 569 2661 destruunt
589 2618 701 2661 verum
729 2618 919 2662 eonsensum
947 2598 990 2662 ad
1011 2599 1123 2661 matri·

56 2698 182 2762 monium
213 2697 425 2780 requisitum3
459 2717 542 2780 quae
575 2684 778 2762 conditiones
811 2697 911 2760 etiam
941 2703 1017 2780 post
1049 2715 1123 2761 oon·

56 2797 183 2861 tractum
213 2798 321 2880 ipsum
352 2795 595 2860 matrimonium
627 2802 669 2861 et.
690 2794 874 2878 perfeetum
905 2795 1028 2877 apponi
1057 2817 1123 2860 non

56 2903 176 2971 possunt
197 2896 267 2960 sine
288 2901 439 2977 peceato,
470 2915 508 2958 ao
528 2894 666 2977 proinde
695 2894 790 2959 initio
812 2895 982 2976 appositae
1004 2895 1122 2958 mirum

56 3009 111 3054 non
137 3000 198 3073 est,
229 2994 257 3058 si
285 2993 528 3058 matrimonium
556 2993 700 3073 irritent,
731 2994 876 3076 quamvis
904 3015 978 3058 non.
990 2999 1122 3077 postea,

57 3090 208 3176 quiajam
234 3115 301 3157 non
322 3092 448 3176 possint
469 3091 603 3158 auferre·
629 3114 833 3172 eonsensum,
863 3093 920 3176 qui
947 3093 1040 3157 initio
1062 3115 1121 3175 pro

57 3197 210 3256 contractu
230 3192 410 3274 praestitus
438 3191 519 3270 iuit,
549 3191 618 3255 sine
646 3199 780 3275 peceato
810 3213 875 3256 non
902 3199 1120 3275 apponuntur,

57 3290 285 3356 matrimonium
303 3311 379 3355 uero
400 3290 519 3355 initum
540 3291 641 3355 semel
662 3291 837 3356 dissolvere
858 3297 1033 3374 nequeunt.
1077 3291 1123 3356 At

57 3388 241 3456 conditiones
269 3390 370 3468 aliae,
404 3410 488 3473 quae
516 3390 622 3454 solum
650 3391 800 3473 negative
827 3397 1036 3474 apponuntur
1063 3389 1122 3455 fini

56 3489 250 3569 matrimonii,
280 3497 320 3555 ut
345 3495 395 3553 est
416 3489 560 3554 conditio
589 3496 678 3554 oaste
706 3490 835 3555 vivendi
862 3491 914 3576 uel
934 3490 1123 3556 abstinendi

58 3580 90 3645 ab
107 3589 288 3654 omnimodo
310 3610 372 3653 usu
394 3588 551 3672 conjugii,
573 3591 708 3656 tametsi
728 3590 900 3656 videantur
923 3592 1123 3656 matrimonii

57 3676 104 3745 fini
121 3686 290 3766 adversari,
314 3694 425 3752 tamen
445 3710 511 3753 non
532 3690 581 3754 ita
602 3697 812 3774 opponuntur
831 3689 889 3755 fini
909 3691 1120 3768 matrimonii,

57 3783 88 3842 ut
119 3791 227 3850 contra
262 3786 482 3852 substantiam
518 3789 621 3871 ipsius
657 3811 733 3854 uere
771 3790 853 3870 eint3
893 3791 998 3855 solum
1035 3789 1121 3854 enim

57 3891 246 3960 opponuntur
276 3883 349 3964 fini,
388 3891 427 3951 ut
456 3887 565 3970 ajunt,
602 3890 805 3973 negative,
845 3911 943 3974 quum
977 3888 1021 3954 sit
1052 3887 1122 3952 sola

59 3981 179 4046 cessatio
213 3989 247 4048 et
276 3987 408 4068 negatio
445 3995 539 4054 aetus
576 3991 769 4076 conjugalia,
809 4012 892 4074 quae
930 4011 970 4054 ex
1006 3996 1120 4057 mutuo
