<?xml version="1.0" encoding="UTF-8"?>
<!DOCTYPE html PUBLIC "-//W3C//DTD XHTML 1.0 Transitional//EN"
    "http://www.w3.org/TR/xhtml1/DTD/xhtml1-transitional.dtd">
<html xmlns="http://www.w3.org/1999/xhtml" xml:lang="en" lang="en">
 <head>
  <title>
</title>
<meta http-equiv="Content-Type" content="text/html;charset=utf-8" />
  <meta name='ocr-system' content='tesseract 3.04.00' />
  <meta name='ocr-capabilities' content='ocr_page ocr_carea ocr_par ocr_line ocrx_word'/>
</head>
<body>
  <div class='ocr_page' id='page_1' title='image "./mariologiaseupo00stamgoog_0266.png"; bbox 0 0 2728 4560; ppageno 0'>
   <div class='ocr_carea' id='block_1_1' title="bbox 693 669 873 803">
    <p class='ocr_par' dir='ltr' id='par_1_1' title="bbox 693 669 873 803">
     <span class='ocr_line' id='line_1_1' title="bbox 693 669 873 803; baseline -0.006 -23"><span class='ocrx_word' id='word_1_1' title='bbox 693 671 796 803; x_wconf 75' lang='lat' dir='ltr'>cap.</span> <span class='ocrx_word' id='word_1_2' title='bbox 828 669 873 779; x_wconf 94' lang='grc' dir='ltr'>ΙΙ.</span> 
     </span>
    </p>
   </div>
   <div class='ocr_carea' id='block_1_2' title="bbox 239 874 1306 1072">
    <p class='ocr_par' dir='ltr' id='par_1_2' title="bbox 239 874 1306 1072">
     <span class='ocr_line' id='line_1_2' title="bbox 239 874 1306 948; baseline -0.004 0"><span class='ocrx_word' id='word_1_3' title='bbox 239 880 297 948; x_wconf 77' lang='grc' dir='ltr'>ΒΕ</span> <span class='ocrx_word' id='word_1_4' title='bbox 317 877 594 946; x_wconf 74' lang='grc' dir='ltr'><strong>ΒΕΑῊθθΙΜΕ</strong></span> <span class='ocrx_word' id='word_1_5' title='bbox 612 874 813 943; x_wconf 72' lang='lat' dir='ltr'>malms</span> <span class='ocrx_word' id='word_1_6' title='bbox 833 875 989 944; x_wconf 75' lang='lat' dir='ltr'><strong>MARIAE</strong></span> <span class='ocrx_word' id='word_1_7' title='bbox 1013 876 1071 945; x_wconf 72' lang='grc' dir='ltr'>ΕΤ</span> <span class='ocrx_word' id='word_1_8' title='bbox 1103 879 1136 946; x_wconf 82' lang='lat' dir='ltr'>S.</span> <span class='ocrx_word' id='word_1_9' title='bbox 1165 878 1306 946; x_wconf 69' lang='lat' dir='ltr'>ausura</span> 
     </span>
     <span class='ocr_line' id='line_1_3' title="bbox 511 974 1052 1072; baseline 0.004 -30"><span class='ocrx_word' id='word_1_10' title='bbox 511 974 791 1042; x_wconf 75' lang='lat' dir='ltr'>mrumoulo</span> <span class='ocrx_word' id='word_1_11' title='bbox 813 974 862 1042; x_wconf 74' lang='lat' dir='ltr'>nl</span> <span class='ocrx_word' id='word_1_12' title='bbox 884 975 1052 1072; x_wconf 76' lang='lat' dir='ltr'>SPEOOE.</span> 
     </span>
    </p>
   </div>
   <div class='ocr_carea' id='block_1_3' title="bbox 237 1140 1309 3900">
    <p class='ocr_par' dir='ltr' id='par_1_3' title="bbox 239 1140 1309 2395">
     <span class='ocr_line' id='line_1_4' title="bbox 302 1140 1306 1222; baseline -0.001 -15"><span class='ocrx_word' id='word_1_13' title='bbox 302 1143 378 1207; x_wconf 85' lang='lat' dir='ltr'>Non</span> <span class='ocrx_word' id='word_1_14' title='bbox 406 1140 556 1216; x_wconf 81' lang='lat' dir='ltr'><strong>defuere,</strong></span> <span class='ocrx_word' id='word_1_15' title='bbox 590 1141 646 1222; x_wconf 93' lang='lat' dir='ltr'>qui</span> <span class='ocrx_word' id='word_1_16' title='bbox 674 1146 849 1221; x_wconf 84' lang='lat' dir='ltr'>praetextu</span> <span class='ocrx_word' id='word_1_17' title='bbox 881 1141 1122 1206; x_wconf 86' lang='lat' dir='ltr'>conservandae</span> <span class='ocrx_word' id='word_1_18' title='bbox 1151 1163 1190 1206; x_wconf 90' lang='lat' dir='ltr'>ao</span> <span class='ocrx_word' id='word_1_19' title='bbox 1217 1141 1306 1206; x_wconf 90' lang='lat' dir='ltr'>defen·</span> 
     </span>
     <span class='ocr_line' id='line_1_5' title="bbox 241 1237 1306 1324; baseline -0.002 -18"><span class='ocrx_word' id='word_1_20' title='bbox 241 1242 367 1306; x_wconf 82' lang='lat' dir='ltr'>dandae</span> <span class='ocrx_word' id='word_1_21' title='bbox 398 1239 595 1323; x_wconf 81' lang='lat' dir='ltr'>virginitatis</span> <span class='ocrx_word' id='word_1_22' title='bbox 621 1238 653 1302; x_wconf 93' lang='lat' dir='ltr'>b.</span> <span class='ocrx_word' id='word_1_23' title='bbox 676 1237 800 1302; x_wconf 90' lang='lat' dir='ltr'>Mariae</span> <span class='ocrx_word' id='word_1_24' title='bbox 827 1237 919 1302; x_wconf 91' lang='lat' dir='ltr'>illam</span> <span class='ocrx_word' id='word_1_25' title='bbox 940 1241 1169 1306; x_wconf 87' lang='lat' dir='ltr'>tantummodo</span> <span class='ocrx_word' id='word_1_26' title='bbox 1191 1242 1306 1324; x_wconf 90' lang='lat' dir='ltr'>despon-</span> 
     </span>
     <span class='ocr_line' id='line_1_6' title="bbox 241 1337 1306 1429; baseline -0.004 -22"><span class='ocrx_word' id='word_1_27' title='bbox 241 1349 360 1419; x_wconf 88' lang='lat' dir='ltr'>satam,</span> <span class='ocrx_word' id='word_1_28' title='bbox 390 1361 456 1404; x_wconf 89' lang='lat' dir='ltr'>non</span> <span class='ocrx_word' id='word_1_29' title='bbox 476 1360 552 1403; x_wconf 79' lang='lat' dir='ltr'>vero</span> <span class='ocrx_word' id='word_1_30' title='bbox 574 1345 712 1429; x_wconf 84' lang='lat' dir='ltr'>nuptam</span> <span class='ocrx_word' id='word_1_31' title='bbox 740 1337 941 1402; x_wconf 81' lang='lat' dir='ltr'><strong>admiserint.</strong></span> <span class='ocrx_word' id='word_1_32' title='bbox 984 1339 1079 1404; x_wconf 88' lang='lat' dir='ltr'>Falso</span> <span class='ocrx_word' id='word_1_33' title='bbox 1108 1341 1225 1405; x_wconf 90' lang='lat' dir='ltr'>nititur</span> <span class='ocrx_word' id='word_1_34' title='bbox 1249 1341 1306 1404; x_wconf 87' lang='lat' dir='ltr'>fuu-</span> 
     </span>
     <span class='ocr_line' id='line_1_7' title="bbox 241 1437 1306 1514; baseline -0.003 -9"><span class='ocrx_word' id='word_1_35' title='bbox 241 1440 393 1505; x_wconf 88' lang='lat' dir='ltr'>damento</span> <span class='ocrx_word' id='word_1_36' title='bbox 425 1438 507 1502; x_wconf 89' lang='lat' dir='ltr'>haec</span> <span class='ocrx_word' id='word_1_37' title='bbox 539 1437 717 1514; x_wconf 90' lang='lat' dir='ltr'>sententia,</span> <span class='ocrx_word' id='word_1_38' title='bbox 757 1437 810 1500; x_wconf 91' lang='lat' dir='ltr'>cui</span> <span class='ocrx_word' id='word_1_39' title='bbox 841 1437 929 1500; x_wconf 87' lang='lat' dir='ltr'>inter</span> <span class='ocrx_word' id='word_1_40' title='bbox 963 1437 1141 1504; x_wconf 89' lang='lat' dir='ltr'>catholicos</span> <span class='ocrx_word' id='word_1_41' title='bbox 1173 1440 1306 1504; x_wconf 88' lang='lat' dir='ltr'>favebant</span> 
     </span>
     <span class='ocr_line' id='line_1_8' title="bbox 241 1535 1305 1611; baseline -0.002 -7"><span class='ocrx_word' id='word_1_42' title='bbox 241 1541 342 1604; x_wconf 90' lang='lat' dir='ltr'>etiam</span> <span class='ocrx_word' id='word_1_43' title='bbox 371 1535 590 1602; x_wconf 75' lang='lat' dir='ltr'>&#39;Gratianus</span> <span class='ocrx_word' id='word_1_44' title='bbox 624 1542 657 1600; x_wconf 90' lang='lat' dir='ltr'>et</span> <span class='ocrx_word' id='word_1_45' title='bbox 685 1535 857 1600; x_wconf 90' lang='lat' dir='ltr'>Michael</span> <span class='ocrx_word' id='word_1_46' title='bbox 887 1535 932 1600; x_wconf 91' lang='lat' dir='ltr'>de</span> <span class='ocrx_word' id='word_1_47' title='bbox 960 1536 1119 1602; x_wconf 87' lang='lat' dir='ltr'>Medina</span> <span class='ocrx_word' id='word_1_48' title='bbox 1148 1546 1305 1611; x_wconf 78' lang='lat' dir='ltr'>censentes,</span> 
     </span>
     <span class='ocr_line' id='line_1_9' title="bbox 240 1635 1306 1722; baseline -0.003 -19"><span class='ocrx_word' id='word_1_49' title='bbox 240 1641 271 1704; x_wconf 90' lang='lat' dir='ltr'>b.</span> <span class='ocrx_word' id='word_1_50' title='bbox 302 1639 468 1722; x_wconf 80' lang='lat' dir='ltr'>Virginem</span> <span class='ocrx_word' id='word_1_51' title='bbox 496 1636 624 1701; x_wconf 85' lang='lat' dir='ltr'>vinculo</span> <span class='ocrx_word' id='word_1_52' title='bbox 654 1635 818 1718; x_wconf 87' lang='lat' dir='ltr'>conjugali</span> <span class='ocrx_word' id='word_1_53' title='bbox 845 1656 910 1699; x_wconf 92' lang='lat' dir='ltr'>non</span> <span class='ocrx_word' id='word_1_54' title='bbox 937 1635 1038 1700; x_wconf 89' lang='lat' dir='ltr'>fuisse</span> <span class='ocrx_word' id='word_1_55' title='bbox 1067 1639 1224 1703; x_wconf 79' lang='lat' dir='ltr'><strong>sociatam</strong></span> <span class='ocrx_word' id='word_1_56' title='bbox 1248 1659 1306 1702; x_wconf 91' lang='lat' dir='ltr'>cun</span> 
     </span>
     <span class='ocr_line' id='line_1_10' title="bbox 239 1734 1306 1820; baseline -0.003 -17"><span class='ocrx_word' id='word_1_57' title='bbox 239 1761 264 1803; x_wconf 91' lang='lat' dir='ltr'>s.</span> <span class='ocrx_word' id='word_1_58' title='bbox 286 1737 427 1820; x_wconf 87' lang='lat' dir='ltr'>Joseph,</span> <span class='ocrx_word' id='word_1_59' title='bbox 462 1737 539 1820; x_wconf 89' lang='lat' dir='ltr'>quia</span> <span class='ocrx_word' id='word_1_60' title='bbox 561 1734 752 1799; x_wconf 80' lang='lat' dir='ltr'>concubitus</span> <span class='ocrx_word' id='word_1_61' title='bbox 774 1734 927 1812; x_wconf 86' lang='lat' dir='ltr'>carnalis,</span> <span class='ocrx_word' id='word_1_62' title='bbox 952 1756 1049 1817; x_wconf 89' lang='lat' dir='ltr'>quem</span> <span class='ocrx_word' id='word_1_63' title='bbox 1070 1744 1198 1818; x_wconf 88' lang='lat' dir='ltr'>partem</span> <span class='ocrx_word' id='word_1_64' title='bbox 1218 1759 1306 1802; x_wconf 88' lang='lat' dir='ltr'>esseu-</span> 
     </span>
     <span class='ocr_line' id='line_1_11' title="bbox 240 1833 1305 1911; baseline -0.005 -9"><span class='ocrx_word' id='word_1_65' title='bbox 240 1837 353 1902; x_wconf 91' lang='lat' dir='ltr'>tialem</span> <span class='ocrx_word' id='word_1_66' title='bbox 374 1835 551 1900; x_wconf 78' lang='lat' dir='ltr'>habuerint</span> <span class='ocrx_word' id='word_1_67' title='bbox 571 1833 785 1911; x_wconf 75' lang='lat' dir='ltr'>matrimonii,</span> <span class='ocrx_word' id='word_1_68' title='bbox 808 1834 971 1897; x_wconf 89' lang='lat' dir='ltr'>intereos</span> <span class='ocrx_word' id='word_1_69' title='bbox 992 1855 1057 1898; x_wconf 91' lang='lat' dir='ltr'>non</span> <span class='ocrx_word' id='word_1_70' title='bbox 1079 1836 1305 1901; x_wconf 85' lang='lat' dir='ltr'>intercessisset.</span> 
     </span>
     <span class='ocr_line' id='line_1_12' title="bbox 240 1933 1307 2014; baseline -0.005 -14"><span class='ocrx_word' id='word_1_71' title='bbox 240 1937 335 2001; x_wconf 89' lang='lat' dir='ltr'>Unde</span> <span class='ocrx_word' id='word_1_72' title='bbox 363 1933 609 1998; x_wconf 88' lang='lat' dir='ltr'>matrimonium</span> <span class='ocrx_word' id='word_1_73' title='bbox 630 1953 742 1996; x_wconf 87' lang='lat' dir='ltr'>verum</span> <span class='ocrx_word' id='word_1_74' title='bbox 763 1939 919 2014; x_wconf 83' lang='lat' dir='ltr'>negantes</span> <span class='ocrx_word' id='word_1_75' title='bbox 948 1953 1012 1996; x_wconf 91' lang='lat' dir='ltr'>non</span> <span class='ocrx_word' id='word_1_76' title='bbox 1040 1933 1239 1999; x_wconf 89' lang='lat' dir='ltr'>admiserunt</span> <span class='ocrx_word' id='word_1_77' title='bbox 1257 1933 1307 1998; x_wconf 86' lang='lat' dir='ltr'>nisi</span> 
     </span>
     <span class='ocr_line' id='line_1_13' title="bbox 244 2031 1309 2116; baseline -0.003 -18"><span class='ocrx_word' id='word_1_78' title='bbox 244 2033 488 2098; x_wconf 85' lang='lat' dir='ltr'>matrimonium</span> <span class='ocrx_word' id='word_1_79' title='bbox 533 2031 769 2095; x_wconf 88' lang='lat' dir='ltr'>existimatum:</span> <span class='ocrx_word' id='word_1_80' title='bbox 820 2031 1092 2113; x_wconf 88' lang='lat' dir='ltr'>quemadmodum</span> <span class='ocrx_word' id='word_1_81' title='bbox 1137 2055 1161 2098; x_wconf 89' lang='lat' dir='ltr'>s.</span> <span class='ocrx_word' id='word_1_82' title='bbox 1205 2032 1309 2116; x_wconf 86' lang='lat' dir='ltr'>Joseph</span> 
     </span>
     <span class='ocr_line' id='line_1_14' title="bbox 240 2131 1305 2216; baseline -0.002 -19"><span class='ocrx_word' id='word_1_83' title='bbox 240 2132 421 2216; x_wconf 89' lang='lat' dir='ltr'>putabatur</span> <span class='ocrx_word' id='word_1_84' title='bbox 442 2131 564 2196; x_wconf 89' lang='lat' dir='ltr'>Christi</span> <span class='ocrx_word' id='word_1_85' title='bbox 584 2136 693 2212; x_wconf 89' lang='lat' dir='ltr'>pater,</span> <span class='ocrx_word' id='word_1_86' title='bbox 725 2151 825 2212; x_wconf 89' lang='lat' dir='ltr'>quum</span> <span class='ocrx_word' id='word_1_87' title='bbox 854 2137 964 2193; x_wconf 86' lang='lat' dir='ltr'>tame-n</span> <span class='ocrx_word' id='word_1_88' title='bbox 992 2151 1106 2196; x_wconf 86' lang='lat' dir='ltr'>revera</span> <span class='ocrx_word' id='word_1_89' title='bbox 1134 2155 1200 2197; x_wconf 93' lang='lat' dir='ltr'>non</span> <span class='ocrx_word' id='word_1_90' title='bbox 1226 2138 1305 2208; x_wconf 87' lang='lat' dir='ltr'>esset,</span> 
     </span>
     <span class='ocr_line' id='line_1_15' title="bbox 240 2228 1307 2313; baseline -0.003 -16"><span class='ocrx_word' id='word_1_91' title='bbox 240 2235 289 2298; x_wconf 93' lang='lat' dir='ltr'>ita</span> <span class='ocrx_word' id='word_1_92' title='bbox 318 2233 417 2297; x_wconf 88' lang='lat' dir='ltr'>etiam</span> <span class='ocrx_word' id='word_1_93' title='bbox 445 2229 588 2313; x_wconf 88' lang='lat' dir='ltr'>Virginis</span> <span class='ocrx_word' id='word_1_94' title='bbox 614 2249 751 2310; x_wconf 86' lang='lat' dir='ltr'>sponsus</span> <span class='ocrx_word' id='word_1_95' title='bbox 778 2228 963 2298; x_wconf 86' lang='lat' dir='ltr'>habebatur</span> <span class='ocrx_word' id='word_1_96' title='bbox 992 2237 1026 2294; x_wconf 91' lang='lat' dir='ltr'>et</span> <span class='ocrx_word' id='word_1_97' title='bbox 1059 2232 1212 2310; x_wconf 89' lang='lat' dir='ltr'>maritus,</span> <span class='ocrx_word' id='word_1_98' title='bbox 1243 2233 1307 2295; x_wconf 91' lang='lat' dir='ltr'>licet</span> 
     </span>
     <span class='ocr_line' id='line_1_16' title="bbox 240 2336 422 2395; baseline -0.016 0"><span class='ocrx_word' id='word_1_99' title='bbox 240 2353 306 2395; x_wconf 91' lang='lat' dir='ltr'>non</span> <span class='ocrx_word' id='word_1_100' title='bbox 328 2336 422 2394; x_wconf 89' lang='lat' dir='ltr'>esset.</span> 
     </span>
    </p>

    <p class='ocr_par' dir='ltr' id='par_1_4' title="bbox 237 2426 1308 3900">
     <span class='ocr_line' id='line_1_17' title="bbox 301 2426 1308 2513; baseline -0.003 -19"><span class='ocrx_word' id='word_1_101' title='bbox 301 2430 376 2495; x_wconf 84' lang='lat' dir='ltr'>Jam</span> <span class='ocrx_word' id='word_1_102' title='bbox 404 2435 501 2492; x_wconf 88' lang='lat' dir='ltr'>antea</span> <span class='ocrx_word' id='word_1_103' title='bbox 529 2426 772 2490; x_wconf 88' lang='lat' dir='ltr'>matrimonium</span> <span class='ocrx_word' id='word_1_104' title='bbox 800 2427 887 2490; x_wconf 89' lang='lat' dir='ltr'>inter</span> <span class='ocrx_word' id='word_1_105' title='bbox 914 2426 1138 2493; x_wconf 88' lang='lat' dir='ltr'>beatissimam</span> <span class='ocrx_word' id='word_1_106' title='bbox 1158 2431 1308 2513; x_wconf 86' lang='lat' dir='ltr'>Virginem</span> 
     </span>
     <span class='ocr_line' id='line_1_18' title="bbox 241 2527 1307 2611; baseline -0.006 -16"><span class='ocrx_word' id='word_1_107' title='bbox 241 2536 275 2595; x_wconf 91' lang='lat' dir='ltr'>et</span> <span class='ocrx_word' id='word_1_108' title='bbox 312 2552 336 2594; x_wconf 91' lang='lat' dir='ltr'>s.</span> <span class='ocrx_word' id='word_1_109' title='bbox 377 2527 500 2610; x_wconf 86' lang='lat' dir='ltr'>Joseph</span> <span class='ocrx_word' id='word_1_110' title='bbox 537 2534 712 2610; x_wconf 88' lang='lat' dir='ltr'>negaverat</span> <span class='ocrx_word' id='word_1_111' title='bbox 747 2547 771 2590; x_wconf 84' lang='lat' dir='ltr'>s</span> <span class='ocrx_word' id='word_1_112' title='bbox 802 2527 1019 2610; x_wconf 85' lang='lat' dir='ltr'>Gregorius</span> <span class='ocrx_word' id='word_1_113' title='bbox 1045 2528 1242 2611; x_wconf 87' lang='lat' dir='ltr'>Nyssenus</span> <span class='ocrx_word' id='word_1_114' title='bbox 1270 2527 1307 2591; x_wconf 92' lang='lat' dir='ltr'>di-</span> 
     </span>
     <span class='ocr_line' id='line_1_19' title="bbox 239 2625 1305 2710; baseline -0.003 -17"><span class='ocrx_word' id='word_1_115' title='bbox 239 2627 363 2709; x_wconf 85' lang='lat' dir='ltr'>cens:¹)</span> <span class='ocrx_word' id='word_1_116' title='bbox 395 2625 608 2709; x_wconf 83' lang='lat' dir='ltr'>,Conjunctio</span> <span class='ocrx_word' id='word_1_117' title='bbox 635 2646 701 2689; x_wconf 93' lang='lat' dir='ltr'>non</span> <span class='ocrx_word' id='word_1_118' title='bbox 722 2626 810 2690; x_wconf 90' lang='lat' dir='ltr'>ultra</span> <span class='ocrx_word' id='word_1_119' title='bbox 832 2625 996 2708; x_wconf 87' lang='lat' dir='ltr'>sponsalia</span> <span class='ocrx_word' id='word_1_120' title='bbox 1019 2625 1305 2710; x_wconf 78' lang='lat' dir='ltr'>progrediebatur.“</span> 
     </span>
     <span class='ocr_line' id='line_1_20' title="bbox 239 2725 1307 2808; baseline -0.004 -17"><span class='ocrx_word' id='word_1_121' title='bbox 239 2726 346 2804; x_wconf 80' lang='lat' dir='ltr'>Quam</span> <span class='ocrx_word' id='word_1_122' title='bbox 377 2726 562 2808; x_wconf 90' lang='lat' dir='ltr'>opinionem</span> <span class='ocrx_word' id='word_1_123' title='bbox 592 2746 726 2807; x_wconf 87' lang='lat' dir='ltr'>prorsus</span> <span class='ocrx_word' id='word_1_124' title='bbox 758 2727 905 2808; x_wconf 90' lang='lat' dir='ltr'>ineptam</span> <span class='ocrx_word' id='word_1_125' title='bbox 937 2747 1022 2804; x_wconf 85' lang='lat' dir='ltr'>esse,</span> <span class='ocrx_word' id='word_1_126' title='bbox 1070 2735 1108 2792; x_wconf 92' lang='lat' dir='ltr'>ut</span> <span class='ocrx_word' id='word_1_127' title='bbox 1151 2730 1215 2793; x_wconf 91' lang='lat' dir='ltr'>alia</span> <span class='ocrx_word' id='word_1_128' title='bbox 1243 2725 1307 2791; x_wconf 89' lang='lat' dir='ltr'>reti·</span> 
     </span>
     <span class='ocr_line' id='line_1_21' title="bbox 240 2825 1307 2908; baseline -0.003 -18"><span class='ocrx_word' id='word_1_129' title='bbox 240 2847 339 2904; x_wconf 92' lang='lat' dir='ltr'>ceam,</span> <span class='ocrx_word' id='word_1_130' title='bbox 363 2847 403 2889; x_wconf 88' lang='lat' dir='ltr'>ex</span> <span class='ocrx_word' id='word_1_131' title='bbox 425 2847 462 2890; x_wconf 94' lang='lat' dir='ltr'>eo</span> <span class='ocrx_word' id='word_1_132' title='bbox 486 2825 601 2903; x_wconf 88' lang='lat' dir='ltr'>elucet,</span> <span class='ocrx_word' id='word_1_133' title='bbox 620 2825 716 2907; x_wconf 92' lang='lat' dir='ltr'>quod,</span> <span class='ocrx_word' id='word_1_134' title='bbox 737 2847 837 2908; x_wconf 90' lang='lat' dir='ltr'>quum</span> <span class='ocrx_word' id='word_1_135' title='bbox 859 2826 1024 2908; x_wconf 89' lang='lat' dir='ltr'>sponsalia</span> <span class='ocrx_word' id='word_1_136' title='bbox 1044 2827 1126 2890; x_wconf 91' lang='lat' dir='ltr'>nihil</span> <span class='ocrx_word' id='word_1_137' title='bbox 1142 2827 1230 2892; x_wconf 91' lang='lat' dir='ltr'>aliud</span> <span class='ocrx_word' id='word_1_138' title='bbox 1245 2826 1307 2900; x_wconf 85' lang='lat' dir='ltr'>sint,</span> 
     </span>
     <span class='ocr_line' id='line_1_22' title="bbox 240 2922 1307 3008; baseline -0.001 -20"><span class='ocrx_word' id='word_1_139' title='bbox 240 2946 339 3008; x_wconf 91' lang='lat' dir='ltr'>quam</span> <span class='ocrx_word' id='word_1_140' title='bbox 368 2922 555 2989; x_wconf 82' lang='lat' dir='ltr'>futurarum</span> <span class='ocrx_word' id='word_1_141' title='bbox 586 2925 776 3007; x_wconf 89' lang='lat' dir='ltr'>nuptiarum</span> <span class='ocrx_word' id='word_1_142' title='bbox 804 2932 920 2989; x_wconf 89' lang='lat' dir='ltr'>mutua</span> <span class='ocrx_word' id='word_1_143' title='bbox 950 2927 1137 3008; x_wconf 85' lang='lat' dir='ltr'>promissio,</span> <span class='ocrx_word' id='word_1_144' title='bbox 1172 2927 1202 2992; x_wconf 94' lang='lat' dir='ltr'>b.</span> <span class='ocrx_word' id='word_1_145' title='bbox 1223 2927 1307 3008; x_wconf 89' lang='lat' dir='ltr'>Virgo</span> 
     </span>
     <span class='ocr_line' id='line_1_23' title="bbox 240 3023 1308 3109; baseline -0.001 -22"><span class='ocrx_word' id='word_1_146' title='bbox 240 3029 275 3087; x_wconf 91' lang='lat' dir='ltr'>et</span> <span class='ocrx_word' id='word_1_147' title='bbox 307 3045 330 3088; x_wconf 86' lang='lat' dir='ltr'>s.</span> <span class='ocrx_word' id='word_1_148' title='bbox 363 3023 499 3106; x_wconf 88' lang='lat' dir='ltr'>Joseph,</span> <span class='ocrx_word' id='word_1_149' title='bbox 529 3024 558 3088; x_wconf 93' lang='lat' dir='ltr'>si</span> <span class='ocrx_word' id='word_1_150' title='bbox 584 3031 660 3108; x_wconf 91' lang='lat' dir='ltr'>post</span> <span class='ocrx_word' id='word_1_151' title='bbox 688 3031 857 3089; x_wconf 89' lang='lat' dir='ltr'>contracta</span> <span class='ocrx_word' id='word_1_152' title='bbox 883 3025 1047 3108; x_wconf 89' lang='lat' dir='ltr'>sponsalia</span> <span class='ocrx_word' id='word_1_153' title='bbox 1079 3027 1211 3109; x_wconf 88' lang='lat' dir='ltr'>nuptias</span> <span class='ocrx_word' id='word_1_154' title='bbox 1241 3045 1308 3088; x_wconf 92' lang='lat' dir='ltr'>nun-</span> 
     </span>
     <span class='ocr_line' id='line_1_24' title="bbox 240 3121 1307 3206; baseline -0.003 -20"><span class='ocrx_word' id='word_1_155' title='bbox 240 3144 338 3205; x_wconf 90' lang='lat' dir='ltr'>quam</span> <span class='ocrx_word' id='word_1_156' title='bbox 369 3122 532 3199; x_wconf 88' lang='lat' dir='ltr'>iniissent,</span> <span class='ocrx_word' id='word_1_157' title='bbox 571 3121 670 3186; x_wconf 86' lang='lat' dir='ltr'>fidem</span> <span class='ocrx_word' id='word_1_158' title='bbox 705 3123 740 3186; x_wconf 91' lang='lat' dir='ltr'>in</span> <span class='ocrx_word' id='word_1_159' title='bbox 779 3123 983 3206; x_wconf 86' lang='lat' dir='ltr'>sponsalibus</span> <span class='ocrx_word' id='word_1_160' title='bbox 1021 3124 1061 3189; x_wconf 92' lang='lat' dir='ltr'>de</span> <span class='ocrx_word' id='word_1_161' title='bbox 1094 3122 1307 3190; x_wconf 89' lang='lat' dir='ltr'>contrahendis</span> 
     </span>
     <span class='ocr_line' id='line_1_25' title="bbox 238 3221 1308 3305; baseline -0.001 -21"><span class='ocrx_word' id='word_1_162' title='bbox 238 3221 363 3305; x_wconf 90' lang='lat' dir='ltr'>nuptiis</span> <span class='ocrx_word' id='word_1_163' title='bbox 396 3222 507 3286; x_wconf 85' lang='lat' dir='ltr'>datam</span> <span class='ocrx_word' id='word_1_164' title='bbox 539 3221 729 3300; x_wconf 82' lang='lat' dir='ltr'>violassent,</span> <span class='ocrx_word' id='word_1_165' title='bbox 767 3223 831 3287; x_wconf 90' lang='lat' dir='ltr'>imo</span> <span class='ocrx_word' id='word_1_166' title='bbox 864 3222 1016 3288; x_wconf 90' lang='lat' dir='ltr'>simulate</span> <span class='ocrx_word' id='word_1_167' title='bbox 1054 3223 1218 3305; x_wconf 88' lang='lat' dir='ltr'>sponsalia</span> <span class='ocrx_word' id='word_1_168' title='bbox 1245 3241 1308 3286; x_wconf 90' lang='lat' dir='ltr'>cou-</span> 
     </span>
     <span class='ocr_line' id='line_1_26' title="bbox 238 3319 1308 3401; baseline 0 -19"><span class='ocrx_word' id='word_1_169' title='bbox 238 3319 425 3384; x_wconf 86' lang='lat' dir='ltr'>traxissent.</span> <span class='ocrx_word' id='word_1_170' title='bbox 480 3321 565 3398; x_wconf 82' lang='lat' dir='ltr'>Quid</span> <span class='ocrx_word' id='word_1_171' title='bbox 597 3322 683 3386; x_wconf 91' lang='lat' dir='ltr'>enim</span> <span class='ocrx_word' id='word_1_172' title='bbox 718 3322 808 3386; x_wconf 89' lang='lat' dir='ltr'>aliud</span> <span class='ocrx_word' id='word_1_173' title='bbox 840 3329 905 3401; x_wconf 92' lang='lat' dir='ltr'>est,</span> <span class='ocrx_word' id='word_1_174' title='bbox 942 3322 1134 3388; x_wconf 86' lang='lat' dir='ltr'>contrahere</span> <span class='ocrx_word' id='word_1_175' title='bbox 1170 3324 1236 3388; x_wconf 89' lang='lat' dir='ltr'>sine</span> <span class='ocrx_word' id='word_1_176' title='bbox 1268 3321 1308 3382; x_wconf 90' lang='lat' dir='ltr'>iu·</span> 
     </span>
     <span class='ocr_line' id='line_1_27' title="bbox 239 3419 1307 3505; baseline -0.003 -23"><span class='ocrx_word' id='word_1_177' title='bbox 239 3419 386 3484; x_wconf 86' lang='lat' dir='ltr'>tentione</span> <span class='ocrx_word' id='word_1_178' title='bbox 423 3421 580 3503; x_wconf 91' lang='lat' dir='ltr'>implendi</span> <span class='ocrx_word' id='word_1_179' title='bbox 611 3421 661 3498; x_wconf 93' lang='lat' dir='ltr'>id,</span> <span class='ocrx_word' id='word_1_180' title='bbox 701 3421 789 3504; x_wconf 90' lang='lat' dir='ltr'>quod</span> <span class='ocrx_word' id='word_1_181' title='bbox 819 3423 1041 3505; x_wconf 91' lang='lat' dir='ltr'>promittitur,</span> <span class='ocrx_word' id='word_1_182' title='bbox 1080 3443 1178 3505; x_wconf 89' lang='lat' dir='ltr'>quam</span> <span class='ocrx_word' id='word_1_183' title='bbox 1208 3420 1307 3485; x_wconf 90' lang='lat' dir='ltr'>ludere</span> 
     </span>
     <span class='ocr_line' id='line_1_28' title="bbox 237 3509 1307 3604; baseline -0.002 -23"><span class='ocrx_word' id='word_1_184' title='bbox 237 3517 346 3596; x_wconf 88' lang='lat' dir='ltr'>illum,</span> <span class='ocrx_word' id='word_1_185' title='bbox 378 3519 431 3583; x_wconf 90' lang='lat' dir='ltr'>cui</span> <span class='ocrx_word' id='word_1_186' title='bbox 453 3509 681 3602; x_wconf 76' lang='lat' dir='ltr'>promittitur?</span> <span class='ocrx_word' id='word_1_187' title='bbox 713 3521 798 3586; x_wconf 91' lang='lat' dir='ltr'>Num</span> <span class='ocrx_word' id='word_1_188' title='bbox 819 3521 957 3588; x_wconf 82' lang='lat' dir='ltr'>forsitan</span> <span class='ocrx_word' id='word_1_189' title='bbox 979 3543 1147 3604; x_wconf 88' lang='lat' dir='ltr'>possemus</span> <span class='ocrx_word' id='word_1_190' title='bbox 1169 3521 1307 3604; x_wconf 87' lang='lat' dir='ltr'>cogitare,</span> 
     </span>
     <span class='ocr_line' id='line_1_29' title="bbox 237 3618 1306 3702; baseline -0.002 -22"><span class='ocrx_word' id='word_1_191' title='bbox 237 3618 459 3683; x_wconf 86' lang='lat' dir='ltr'>sanctissimas</span> <span class='ocrx_word' id='word_1_192' title='bbox 470 3619 545 3684; x_wconf 91' lang='lat' dir='ltr'>illas</span> <span class='ocrx_word' id='word_1_193' title='bbox 562 3641 718 3702; x_wconf 89' lang='lat' dir='ltr'>personas</span> <span class='ocrx_word' id='word_1_194' title='bbox 738 3622 798 3685; x_wconf 89' lang='lat' dir='ltr'>tali</span> <span class='ocrx_word' id='word_1_195' title='bbox 809 3622 904 3686; x_wconf 92' lang='lat' dir='ltr'>modo</span> <span class='ocrx_word' id='word_1_196' title='bbox 924 3642 994 3686; x_wconf 86' lang='lat' dir='ltr'>sese</span> <span class='ocrx_word' id='word_1_197' title='bbox 1015 3621 1153 3685; x_wconf 88' lang='lat' dir='ltr'>invicem</span> <span class='ocrx_word' id='word_1_198' title='bbox 1169 3618 1306 3686; x_wconf 88' lang='lat' dir='ltr'>habuisse</span> 
     </span>
     <span class='ocr_line' id='line_1_30' title="bbox 238 3715 1308 3804; baseline -0.001 -25"><span class='ocrx_word' id='word_1_199' title='bbox 238 3715 402 3781; x_wconf 82' lang='lat' dir='ltr'>ludibrio?</span> <span class='ocrx_word' id='word_1_200' title='bbox 433 3717 551 3782; x_wconf 93' lang='lat' dir='ltr'>Procul</span> <span class='ocrx_word' id='word_1_201' title='bbox 579 3718 681 3784; x_wconf 88' lang='lat' dir='ltr'>absit!</span> <span class='ocrx_word' id='word_1_202' title='bbox 716 3720 936 3803; x_wconf 85' lang='lat' dir='ltr'>Suscipiamus</span> <span class='ocrx_word' id='word_1_203' title='bbox 959 3742 1034 3804; x_wconf 89' lang='lat' dir='ltr'>ergo</span> <span class='ocrx_word' id='word_1_204' title='bbox 1057 3720 1167 3785; x_wconf 88' lang='lat' dir='ltr'>thesin</span> <span class='ocrx_word' id='word_1_205' title='bbox 1187 3736 1308 3801; x_wconf 90' lang='lat' dir='ltr'>sequen·</span> 
     </span>
     <span class='ocr_line' id='line_1_31' title="bbox 237 3817 542 3900; baseline 0.01 -21"><span class='ocrx_word' id='word_1_206' title='bbox 237 3823 306 3880; x_wconf 90' lang='lat' dir='ltr'>tom</span> <span class='ocrx_word' id='word_1_207' title='bbox 326 3817 542 3900; x_wconf 91' lang='lat' dir='ltr'>probandam:</span> 
     </span>
    </p>
   </div>
   <div class='ocr_carea' id='block_1_4' title="bbox 306 4015 763 4082">
    <p class='ocr_par' dir='ltr' id='par_1_5' title="bbox 306 4015 763 4082">
     <span class='ocr_line' id='line_1_32' title="bbox 306 4015 763 4082; baseline 0.011 -16"><span class='ocrx_word' id='word_1_208' title='bbox 306 4015 325 4082; x_wconf 89' lang='lat'>¹)</span> <span class='ocrx_word' id='word_1_209' title='bbox 344 4016 375 4069; x_wconf 92' lang='lat' dir='ltr'>ln</span> <span class='ocrx_word' id='word_1_210' title='bbox 393 4021 463 4071; x_wconf 88' lang='lat' dir='ltr'>orat.</span> <span class='ocrx_word' id='word_1_211' title='bbox 482 4017 516 4070; x_wconf 90' lang='lat' dir='ltr'>de</span> <span class='ocrx_word' id='word_1_212' title='bbox 534 4017 626 4071; x_wconf 84' lang='lat' dir='ltr'>Natali</span> <span class='ocrx_word' id='word_1_213' title='bbox 643 4017 763 4072; x_wconf 91' lang='lat' dir='ltr'>Domini.</span> 
     </span>
    </p>
   </div>
   <div class='ocr_carea' id='block_1_5' title="bbox 0 0 1368 4560">
    <p class='ocr_par' dir='ltr' id='par_1_6' title="bbox 0 0 1368 4560">
     <span class='ocr_line' id='line_1_33' title="bbox 0 0 1368 4560; baseline 0 0"><span class='ocrx_word' id='word_1_214' title='bbox 0 0 1368 4560; x_wconf 95' lang='lat' dir='ltr'> </span> 
     </span>
    </p>
   </div>
  </div>
 </body>
</html>
