2718 4556
746 358 804 417 358

234 518 341 596 deret,
372 516 569 599 cogitabat.“
610 514 724 600 Neque
746 516 810 582 alio
832 517 937 599 vergit
960 539 983 582 s.
1007 518 1295 602 chrysologum)
1320 599 1321 604 ἵ

233 620 267 682 in
288 619 368 682 haec
390 617 489 682 verba
518 637 705 700 erumpens:
739 617 941 700 ,Virginem
972 639 1071 700 quam
1092 618 1208 684 leviter
1226 619 1297 682 visus

233 717 482 794 sollicitaverat,
520 717 656 780 nimium
687 717 833 782 turbavit
865 716 998 783 auditus
1030 724 1065 782 et
1097 739 1195 801 quam
1223 717 1297 782 missi

213 815 420 899 'praesentia
441 837 558 898 parum
585 821 746 894 moverat,
778 816 941 880 concussit
969 822 1039 881 toto
1068 818 1211 899 pondere
1236 817 1297 881 mit·

233 916 335 980 tentis
367 915 577 979 auctoritas.“
626 914 695 996 ,Ab
728 915 859 994 auditu,
892 915 1001 998 inquit
1031 916 1224 999 perpulchre
1250 915 1298 978 Ri-

234 1010 405 1102 chardus
428 1015 473 1078 de
496 1037 520 1079 s.
543 1015 770 1093 Laurentio,
782 1019 806 1097 ἲ)
828 1015 931 1097 ipsius
953 1015 1084 1080 initium
1106 1015 1240 1097 sumpsit
1258 1035 1297 1077 re-

233 1114 362 1196 paratio
379 1107 500 1191 nostra,
519 1120 556 1178 ut
572 1115 712 1178 intraret
727 1114 915 1185 remedium,
933 1114 1019 1178 unde
1036 1135 1123 1179 mors
1139 1115 1298 1197 irrepserat

234 1220 268 1277 et
289 1211 404 1276 iisdem
425 1213 568 1295 vestigiis
590 1219 782 1295 sequeretur
802 1213 869 1277 vita
891 1219 1045 1290 mortem,
1075 1213 1133 1276 lux
1154 1211 1296 1286 tenebras,

121 1332 123 1335 ·
233 1311 381 1376 veritatis
414 1310 599 1376 antidotum
630 1312 791 1393 serpentis
825 1311 953 1394 antiqui
984 1310 1189 1376 mendacium
1218 1331 1297 1374 rene-

231 1403 348 1474 natum
380 1417 413 1474 et
445 1411 530 1475 vitae
560 1411 661 1492 janua
697 1409 791 1475 fieret
823 1411 971 1489 auditne,
1009 1431 1069 1493 per
1101 1431 1197 1492 quem
1225 1429 1297 1472 mors

234 1509 406 1573 intraverit
427 1509 461 1572 in
482 1509 669 1596 mundum.“
712 1512 884 1589 AuctoreS,
915 1511 972 1592 qui
1000 1509 1220 1574 beatissimam
1239 1508 1298 1573 Vir-

234 1608 340 1690 ginem
368 1631 407 1672 ex
429 1608 545 1690 Angeli
573 1629 750 1674 sermone
778 1609 946 1673 turbatam
974 1608 1075 1673 luisse
1102 1607 1296 1683 contendunt,
1353 1664 1354 1677 ,

234 1707 268 1770 in
290 1707 395 1771 varias
417 1706 540 1771 abeunt
554 1707 749 1786 sententias,
778 1708 855 1772 dum
881 1699 1131 1773 turbationis
1159 1728 1297 1772 causam
1353 1728 1354 1731 ¹

235 1804 407 1888 explicant.

297 1932 326 1968 a.
359 1903 516 1968 Nonnulli
541 1905 688 1987 mysterii
707 1904 749 1968 ab
772 1904 1062 1987 Angelonuntiati
1091 1905 1297 1970 sublimita-
1352 1983 1353 1995 ἵ

234 2009 313 2068 tem
333 2004 514 2086 assignant:
543 2004 595 2068 Sic
617 2027 644 2066 v.
664 2026 693 2086 g.
710 2003 739 2067 d.
763 2004 1029 2086 Chrysalogus
1042 2005 1067 2086 3)
1090 2005 1296 2069 turbationem
1352 2047 1353 2076 ,

234 2103 303 2183 ejus
332 2102 527 2167 sublimitati
553 2104 712 2186 mysterii,
743 2102 1125 2186 quodannuntiabatur,
1156 2101 1296 2169 adscribit

233 2202 358 2267 dicens:
388 2203 560 2284 ,Quamvis
581 2210 673 2268 motu
694 2203 823 2282 blando,
846 2203 967 2269 affectu
988 2203 1042 2286 pio
1063 2203 1227 2286 Virginem
1245 2198 1296 2264 sibi

233 2301 266 2364 in
286 2307 432 2380 matrem,
451 2301 672 2386 famulamque
695 2303 758 2368 sibi
777 2309 921 2367 verteret
941 2304 975 2366 in
990 2302 1172 2380 Parentem‚
1190 2302 1295 2365 viscera

233 2406 343 2463 tamen
365 2401 433 2483 ejus
455 2403 589 2467 turbata
611 2410 694 2480 sunt,
714 2402 785 2485 ipsa
807 2424 935 2486 quoque
956 2401 1151 2466 tremefacta
1171 2400 1295 2465 humana

234 2497 392 2576 conditio,
424 2521 523 2582 quum
552 2502 620 2584 ejus
643 2502 793 2566 conditor
815 2502 918 2579 Deus,
949 2521 1046 2584 quem
1067 2505 1140 2564 tota
1161 2503 1294 2564 creatura
1349 2502 1353 2582 ζ

232 2618 298 2660 non
319 2598 416 2680 capit,
433 2606 540 2664 totum
560 2602 649 2665 intra
669 2607 783 2684 pectus
799 2600 941 2683 Virginis
960 2621 994 2663 se
1016 2599 1157 2680 recepit3
1178 2619 1247 2661 nam
1264 2599 1294 2658 ut
1351 2603 1352 2672 y

233 2695 393 2777 Angelum
414 2697 504 2776 vidit,
523 2721 613 2764 mens
636 2700 705 2783 ejus
728 2699 932 2777 contremuit,
952 2720 1053 2781 quum
1074 2699 1144 2780 ejus
1165 2697 1294 2779 ingressu
1351 2699 1352 2724 ³

234 2793 377 2859 Deitatis
409 2797 510 2861 sensit
547 2799 757 2881 ingressum.“
810 2799 853 2862 At
885 2798 965 2862 haec
1000 2796 1165 2860 sententia
1195 2811 1292 2877 parum

232 2891 356 2975 placet3
396 2895 578 2961 sublimitas
616 2899 701 2961 enim
737 2896 882 2980 mysterii
919 2895 1168 2959 admirationem
1200 2890 1293 2975 potius

232 2992 448 3074 produxisset,
472 3017 569 3078 quam
591 2997 741 3061 timorem
761 3001 955 3078 tantumque
977 2994 1083 3071 abest,
1111 2999 1149 3057 nt
1170 2988 1292 3073 Angelus

234 3111 307 3154 eum
329 3091 538 3172 diminuerit,
569 3103 607 3160 ut
632 3096 741 3179 potius
770 3095 900 3159 auxerit
927 3093 1080 3158 dicendo:
1115 3090 1291 3174 ,Spiritus

234 3191 404 3256 Sanctus
441 3195 699 3276 superveniet
729 3194 769 3258 in
801 3199 840 3258 te
879 3199 918 3256 et
949 3193 1078 3256 virtus
1110 3179 1292 3254 Altissimi

234 3290 489 3356 obumbrabit
518 3293 625 3356 tibi.“
1188 3291 1191 3298 ’

296 3397 326 3472 β.
359 3392 499 3472 ,Similis
522 3392 691 3470 salutatio,
713 3391 821 3474 inquit
850 3390 879 3454 d.
903 3388 1192 3472 Augustinus4)
1218 3381 1291 3449 nula

232 3490 395 3554 invenitur
423 3491 456 3553 in
485 3491 584 3556 sacris
612 3491 747 3555 literis.“
791 3491 896 3567 Quum
928 3506 1003 3571 ergo
1033 3510 1052 3552 a
1081 3488 1222 3569 virginea
1245 3482 1291 3544 hu-

232 3589 371 3652 militate
401 3590 504 3654 omnis
535 3589 691 3653 exaltatio
724 3595 810 3653 esset
839 3587 961 3665 aliena,
987 3586 1175 3670 ¹prudenter
1201 3597 1290 3648 secun

232 3687 375 3769 cogitare
396 3689 518 3769 potuit,
548 3709 590 3751 an
616 3709 681 3752 non
708 3687 846 3752 illusio
877 3686 1079 3750 diabolica
1107 3685 1205 3750 tantis
1231 3677 1290 3744 sub

299 3919 318 3984 ¹)
341 3918 427 3971 Serm.
451 3923 505 3974 140.
547 3918 825 3987 ²)Lib.11,cp.2.
867 3919 1076 3984 ⁸)Serm.140.
1118 3917 1140 3983 ⁴)
1157 3915 1195 3968 De
1215 3907 1283 3966 aar

232 4000 344 4054 Domini
362 4019 443 4055 serm.
462 4006 500 4055 17.
