2730 4564
727 329 786 391 152

276 491 350 558 Non
379 513 454 575 ergo
477 491 612 575 ponitur
640 490 681 556 ab
703 490 912 574 Evangelista
932 491 1096 575 particula
1124 492 1292 575 ,donec“

216 593 280 658 nisi
301 592 344 657 ad
365 590 546 656 tollendum
567 589 718 670 dubium3
741 589 818 673 quia
839 589 1071 656 dubitabamus
1093 591 1199 656 solum
1219 613 1295 656 num

217 693 326 758 Maria
349 691 451 757 fuerit
479 689 609 773 cognita
640 710 660 753 a
690 711 716 754 s.
745 689 868 772 loseph
899 697 976 755 ante
1004 689 1126 756 Christi
1157 697 1294 774 partum,

218 813 318 876 quum
339 789 509 872 conceptio
532 787 729 852 naturaliter
749 809 814 852 non
833 787 907 867 fiat,
938 789 1017 872 quin
1039 811 1149 854 semen
1171 811 1296 872 suscep-

217 899 289 956 tum
318 890 370 955 sit.
412 888 545 960 Postea,
560 909 635 953 vero
664 883 729 952 non
758 887 873 952 aderat
899 887 968 952 ulla
997 887 1170 952 dubitandi
1190 909 1294 964 causa,

219 1011 319 1073 quum
356 988 388 1052 b.
420 987 518 1070 Virgo
554 993 670 1070 postea
707 1008 767 1051 nec
807 988 992 1069 conceperit
1028 1010 1089 1053 neo
1123 987 1295 1071 pepererit.

219 1090 372 1152 Asserere
386 1107 476 1169 crgo:
494 1108 537 1168 ,a
549 1084 672 1169 loseph
684 1106 749 1149 non
763 1085 911 1168 cognovit
924 1085 954 1149 b.
967 1086 1141 1169 Virginem,
1156 1086 1295 1168 ,donec“

219 1188 348 1271 peperit
365 1185 480 1266 filium,
497 1192 548 1251 est
565 1206 719 1264 asserere,
739 1207 906 1268 nunquam
924 1207 996 1250 eam
1015 1186 1172 1269 cognovit.
1206 1185 1298 1249 Hunc

220 1286 436 1351 certissimum
458 1307 527 1350 esse
549 1292 659 1350 textus
681 1285 857 1368 praecitati
878 1307 1021 1366 sensum,
1045 1307 1155 1351 omnes
1178 1308 1219 1350 ss
1241 1285 1298 1349 Pa·

220 1394 333 1456 trees.
356 1384 516 1450 Matthaei
538 1384 750 1467 Evangelium
772 1390 971 1467 exponentes
985 1387 1009 1468 ¹)
1032 1385 1210 1449 declarant.

283 1507 443 1586 Quidnam
456 1506 617 1591 significat
627 1507 698 1572 looo
713 1508 814 1572 citato
828 1508 986 1572 terminus
1000 1507 1298 1590 „cognoscere?“
1358 1499 1359 1504 ’

281 1631 353 1695 Non
385 1630 504 1696 desunt
534 1631 665 1709 Patres,
699 1631 756 1713 qui
787 1630 848 1694 hoc
880 1629 1015 1694 verbum
1046 1630 1086 1695 de
1119 1632 1299 1715 cognitione

173 1739 176 1744 '
221 1717 480 1813 interpretentur
498 1729 783 1794 intellectuali.
817 1727 921 1811 ,Vere
937 1750 1003 1794 non
1021 1731 1169 1812 cognovit
1181 1730 1300 1814 Joseph

221 1829 387 1912 Virginem
415 1829 533 1895 antei.
557 1849 583 1892 e.
607 1849 673 1892 non
699 1829 864 1911 cognovit,
895 1829 955 1893 ait,
972 1827 1133 1893 Author
1162 1829 1300 1913 operis

222 1929 474 2023 imperfecti,
485 1929 510 2013 2)
545 1928 636 2011 cujus
667 1927 778 1992 fuerat
810 1927 1000 2011 dignitatis,¹
1028 1949 1111 2013 quae
1144 1928 1301 2012 unigeniti

108 2081 110 2086 .
224 2028 286 2092 Dei
318 2027 407 2092 facta
437 2027 547 2092 fuerat
578 2027 694 2091 Mater.
749 2026 813 2092 Sed
843 2033 1019 2110 postquam
1049 2028 1192 2110 peperit,
1225 2035 1300 2091 tunc

223 2127 372 2210 cognovit
404 2148 489 2206 eam,
524 2125 600 2209 quia
632 2125 809 2208 speciosior
841 2132 874 2190 et
906 2125 1034 2208 dignior
1064 2125 1154 2190 facta
1185 2126 1300 2204 fuerat,

223 2248 322 2309 quam
349 2232 439 2290 totus
467 2223 616 2288 mundus,
664 2223 748 2289 Nam
775 2245 872 2306 quem
900 2230 989 2289 totus
1019 2225 1158 2290 mundus
1188 2246 1301 2308 capere

223 2345 288 2388 non
309 2329 455 2406 poterat,
478 2344 538 2387 nec
560 2323 748 2387 merebatur
768 2323 930 2405 accipere,
962 2323 1055 2406 quasi
1076 2323 1110 2387 in
1132 2330 1302 2408 angustum

224 2423 311 2488 uteri
340 2423 391 2487 sui
419 2421 605 2487 cubiculum
631 2422 702 2487 sola
730 2423 881 2505 suscepit.
924 2421 1017 2488 Vidit
1038 2423 1206 2506 Virginem
1232 2444 1301 2506 per-

95 2599 97 2602 ,
224 2543 355 2588 manere
376 2528 451 2604 post
471 2528 611 2604 partum,
634 2520 717 2586 vidit
736 2521 927 2604 mysterium
948 2522 1071 2602 stellae,
1094 2523 1176 2589 vidit
1194 2521 1301 2606 Magos

224 2621 407 2700 adorantes,
426 2619 734 2685 audivit‘sermones
757 2620 899 2684 corum.“
941 2620 1088 2685 Eandem
1110 2621 1302 2694 sententiam

224 2727 316 2786 tenet
351 2743 374 2784 s.
411 2718 674 2802 Epiphanius
709 2720 759 2783 ita
791 2718 990 2802 scribens:⁸)
1030 2719 1123 2802 „Non
1158 2719 1302 2804 cognovit

131 2879 134 2884 i
224 2822 343 2904 ipsam,
367 2819 469 2884 donec
490 2819 573 2884 vidit
593 2819 801 2898 miraculum3
828 2841 894 2883 non
915 2819 1065 2902 cognovit
1086 2819 1189 2901 ipsius
1210 2820 1301 2883 mira-

226 2920 344 2999 culum,
363 2919 465 2984 donec
483 2918 564 2983 vidit
582 2917 727 3000 genitum
749 2939 789 2981 ex
807 2918 886 3000 ipsa.
920 2917 1056 2995 Quando
1075 2939 1150 2982 vero
1169 2917 1301 3002 peperit,

227 3020 377 3104 cognovit
406 3019 467 3083 Dei
497 3018 668 3096 honorem,
706 3017 793 3100 quod
825 3017 962 3082 scilicet
982 3017 1053 3100 ipsa
1085 3022 1186 3095 esset,
1223 3034 1301 3099 quae

226 3119 387 3184 audisset:
417 3117 517 3199 „Ave
543 3116 681 3200 gratia
707 3117 838 3199 plena,
868 3117 1065 3182 Dominus
1092 3116 1259 3181 tecumf‘

289 3233 355 3298 Alii
375 3233 490 3298 Patres
518 3231 707 3316 intelligunt
733 3232 833 3297 verba
854 3255 950 3315 ,non
979 3232 1174 3316 cognovit
1202 3228 1301 3296 eam“

227 3334 268 3399 de
300 3332 459 3398 notitia
490 3332 613 3397 visus.
664 3331 846 3414 &loseph
877 3354 943 3397 non
970 3333 1080 3415 potuit
1111 3330 1221 3395 videre
1250 3329 1303 3393 be·

227 3432 407 3498 atissimam
428 3431 594 3514 Virginem
620 3429 705 3494 facie
734 3429 777 3494 ad
802 3429 920 3495 faciem
941 3438 1077 3514 propter
1102 3429 1212 3495 vultus
1238 3428 1302 3511 ejus

178 3591 180 3597 ,
228 3530 442 3615 splendorem.
496 3530 615 3614 Moysis
654 3550 728 3593 oum
760 3529 829 3594 Deo
870 3530 1085 3614 colloquentis
1122 3529 1224 3594 facies
1260 3528 1303 3592 ita

230 3636 280 3696 est
306 3628 500 3714 glorificata,
530 3636 568 3694 ut
594 3627 654 3692 filii
675 3628 778 3693 lsrael
804 3629 838 3692 in
865 3650 937 3694 eam
963 3629 1133 3694 intendere
1159 3650 1225 3694 nou
1250 3647 1303 3710 po-

233 3797 428 3808 —nu———u--o-

229 3894 394 4032 inglcp.
413 3894 494 3964 Greg.
513 3893 578 3950 Nea.
596 3896 665 3949 orat.
682 3896 723 3950 36.
764 3895 786 3957 Ξ)
808 3892 897 3964 Super
913 3892 935 3960 l,
953 3909 996 3964 ep.
1014 3891 1112 3948 Matth.
1155 3893 1176 3961 8)
1197 3893 1302 3947 naeres.

349 3980 358 4028 l
377 4018 383 4032 .
936 4016 937 4020 ,
