2728 4560
552 365 611 425 205

58 549 139 608 quea
149 529 173 611 ¹)
196 528 320 592 dicens:
344 525 522 608 ,Solemnit
508 531 559 589 tas
581 525 648 589 voti
671 523 842 607 imperfect
828 525 966 592 tioribus
985 515 1122 594 homini·

56 625 175 704 bus,t
143 634 175 691 et
196 627 254 710 qui
278 626 320 690 ad
341 623 576 707 perfectionem
598 623 800 687 contendunt
809 626 940 736 ,magis
961 628 1120 693 convenit.

58 723 173 800 Quum'
166 727 225 808 rgit
227 747 267 789 ur
211 725 318 790 t.b
336 723 434 833 Virgo
453 721 580 786 fuerit
572 743 605 785 m
622 727 689 786 stat
689 744 712 785 u
727 720 973 804 perfectissimo,
990 726 1139 791 minime

57 824 263 903 conveniebat,
283 829 321 887 ut
340 821 388 886 alt
374 821 476 886 terius
494 819 701 885 obedientiae
719 841 778 904 per
796 820 1030 903 professionem
1049 826 1124 890 sub·

57 921 175 988 deretur
202 944 241 986 ac
262 920 399 1004 proinde
420 940 526 1002 neque
555 925 593 984 ut
614 918 840 985 solemniter
831 940 865 983 1n
891 922 1047 1004 religione
1069 946 1124 988 vo·

56 1029 140 1086 reret.
184 1021 293 1099 Adde,
318 1019 405 1102 quod
425 1018 478 1083 hic
499 1018 615 1082 modus
637 1018 773 1082 vovendi
792 1040 858 1082 non
879 1020 948 1084 sine
972 1043 1070 1086 causa
1089 1022 1124 1086 in

57 1126 168 1204 tempus
196 1127 273 1204 post
301 1117 424 1184 Christi
451 1117 635 1200 passionem
663 1122 846 1181 reservatus
875 1117 952 1197 fuit,
987 1127 1020 1184 et
1048 1120 1121 1185 ideo

56 1241 109 1283 non
136 1219 324 1304 oportebat,
356 1223 393 1281 ut
422 1238 460 1281 eo
489 1216 520 1281 b.
551 1216 657 1280 Maria
685 1222 882 1280 mereretur:
915 1239 1021 1301 neque
1050 1241 1123 1302 per-

56 1317 174 1385 fectioni
201 1319 313 1384 meriti
340 1317 442 1400 ipsius
463 1316 526 1380 hoc
554 1315 679 1398 aliquid
701 1315 876 1397 derogavit.
919 1316 963 1381 Et
992 1318 1123 1401 quidem

56 1417 79 1480 si
96 1427 199 1485 votum
221 1421 328 1501 ipsum
349 1417 437 1481 intra
457 1421 610 1480 naturam
632 1414 701 1478 voti
722 1413 954 1495 consideretur,
978 1418 1123 1500 ejusdem

56 1519 177 1583 rationis
200 1525 234 1583 et
255 1517 377 1600 speciei
398 1515 527 1580 omnino
551 1521 616 1593 est,
646 1515 712 1578 sive
730 1514 785 1578 sit
805 1515 956 1598 simplex,
985 1518 1050 1584 sive
1072 1539 1123 1582 so·

57 1614 163 1682 lemne:
193 1638 295 1701 quare
317 1617 352 1680 in
372 1615 403 1680 b.
426 1615 558 1698 Virgine
579 1621 716 1698 propter
737 1613 948 1678 intensiorem
970 1613 1124 1681 affectum

57 1715 114 1780 sine
129 1716 224 1780 dubio
241 1715 373 1799 majoris
389 1714 499 1778 meriti
513 1713 585 1779 fuit.
616 1713 798 1790 Caeterum,
816 1713 893 1795 quia
906 1713 940 1776 in
954 1711 1122 1796 religiosis,
1182 1707 1183 1711 ¹

59 1815 106 1894 qui
125 1800 299 1879 solenniter
320 1811 524 1896 profitentur,
548 1810 643 1876 simul
664 1833 738 1875 cum
759 1817 834 1876 roto
857 1818 891 1876 et
910 1813 1124 1894 promissione

59 1910 116 1977 Deo
145 1913 248 1991 facta,
286 1911 431 1977 traditur
462 1911 558 1975 homo
591 1910 811 1992 jurisdictioni
847 1917 880 1974 et
915 1911 1123 1976 obedientiae

58 2012 232 2094 praepositi,
264 2032 304 2076 ex
324 2010 386 2075 hac
407 2016 501 2093 parte
531 2015 581 2074 est
608 2009 712 2092 majus
741 2008 894 2074 meritum
921 2010 955 2073 in
977 2011 1121 2090 solemni,

59 2129 143 2189 quam
172 2112 205 2175 in
237 2111 392 2194 simplici,
426 2111 454 2174 si
485 2115 616 2174 caetera
642 2109 735 2191 paria
763 2114 853 2173 sunt:
886 2130 1012 2190 verum,
1046 2112 1124 2194 quia

59 2204 102 2272 hic
129 2210 239 2274 modus
278 2231 343 2274 non
379 2208 444 2273 fuit
480 2207 673 2272 conveniens
705 2207 808 2272 statui
843 2206 874 2270 b.
907 2208 1046 2288 Mariae,
1084 2216 1124 2274 ut

60 2303 245 2387 dicebamus,
289 2315 323 2373 et
363 2307 494 2372 aliunde
532 2306 680 2389 pluribus
722 2305 795 2370 aliis
834 2305 927 2371 bonis
952 2308 1122 2390 operibus

59 2407 169 2489 egregie
189 2408 278 2491 apud
300 2409 405 2472 Deum
424 2406 602 2490 promerita
623 2405 695 2484 fuit,
718 2405 791 2469 ideo
815 2412 927 2470 votum
948 2407 1035 2472 illius
1057 2429 1122 2473 non

59 2499 143 2568 luisse
163 2507 319 2584 solemne,
349 2506 430 2570 nihil
452 2505 577 2609 meritis
598 2504 686 2568 illius
717 2503 891 2585 derogavit
898 2505 914 2538 “
956 2505 1042 2572 Hact
1028 2513 1122 2572 tenus

59 2599 195 2686 Vasquez.

62 2752 238 2766 k—

114 2834 131 2902 ¹)
147 2836 177 2890 In
195 2837 243 2904 lll,
261 2855 287 2906 p.
305 2841 371 2892 tom.
389 2836 426 2902 ll,
444 2837 515 2906 disp.
533 2835 655 2903 cxxlv,
674 2853 699 2906 q.
719 2835 845 2902 xxvnl,
864 2853 887 2890 o.
904 2839 928 2891 3.
945 2853 973 2892 n.
989 2839 1029 2892 94.
1061 2911 1064 2917 Ι
