2808 4556
762 369 822 430 608

308 556 338 592 a.
368 525 472 590 Maria
491 525 655 608 Cleophae
673 527 786 591 Annae
805 526 874 590 filia
892 547 962 591 esse
984 548 1050 591 non
1067 527 1187 610 potuit.
1222 528 1335 594 Simon

245 627 331 690 euim
352 625 449 708 hujus
469 624 558 689 filius
580 624 706 690 decimo
727 625 860 709 Trajaui
881 646 966 690 anno
988 633 1134 692 testante
1154 627 1300 692 Eusebio
1311 629 1335 710 ¹)

117 755 121 764 ·
245 724 439 807 martyrium
470 723 572 788 subiit
605 730 639 788 et
667 724 800 807 quidem
831 728 890 789 120
918 746 1021 790 annos
1052 732 1159 791 natus.
1170 728 1197 808 ²)
1248 727 1334 809 Ergo

245 824 358 889 decem
384 844 486 887 annos
513 822 781 888 antechristum
808 830 906 888 natus
934 830 992 889 est
1035 824 1110 889 Jam
1133 846 1210 890 vero
1234 847 1334 909 quum

245 923 435 988 beatissima
450 921 550 1004 Virgo
567 927 605 986 14
622 942 724 986 annos
745 929 824 987 nata
841 922 1008 989 Christum
1028 923 1181 1006 genuerit
1203 931 1239 989 et
1260 931 1336 1007 post

245 1043 318 1086 earn
349 1028 428 1087 nata
450 1020 562 1085 tuerit
593 1021 698 1086 Maria
730 1021 909 1105 Cleophae,
943 1042 1020 1103 ergo
1052 1023 1221 1105 genuisset
1253 1023 1335 1088 haee

246 1121 424 1198 Simonem,
447 1125 486 1183 ut
506 1119 684 1198 minimum,
708 1127 851 1203 quatuor
872 1126 931 1184 aut
952 1120 1096 1204 quinque
1118 1142 1223 1186 annos
1245 1129 1335 1186 nata.

245 1219 316 1296 Quo
338 1219 420 1283 nihil
440 1239 519 1284 sane
541 1219 725 1284 absurdius.

306 1325 336 1400 β.
371 1318 499 1383 Salonie
531 1339 597 1382 non
629 1318 705 1396 uiri,
739 1317 796 1383 sed
825 1318 971 1382 mulieris
1003 1339 1122 1382 nomen
1155 1325 1215 1384 est.
1267 1318 1338 1383 Neo

244 1425 378 1500 poterat
396 1438 466 1482 esse
483 1423 581 1499 pater
597 1417 713 1482 Jacobi
732 1417 864 1500 majoris
883 1424 917 1482 et
933 1417 1069 1482 Joannis
1088 1417 1337 1500 Evangelistae;

245 1523 341 1598 pater
363 1516 449 1580 enim
471 1536 583 1579 eorum
605 1521 678 1580 erat
693 1514 882 1580 Zebedaeus
904 1522 939 1580 et
960 1522 1066 1580 mater
1088 1515 1228 1581 Saiome.
1273 1516 1339 1580 De-

245 1614 322 1679 inde
351 1636 416 1679 non
445 1620 496 1678 est
517 1620 633 1678 vocata
653 1614 760 1678 Maria
781 1613 925 1692 Salome,
956 1613 1014 1679 sed
1036 1612 1166 1680 Salome
1188 1621 1338 1679 tanturn-

245 1712 351 1778 modo.
388 1713 418 1778 S.
431 1711 621 1776 Matthaeus
639 1712 773 1777 habeta
797 1713 927 1794 „luter
949 1734 1046 1796 quas
1068 1713 1239 1795 (mulieres
1256 1715 1338 1780 Jesu

246 1810 483 1893 ministrantes)
514 1817 602 1875 erat
628 1811 754 1876 Maria
781 1811 1030 1894 Magdalene,
1059 1818 1099 1876 et
1120 1812 1250 1877 Maria
1276 1814 1339 1878 Ja-

246 1910 336 1974 cobi
364 1917 403 1974 et
430 1908 579 1990 Joseph
609 1916 748 1987 mater,
784 1916 823 1974 et
851 1916 978 1974 mater
1006 1909 1190 1974 filiorum
1219 1911 1339 1976 Zebe-

246 2010 365 2074 daei.“
410 2009 440 2074 S.
462 2009 593 2072 Marcus
615 2009 778 2091 scribit⁴):
812 2010 945 2091 „Inter
973 2031 1069 2092 quas
1097 2017 1186 2074 erat
1208 2011 1338 2076 Maria

246 2107 480 2191 Magdalene
514 2113 552 2172 et
582 2106 708 2172 Maria
739 2108 881 2173 Jacobi
912 2107 1077 2172 minoris
1114 2116 1153 2173 et
1184 2110 1338 2192 Joseph

246 2215 386 2288 mater,
418 2214 458 2273 et
488 2207 672 2273 Salome.“
722 2207 751 2272 S.
777 2206 907 2271 Marcus
934 2227 1010 2290 ergo
1035 2228 1094 2289 pro
1119 2215 1227 2272 matre
1252 2208 1338 2274 filio-

245 2329 319 2372 rum
339 2307 501 2372 Zebedaei
529 2306 641 2388 posuit
663 2305 792 2370 Salome
824 2304 939 2369 eodem
967 2327 1101 2388 prorsus
1123 2305 1196 2370 loeo
1219 2313 1254 2371 et
1285 2329 1337 2371 or-

246 2407 322 2471 dine
344 2428 417 2470 eum
440 2405 583 2488 reliquis.
629 2404 758 2469 Salome
786 2404 1039 2482 nominativum,
1069 2425 1133 2468 non
1154 2406 1337 2487 genitivum

247 2527 333 2583 esse,
372 2505 445 2569 luce
480 2504 600 2569 elarius
632 2510 727 2586 patet
762 2525 802 2567 ex
833 2510 929 2568 textu
961 2523 1087 2586 graeco.
1141 2503 1215 2569 Non
1248 2507 1336 2570 enim

246 2604 293 2667 ibi
325 2604 446 2668 dicitur
478 2610 540 2669 τοῦ
565 2609 722 2687 Σαλωμη,
756 2602 841 2667 siout
873 2609 933 2668 τοῦ
954 2610 1123 2686 Iasonidae,
1157 2605 1216 2669 sed
1246 2605 1335 2670 nude

248 2709 404 2787 Σαλωμη.
456 2703 593 2769 Omnino
623 2726 698 2769 vero
730 2705 839 2784 ,‚zoo“
868 2704 1110 2787 adjungendum
1137 2704 1273 2784 fuisset,
1307 2707 1335 2769 si

245 2803 407 2886 genitivus
437 2809 537 2881 esset,
568 2804 764 2885 praesertim
792 2825 893 2886 quum
911 2804 979 2885 jam
1007 2825 1069 2868 vox
1096 2832 1218 2888 μητηρ,
1248 2826 1334 2888 quae

245 2901 289 2966 ad
313 2900 442 2966 Salome
463 2899 581 2965 referri
602 2923 668 2966 non
690 2908 810 2984 potest,
832 2901 1118 2985 intercessisset.⁵)

309 2998 451 3064 Matrem
488 2998 631 3064 filiorum
666 3000 828 3065 Zebedaei
865 2998 1017 3065 Salomon
1055 2999 1173 3081 fuisse,
1215 3003 1333 3068 docent

245 3097 333 3163 inter
360 3098 443 3163 alios
471 3098 600 3163 Author
633 3099 741 3182 operis
776 3097 961 3180 imperfecti
973 3101 998 3179 6)
1031 3106 1066 3164 et
1093 3100 1189 3183 Hngo
1221 3101 1334 3166 Cardi-

246 3198 374 3280 nalisi)
425 3199 533 3276 Quare
561 3199 776 3263 Jauseuius
808 3199 840 3261 in
874 3204 968 3262 textu
1000 3199 1112 3280 posuit
1143 3205 1199 3280 „et
1227 3207 1332 3264 mater

244 3296 386 3362 filiorum
407 3297 568 3362 Zebedaei
590 3297 749 3364 Salome.“
791 3297 917 3362 Ultima
938 3299 1166 3362 commentarii
1187 3299 1330 3382 ejusdem

245 3399 345 3463 verba
362 3399 412 3464 ita
429 3406 560 3464 sonant:
584 3399 705 3480 „Porro
725 3398 812 3481 quod
829 3419 869 3462 ea
886 3397 1012 3476 mulier,
1030 3418 1129 3480 quam
1144 3397 1331 3463 Matthaeus

245 3503 341 3560 vocat
370 3503 555 3578 „matrem
583 3496 767 3561 filiorum
795 3496 1029 3574 Zebedaei‚“
1058 3496 1130 3578 ipsa
1151 3497 1204 3574 sit,
1235 3515 1329 3579 quam

245 3595 375 3659 Marsus
404 3600 499 3658 vocat
527 3594 725 3675 „Salome“
754 3600 922 3659 ostensum
950 3601 1002 3660 est
1030 3616 1079 3676 ep.
1112 3600 1171 3659 104
1200 3613 1330 3660 eonsen-

313 3839 333 3905 1)
357 3837 391 3893 In
416 3837 561 3894 Chronico.
602 3840 626 3906 ²)
650 3839 722 3895 Hist
747 3839 816 3895 ecel.
840 3839 891 3895 lib.
915 3843 932 3893 3
956 3857 1000 3909 ep.
1025 3842 1058 3893 10
1115 3842 1137 3906 ³)
1161 3838 1264 3904 xxvii,
1286 3839 1329 3892 56.

244 3921 267 3988 ⁴)
285 3921 343 3985 XV,
361 3923 402 3975 40.
442 3919 465 3984 ὅ)
482 3919 538 3975 Cfr.
554 3920 629 3976 Estii
647 3925 751 3976 Annot.
768 3921 805 3976 ad
822 3938 867 3991 ep.
883 3921 938 3987 XV,
962 3923 995 3976 41
1013 3921 1102 3976 Maro.
1143 3922 1165 3989 8)
1183 3922 1216 3977 In
1233 3917 1328 3976 naoth

244 4001 320 4057 hom.
336 4004 369 4056 35
386 4002 423 4056 ad
440 4017 483 4070 op.
501 4001 551 4070 XX,
569 4003 671 4060 Mutth.
704 4003 724 4069 ⁷)
743 4004 788 4058 Ad
804 4021 866 4073 esp.
883 4004 934 4068 XX.
953 4003 1053 4059 Matth.
