2730 4564
559 372 596 429 97

50 533 144 616 inquit
177 531 342 611 Arias‚¹)
376 536 446 594 tam
476 530 512 594 in
543 530 712 614 religione,
747 554 845 615 quam
872 541 972 604 extra
1003 557 1120 620 magna

50 633 180 715 puritate
199 635 394 713 perpetuam
411 649 539 694 servare
559 630 754 708 castitatem
772 638 883 697 tamen
901 633 935 698 in
953 635 1120 717 primitiva

51 731 172 795 ecclesia
213 736 247 794 et
281 727 436 818 trecentis
476 727 761 810 quadringentisve
794 736 869 812 post
907 753 979 796 eam
1015 735 1117 812 annis,

50 828 164 912 quando
206 827 329 892 Christi
369 827 549 909 matrisque
591 827 662 909 ejus
703 827 895 894 benedictae
937 832 1119 914 exemplum

49 937 108 994 crat
134 928 300 992 recentius
331 927 537 1009 vivaciorque
570 928 725 992 memoria
757 949 795 992 ac
827 929 912 992 sacri
943 929 1119 996 Salvatoris
1216 945 1219 954 ’

49 1029 165 1111 sanguis
187 1027 296 1092 adhuc
316 1024 466 1089 fervebat
487 1025 521 1088 in
542 1023 689 1089 fidelium
706 1025 902 1108 pectoribus,
916 1033 994 1092 tunc
1015 1030 1119 1094 multo

49 1127 132 1191 latius
164 1127 247 1191 haec
279 1123 508 1207 pulcherrimav
529 1123 632 1188 virtus
670 1124 904 1204 efflorescebat;
941 1148 1001 1191 nec
1033 1129 1118 1193 enim

47 1247 186 1291 numerus
217 1224 295 1288 iniri
322 1229 454 1306 poterat
482 1222 663 1301 hominum,
697 1224 754 1306 qui
786 1231 856 1289 toto
889 1225 967 1291 orbe
999 1227 1041 1292 ab
1070 1229 1118 1292 in-

47 1333 130 1390 eunte
167 1332 282 1390 aetate
319 1343 422 1405 usque
462 1322 505 1386 ad
542 1329 679 1387 mortem
712 1330 905 1405 perpetuam
942 1325 1119 1392 coluissent

47 1424 236 1501 castitatem,
266 1422 433 1486 imitantes
460 1422 494 1486 in
521 1428 610 1486 terra
636 1423 816 1505 puritatem
841 1424 996 1490 coelitum
1024 1433 1058 1492 et
1084 1428 1118 1492 in

46 1545 128 1588 carne
150 1522 287 1588 mortali
306 1522 408 1586 vitam
428 1527 562 1604 agentes
585 1522 776 1604 angelorum
796 1523 1059 1590 immortalium.“

97 1622 277 1687 Audiamus
303 1622 492 1686 testimonia
523 1628 711 1688 sanctorum
738 1621 874 1686 Patrum
900 1622 962 1687 hoc
990 1632 1117 1707 specta·

46 1721 145 1784 culum·
168 1720 315 1804 propriis
345 1720 575 1803 aspicientium
601 1720 713 1785 oculis.
762 1721 818 1801 ,si
845 1721 880 1784 in
908 1722 1118 1788 solitudinem

45 1819 170 1903 Aegypti
192 1827 229 1884 te
253 1818 413 1898 conferas,
441 1827 555 1884 narrat
576 1820 606 1884 d.
630 1819 942 1902 chrysostomus,
951 1822 977 1904 ²)
1003 1823 1117 1906 depre-

45 1917 151 1984 hendes
183 1924 294 1984 totam
325 1919 489 2000 regionem
522 1918 613 1982 illam
644 1940 832 1984 conversam
864 1921 898 1984 in
929 1922 1117 2004 paradisum

44 2019 217 2083 coelestem.
262 2015 414 2082 Offendes
443 2017 530 2081 enim
555 2017 743 2082 innumeros
769 2025 881 2084 coetus
904 2022 1117 2102 praestantis-

45 2117 185 2182 simorum
219 2116 363 2180 virorum
395 2117 497 2181 vitam
533 2117 712 2199 angelicam
749 2117 783 2181 in
815 2139 950 2200 corpore
985 2120 1118 2184 mortali

45 2217 207 2297 agentium.
252 2213 315 2279 Per
335 2220 441 2280 totam
467 2215 666 2298 provinciam
689 2214 799 2280 videre
820 2217 898 2282 licet
919 2217 1012 2300 quasi
1033 2218 1116 2284 inte-

45 2336 123 2396 grum
143 2315 290 2380 militum
312 2313 434 2379 Christi
460 2315 653 2393 exercitum,
681 2316 871 2398 regiumque
900 2322 935 2380 et
954 2316 1116 2382 admiran-
1147 2339 1149 2344 ·

45 2414 108 2478 dum
134 2435 271 2498 gregem
297 2413 469 2478 humilium
497 2413 620 2491 ovium,
651 2435 734 2496 qnae
762 2414 797 2477 in
824 2421 914 2478 terra
942 2415 1116 2481 imitantur

44 2513 128 2578 vitam
153 2513 334 2580 coelestem
360 2513 458 2596 idque
479 2535 546 2577 non
573 2512 677 2578 solum
699 2513 733 2576 in
754 2512 906 2595 urbibus,
934 2513 1115 2578 sedetiam

44 2611 70 2675 in
92 2614 168 2679 locis
198 2613 348 2678 desertis.
397 2612 523 2676 Deinde
549 2634 615 2677 non
641 2612 728 2677 viros
754 2618 896 2690 tantum,
930 2613 987 2678 sed
1014 2615 1114 2678 etiam

44 2713 170 2778 eminere
198 2712 338 2778 feminas
364 2711 425 2777 hac
451 2712 573 2778 virtute
600 2711 789 2794 conspicias.
832 2710 916 2775 Nam
937 2711 1013 2776 illae
1036 2734 1114 2795 quo·

44 2833 94 2893 que
113 2835 178 2878 non
197 2811 326 2890 minori,
344 2831 444 2893 quam
464 2811 526 2874 viri
544 2810 664 2875 virtute
686 2810 897 2875 decorantur:
920 2831 985 2876 non
1002 2809 1113 2893 clypeo

44 2919 161 2995 arrepto
183 2914 220 2977 in
242 2933 363 2995 equum
386 2910 510 2976 insilire
533 2909 703 2988 callenteS,
727 2915 765 2974 ut
786 2909 1017 2991 sapientissimi
1038 2930 1114 2992 gen-

43 3008 135 3076 tilium
169 3012 292 3095 jubent
327 3010 491 3093 magistri,
528 3008 587 3074 sed
623 3009 726 3073 multo
765 3015 854 3074 certe
891 3007 1114 3073 vehementius

43 3106 149 3176 bellum
177 3111 362 3194 gerentes.“
405 3109 562 3192 „Respice
585 3109 722 3173 Domine
745 3107 869 3185 1111115ί
899 3106 1060 3172 exclamat
1088 3129 1111 3172 s.

44 3207 317 3292 augustinum)
348 3208 550 3285 describens,
581 3214 704 3290 quanta
733 3206 916 3290 cupiditate
943 3205 1114 3289 utriusque

43 3325 124 3374 sexus
151 3309 324 3391 omnisque
352 3308 473 3372 aetatis
500 3307 722 3390 virginitatem
752 3311 945 3389 perpetuam
972 3305 1114 3388 amplexi

43 3405 97 3471 sint
115 3407 245 3487 fideles,
276 3408 421 3490 ,respice
442 3407 572 3490 agmina
593 3406 769 3489 virginum,
792 3426 968 3488 puerorum
988 3404 1113 3488 puella-

42 3524 164 3591 rumque
199 3514 403 3573 sanctarum:
443 3507 478 3571 in
510 3505 647 3570 ecclesia
678 3511 737 3570 tua
773 3504 938 3570 eruditum
970 3510 1021 3569 est
1046 3505 1112 3596 'hoc

43 3623 143 3685 genus3
175 3606 244 3670 illic
274 3605 335 3670 tibi
362 3627 382 3669 a
410 3604 566 3671 maternis
595 3603 750 3669 uberibus
778 3603 966 3687 pullulavit,
995 3623 1114 3668 nomen

42 3705 122 3767 tuum
148 3705 192 3770 ad
214 3703 414 3786 loquendum
442 3704 588 3786 linguam
615 3702 725 3781 solvit,
756 3724 873 3768 nomen
903 3708 997 3767 tuum
1024 3702 1114 3768 velut

43 3850 225 3866 s-n-—-—·

97 3933 115 4001 ¹)
135 3935 175 3992 De
203 3933 364 3990 Imitatione
386 3932 417 3989 B.
439 3932 562 4002 Virginis
587 3949 650 4002 pag.
673 3935 729 3989 196.
771 3933 794 4000 ⁹)
820 3931 853 3986 In
876 3931 967 3988 Matth
999 3931 1114 3989 110118

43 4020 114 4081 1112.
145 4021 167 4086 ³)
186 4019 227 4074 De
244 4035 265 4073 a.
284 4017 416 4087 Virginit.
433 4033 476 4085 cp.
494 4019 535 4072 36.
915 4097 931 4150 7
