2728 4560
567 360 627 421 269

64 523 291 610 providentiam
319 521 523 603 comprobat,
554 527 625 586 tum
654 522 799 605 ejusdem
819 522 969 589 Numinis
999 524 1135 590 effusam

66 647 132 709 erga
156 645 214 688 nos
242 619 504 685 benevolentiam
532 621 635 703 magis
663 621 830 704 magisque
863 625 1069 690 commendat
1098 647 1136 690 ac

65 719 404 789 demum-christianis
436 719 552 784 animis
581 719 670 784 haud
699 719 865 802 vulgarem
896 723 1032 788 adducit
1063 745 1138 788 con-

65 825 255 891 solationem.
294 820 460 885 Potuisset
483 819 614 902 quidem
636 820 842 902 providentia
864 819 973 886 divina
988 822 1138 904 pluribus

66 925 128 990 aliis
167 922 272 988 modis
313 920 374 986 hoc
417 920 685 986 sublimissimum
726 921 906 1003 adimplere
946 924 1138 1005 mysterium

68 1023 192 1088 creando
218 1042 267 1103 vg.
292 1041 332 1084 ex
359 1018 461 1082 nihilo
490 1018 624 1082 humani
652 1019 779 1102 generis
803 1019 981 1086 Salvatoris
1010 1043 1136 1105 corpus,

67 1121 221 1186 formando
250 1118 334 1183 illud
362 1139 402 1182 ex
429 1117 567 1182 m'ateria
602 1117 824 1201 praejacente,
863 1119 913 1184 uti
941 1118 1140 1187 formaverat

67 1222 227 1298 Adamum‚
261 1218 313 1283 vel
341 1218 393 1282 via
425 1217 643 1300 generationis
676 1217 841 1282 ordinaria
874 1239 913 1282 ex
941 1218 1071 1284 homine
1105 1227 1139 1286 et

66 1320 182 1398 femina,
204 1319 255 1383 vel
278 1319 408 1383 demum
430 1337 469 1380 ex
490 1305 613 1380 femina
634 1316 748 1380 solum.
792 1316 854 1382 Hic
874 1317 999 1396 modus,
1021 1325 1138 1402 utpote

68 1417 383 1494 convenientissimus,
402 1421 452 1480 est
468 1414 681 1497 praeelectus.
713 1415 1044 1482 convenientissimus
1061 1440 1137 1484 vero

68 1518 183 1584 videtur
814 1525 820 1544 ¹

118 1619 140 1682 I.
179 1639 223 1682 ex
264 1620 389 1699 parte
420 1614 509 1695 Dei3
551 1615 676 1680 relucet
718 1615 804 1680 enim
845 1606 1062 1699 pulcherrime
1104 1623 1138 1682 et

69 1717 233 1782 clarissime
585 1709 588 1714 ’

120 1839 145 1883 a.
180 1814 357 1880 Bonitas.
410 1813 537 1878 Bonum
569 1814 609 1878 de
642 1835 676 1879 se
709 1821 743 1879 et
775 1836 814 1879 ex
846 1820 965 1878 natura
996 1836 1056 1880 sua
1087 1823 1139 1881 est

69 1914 358 1981 communicativum
386 1912 450 1991 sui,
480 1934 581 1996 quare
604 1913 673 1978 Deo
703 1935 827 1979 summe
854 1913 939 1978 bono
969 1915 1138 1979 convenie-

68 2015 128 2094 bat,
149 2022 185 2080 ut
206 2036 241 2080 se
263 2012 307 2078 ad
328 2018 434 2090 extra,
458 2019 618 2094 quantum
638 2011 710 2076 fieri
731 2013 849 2095 potuit,
873 2013 1135 2078 communicaret.

70 2114 122 2180 Sed
151 2114 192 2179 ad
218 2114 306 2177 hunc
337 2110 435 2176 finem
464 2111 727 2195 consequendum
754 2133 886 2176 necesse
919 2110 997 2189 fuit,
1032 2111 1137 2176 Deum

67 2218 205 2277 naturam
232 2212 408 2275 humanam
436 2231 496 2292 per
523 2211 677 2274 unionem
704 2210 943 2293 hypostaticam
972 2231 1137 2274 assumere

69 2317 97 2374 et
115 2313 241 2395 insuper
269 2331 381 2375 omnes
402 2309 484 2374 alios
511 2309 638 2388 modos,
668 2310 863 2392 praesertim
882 2309 1137 2406 perfectissimos

70 2409 221 2476 affinitatis
251 2415 286 2474 et
314 2409 515 2491 cognationis
544 2429 617 2473 cum
647 2409 804 2473 creaturis
837 2409 904 2473 suis
932 2407 1136 2473 contrahere.

67 2509 144 2574 Infra
176 2509 330 2575 unionem
365 2528 441 2572 vero
477 2507 717 2590 hypostaticam
752 2507 862 2572 nullus
899 2507 1138 2590 conjunctionis

69 2630 158 2674 nexus
188 2607 335 2672 intimior
365 2605 608 2689 perfectiorque
641 2607 831 2671 Creatorem
863 2607 951 2671 inter
982 2613 1016 2670 et
1048 2627 1137 2670 crea-

68 2713 163 2772 turam
183 2706 321 2790 cogitari
341 2711 460 2787 potest,
484 2705 582 2788 quam
604 2707 713 2771 divina
730 2693 963 2790 Maternitas.1)
1001 2705 1139 2771 Relucet
1189 2742 1190 2746 =

120 2806 147 2870 b.
174 2805 371 2871 Potentia.
399 2804 502 2883 -Quid
522 2805 718 2884 mirabiliuS,
748 2804 827 2890 quid
848 2805 1028 2884 sublimius,
1058 2804 1152 2888 quid.

68 2905 156 2988 magis
175 2910 309 2989 praeter
329 2924 440 2968 omnes
460 2911 600 2976 naturae
620 2905 724 2988 leges,
747 2927 846 2989 quam
867 2904 995 2970 divinae
1016 2904 1139 2969 Mater-

68 3002 168 3069 nitatis
187 3003 404 3069 miraculum?
437 3003 467 3070 S.
492 3004 635 3090 Deipara
655 3011 784 3088 patrem
805 3026 901 3070 suum
922 3003 1040 3086 gignit,
1063 3025 1138 3085 por-

69 3106 180 3168 tantem
206 3124 241 3168 se
270 3107 395 3186 portat,
434 3103 636 3168 nutrientem
664 3124 699 3168 se
726 3102 846 3182 lactat,
876 3103 1070 3168 vestientem
1102 3122 1136 3166 se

68 3200 177 3281 induit,
207 3208 391 3268 servantem
418 3223 452 3266 se
475 3203 634 3268 custodit!
679 3202 884 3286 Stupendum
904 3201 966 3266 hoo
999 3200 1138 3264 miracu-

69 3298 127 3364 lum
152 3301 394 3368 considerantes
421 3323 527 3368 nonne
567 3325 640 3368 cum
676 3303 939 3386 Cartagena2)
979 3300 1138 3392 exclama-

69 3395 174 3467 bimus:
207 3401 356 3485 „Sileant
383 3402 492 3467 omnia
519 3401 600 3467 haec
629 3403 736 3486 signa,
768 3403 803 3484 (i.
832 3424 858 3467 e.
886 3401 1005 3466 veteris
1025 3400 1139 3465 Testa-

69 3501 157 3564 menti
176 3500 349 3583 miracula)
378 3501 456 3584 quia
476 3501 555 3566 licet
575 3497 706 3584 magna,
736 3502 861 3584 majora
883 3507 992 3565 tamen
1014 3500 1138 3583 absque

69 3596 126 3662 ulla
151 3601 386 3678 controversia,
417 3601 504 3682 quod
525 3599 647 3665 femina
675 3606 809 3684 generet
836 3600 957 3677 Deum,
987 3605 1139 3664 creatura

69 3716 151 3762 suum
183 3701 348 3782 concipiat
383 3699 573 3764 Creatorem
608 3721 646 3764 ao
675 3698 1044 3782 incomprehensibilem
1080 3719 1138 3762 suo

70 3802 150 3863 utero
176 3799 446 3883 comprehendat;
480 3798 631 3882 majores
650 3799 740 3882 quod
766 3798 838 3864 fons
865 3819 984 3880 parvus
1014 3802 1048 3860 et
1077 3796 1140 3878 sig-

43 4039 44 4042 =
126 4013 144 4080 ¹)
160 4013 213 4070 cfr.
230 4032 258 4084 p.
276 4013 303 4067 II
320 4019 387 4070 sect
405 4013 441 4070 11.
458 4031 502 4084 cp.
519 4013 556 4068 II.
587 4015 610 4081 ²)
627 4012 689 4068 Lib.
707 4011 755 4080 VI,
773 4014 840 4066 tom.
858 4009 961 4068 XVIII.
