2728 4560
578 851 818 990 sunnio
854 855 948 991 HI.

290 1070 348 1172 nu
374 1088 409 1172 a
435 1054 645 1172 anieron
670 1088 955 1174 nurninoiuo
981 1091 1030 1175 in
1056 1093 1238 1177 cunnus.

665 1251 707 1319 „O
730 1252 888 1322 conjugium
912 1272 1007 1308 verum
1031 1261 1216 1323 etsensim,
1239 1275 1291 1312 con·

694 1335 804 1403 jugium
826 1337 960 1402 coeleste,
982 1355 1038 1392 non
1054 1343 1209 1396 terrenum!
1233 1342 1291 1408 Quo·

698 1417 781 1472 modo
811 1419 903 1484 enim,
941 1421 986 1473 vel
1017 1422 1047 1474 in
1078 1440 1133 1491 quo
1164 1424 1290 1492 conjugati

698 1500 832 1557 fuerunt?
858 1502 996 1558 Nimirum
1018 1505 1047 1558 in
1070 1523 1117 1573 eo,
1140 1509 1213 1577 quod
1232 1525 1290 1562 unus

699 1583 818 1652 Spiritus
836 1589 865 1638 et
881 1603 936 1640 una
952 1586 1021 1641 fides
1038 1590 1147 1644 eratin
1165 1591 1226 1645 eis.“

637 1667 777 1735 Rupertus
795 1668 889 1723 Abbas
908 1670 937 1723 in
955 1671 1053 1726 Matth.
1070 1673 1118 1728 lib.
1137 1675 1159 1742 Ι,
1176 1692 1217 1744 ep.
1233 1674 1251 1729 l.

288 1813 569 1880 Consideravimus
597 1815 631 1879 in
659 1815 766 1898 capite
793 1817 1003 1898 praecedenti
1029 1827 1208 1903 perpetuae
1234 1842 1292 1886 oas-

225 1913 333 1978 titatis
350 1920 461 1978 votum
482 1935 502 1978 a
519 1913 708 1978 beatissima
725 1915 857 1997 Virgine
880 1917 1040 1981 emissum.
1081 1919 1175 1997 Quod
1194 1927 1292 1986 votum

225 2012 399 2078 manifesta
428 2035 451 2077 s.
476 2013 664 2095 Scripturae
690 2015 893 2100 auctoritate
914 2016 1089 2099 probatum
1117 2041 1256 2086 necnon
1276 2040 1292 2082 a

225 2112 381 2195 religione
414 2111 575 2176 catholica
611 2133 671 2176 sua
706 2115 920 2178 attestatione
956 2115 1181 2182 confirmatum
1210 2137 1292 2182 nemo

224 2233 343 2294 negare
364 2211 495 2294 poterit,
515 2211 593 2295 quin
611 2218 722 2276 notam
743 2211 920 2277 incurrerit
940 2215 1147 2280 temeritatis.
1188 2217 1292 2282 Omnes

225 2316 337 2392 patres
359 2330 398 2373 ex
419 2330 483 2373 unc
511 2310 605 2392 quasi
626 2331 681 2374 ore
710 2331 734 2374 s.
757 2311 895 2375 Mariam
915 2313 1119 2394 proclamant
1140 2315 1293 2398 Virginem

226 2411 295 2474 Deo
318 2409 460 2474 dicatam
481 2425 655 2490 omnesque
676 2415 809 2474 strenue
831 2410 1022 2493 impugnant
1042 2411 1140 2495 hujus
1161 2413 1227 2479 voti
1245 2412 1294 2477 ad·

225 2509 393 2574 versarios.
595 2582 596 2586 Ἰ

235 2650 239 2662 ·
288 2606 504 2691 Oonjnnctum
534 2606 680 2671 videmus
712 2628 786 2671 cum
817 2612 891 2671 voto
924 2610 1168 2675 matrimonium
1198 2632 1218 2676 a
1245 2610 1293 2674 be-

224 2707 373 2773 atissima
400 2707 533 2791 Virgine
565 2727 639 2771 cum
669 2712 782 2770 sancto
810 2706 932 2790 Joseph
963 2708 1090 2789 initum.
1141 2709 1196 2774 Nil
1225 2727 1293 2773 sane

226 2806 266 2887 de
287 2815 363 2873 voto
385 2813 419 2871 et
440 2806 480 2870 de
500 2805 688 2889 virginitate
709 2805 858 2888 virginali
880 2827 918 2871 ea
939 2807 1074 2872 remisit.
1110 2807 1293 2874 Nullatenns

225 2906 295 2989 ejus
316 2904 550 2990 perfectionem
570 2904 761 2968 imminuere
782 2905 892 2987 potuit
920 2906 1099 2990 conjugalis
1121 2926 1293 2982 consensus,

178 3009 182 3015 ’
225 3005 311 3070 sicut
336 3025 397 3069 nec
424 3004 611 3069 castitatem
636 3003 768 3076 violavit
796 3011 972 3088 conceptus
1000 3027 1060 3071 nec
1081 3007 1295 3090 integritatem

224 3103 368 3169 abstulit·
389 3110 513 3186 partus.
563 3103 653 3167 Idem
685 3103 771 3167 enim
800 3102 888 3168 Deus
918 3110 952 3168 et
979 3109 1094 3170 auster
1121 3106 1191 3171 voti
1216 3105 1293 3169 illins

224 3203 428 3268 celeberrimi
469 3210 503 3267 et
540 3203 739 3268 matrimonii
778 3203 875 3286 hujus
916 3203 1155 3286 speciosissimi.
1213 3204 1294 3268 Idem

225 3302 329 3381 Deus,
359 3301 416 3384 qui
437 3300 576 3365 Mariam
603 3300 646 3365 ad
666 3307 778 3366 votum
800 3301 974 3366 destinavit
996 3301 1224 3382 emittendum,
1250 3321 1295 3365 or-

224 3401 349 3466 dinavit
369 3420 442 3465 eam
463 3421 591 3484 quoque
611 3400 655 3465 ad
675 3401 918 3466 matrimonium
939 3401 1205 3466 contrahendum,

287 3499 351 3566 Sed
371 3499 433 3564 hae
455 3499 538 3563 duae
566 3499 721 3564 veritates
750 3500 911 3583 quomodo
933 3506 1089 3582 poterunt
1118 3497 1295 3566 conciliari?

223 3599 338 3664 Nonne
370 3621 441 3665 sese
475 3599 613 3664 invicem
643 3598 797 3663 videntur
832 3599 1031 3664 excludere?
1070 3599 1173 3665 Nemo
1209 3596 1297 3664 alteri

222 3705 334 3782 potest
354 3699 500 3778 tradere,
530 3696 619 3780 quod
640 3719 734 3762 suum
756 3718 822 3762 non
844 3703 909 3778 est3
938 3720 1033 3762 suum
1053 3720 1129 3764 vero
1159 3721 1223 3764 non
1241 3701 1294 3772 est

223 3798 312 3880 quod
332 3796 429 3862 alteri
451 3797 519 3880 jam
548 3802 598 3861 est
625 3797 794 3861 traditum.
837 3797 872 3862 Si
899 3818 974 3880 ergo
995 3796 1185 3862 beatissima
1204 3796 1294 3876 Virgo

220 3896 290 3979 jam
321 3903 398 3961 ante
428 3896 671 3961 matrimonium
702 3895 772 3960 Deo
808 3917 842 3961 se
877 3895 1078 3961 consecravit
1108 3902 1200 3975 voto,
1235 3912 1295 3957 non

223 3994 340 4060 habuit
360 3994 500 4079 amplius
521 3995 667 4078 corporis
688 3995 739 4060 sui
759 4000 959 4078 potestatem
979 4015 1116 4079 eamque
1137 3995 1172 4059 in
1191 3990 1295 4059 matri-
