2718 4556
723 307 783 366 294

227 487 320 532 suam
341 466 530 543 deduceret,
561 439 623 530 etsi
643 465 834 548 plerumque
863 471 956 546 tunc,
986 487 1087 550 quum
1107 467 1168 532 hcc
1193 465 1289 544 fiebat,

226 565 340 648 peragi
360 560 388 629 is
411 565 494 630 ritus
516 564 651 644 soleret;
674 565 732 630 sed
749 566 862 648 peragi
878 571 1011 648 poterat
1029 565 1129 630 etiam
1149 565 1183 628 in
1202 565 1291 648 ipsius

227 665 339 728 uxoris
360 664 495 729 aedibus
525 684 564 728 ea
585 662 728 728 nondum'
749 663 825 727 inde
847 663 1001 743 deducta,
1031 665 1083 730 vel
1103 665 1137 728 in
1157 665 1240 742 aliis,
1265 665 1293 728 in

118 831 122 840 ,
228 763 346 846 quibus
368 785 440 828 eam
461 762 510 826 vir
532 762 677 827 duxerat.
691 763 714 844 ¹)
757 761 875 844 Aptius
896 763 971 828 huic
999 764 1048 828 rei
1070 763 1292 847 significandae,

229 861 382 945 quodque
404 861 446 927 ad
466 861 502 926 id
523 862 557 925 in
575 861 690 925 Bibliis
711 861 814 945 latine
835 862 936 927 versis
957 861 1143 928 adhibitum
1163 863 1292 946 legimus,

228 967 278 1026 est
306 983 425 1026 nomen
453 961 677 1044 ,nuptiae,“
707 982 747 1024 ex
775 983 814 1025 ea
842 967 952 1026 tamen
980 960 1182 1026 solummodo
1203 966 1291 1043 parte,

229 1083 294 1143 qua
325 1059 508 1144 significans
541 1059 686 1125 convivia
716 1066 890 1143 ceteraque
921 1060 1070 1126 laetitiae
1102 1068 1200 1144 atque
1225 1059 1294 1123 bila-

229 1160 338 1224 ritatis
377 1160 468 1242 signa
507 1158 595 1241 apud
627 1180 686 1223 nos
725 1158 759 1222 in
797 1159 952 1223 uxoribus
991 1160 1183 1226 ducendis
1222 1157 1295 1242 apud

229 1258 397 1324 Hebraeos
420 1259 454 1323 in
476 1256 723 1339 accipiendis
745 1257 892 1322 exhiberi
913 1258 1018 1337 solita,
1038 1266 1150 1342 potest
1171 1278 1293 1342 quoque,

229 1380 330 1443 quum
354 1359 402 1433 ¹de
433 1357 592 1424 Hebraeis
634 1357 812 1440 loquimur,
856 1358 966 1423 uxoris
998 1365 1203 1441 acceptae,
1241 1377 1293 1420 non

229 1477 322 1522 secus
355 1457 458 1539 acin
490 1463 601 1522 nostro
631 1479 778 1522 sermone
810 1459 920 1524 uxoris
953 1458 1113 1537 ductae,
1145 1458 1294 1523 notionem

230 1555 388 1638 implicite
410 1556 611 1638 complecti.“

261 1643 266 1652 ⁶
294 1654 476 1719 Traducere
506 1677 581 1738 ergo
614 1654 775 1738 significat
803 1655 824 1718 l.
853 1678 877 1720 c.
908 1656 1055 1739 accipere
1084 1677 1144 1739 per
1170 1656 1293 1738 nuptias,

229 1752 371 1818 Nolebat
398 1776 422 1818 s.
445 1755 567 1837 Joseph
595 1755 742 1837 copulari
770 1776 843 1818 cum
871 1777 894 1819 s.
925 1756 1082 1838 Deipara,
1113 1776 1196 1838 quae
1221 1752 1294 1817 vide-

230 1859 322 1918 retur
345 1853 504 1932 adultera,
526 1853 799 1937 praeferebatque
824 1875 895 1918 cam
918 1855 1097 1932 dimittere3
1124 1850 1294 1936 accipiendo

235 1951 322 2016 enim
351 1952 556 2035 praebuisset
585 1952 635 2016 illi
668 1953 870 2017 occasionem
901 1952 966 2017 alia
993 1952 1148 2035 patrandi
1167 1951 1293 2026 crimina,

231 2073 332 2134 quum
353 2052 444 2134 prius
465 2052 666 2135 permisisset
687 2052 837 2116 inultum.

291 2156 320 2214 4.
354 2150 454 2215 Aliud
481 2173 505 2216 s.
530 2153 718 2234 Scripturae
740 2157 967 2235 argumentum
996 2173 1036 2215 ex
1057 2172 1095 2215 ec
1119 2149 1293 2223 desumitur,

231 2249 319 2331 quod
351 2250 381 2313 b.
410 2251 525 2334 Virgo,
558 2252 586 2315 si
614 2251 820 2316 matrimonio
846 2252 915 2334 jam
939 2251 1053 2333 juncta
1081 2250 1212 2328 fuisset,
1242 2248 1295 2311 iter

232 2350 275 2414 ad
295 2350 518 2416 Elisabetham
546 2351 740 2416 visitandam
767 2351 931 2433 suscipere
958 2371 1024 2414 non
1044 2349 1205 2431 potuisset
1224 2347 1294 2411 sine

232 2448 402 2514 licentia
422 2449 498 2512 viri
524 2451 584 2515 sui
606 2452 737 2516 minime
758 2451 874 2534 petita.
917 2449 1016 2514 Porro
1038 2471 1062 2515 s.
1083 2449 1206 2532 loseph
1229 2453 1294 2511 tunc

232 2569 297 2612 non
331 2549 547 2630 permisisset,
577 2557 615 2614 ut
653 2549 723 2615 sola
757 2557 826 2614 tam
859 2549 1072 2632 longinquum
1100 2555 1229 2632 tamque
1254 2565 1295 2609 ar·

233 2647 333 2711 duum
364 2646 488 2712 faceret
519 2648 598 2728 iter,
628 2648 686 2714 sed
717 2670 803 2714 eam.
817 2648 991 2713 comitatus
1022 2647 1148 2713 fuisset.
1191 2647 1231 2710 At
1250 2644 1295 2708 ille

233 2744 371 2809 Mariam
392 2746 434 2809 ad
454 2747 677 2813 Elisabetham
704 2754 835 2813 euntem
856 2768 921 2810 non
943 2747 1118 2811 comitatus
1141 2753 1203 2824 est,
1231 2761 1294 2825 ergo

233 2844 477 2908 matrimonium
498 2847 642 2911 nondum
665 2852 737 2911 erat
759 2852 971 2910 contractum.
1014 2844 1177 2910 Probatur

295 2943 336 3007 II.
369 2965 414 3008 ex
442 2947 666 3011 autoritate
695 2944 864 3010 Patrum.

294 3042 330 3104 B.
353 3042 519 3125 Virginem
540 3045 692 3111 Gabriele
714 3051 893 3127 apparente
915 3065 981 3108 non
1000 3049 1152 3125 nuptam,
1181 3040 1234 3106 sed
1252 3037 1296 3101 de·

234 3148 420 3223 sponsatam
442 3165 499 3208 seu
520 3145 647 3210 vinculo
676 3144 875 3228 sponsalium
896 3141 1122 3209 tantummodo
1146 3140 1296 3206 astrictam

234 3241 380 3304 nonnulli
408 3241 520 3307 Patres
554 3265 704 3326 expresse
733 3243 948 3320 contendunt,
982 3239 1039 3304 alii
1071 3262 1147 3306 vero
1176 3237 1296 3304 Mariam

200 3389 202 3394 .
234 3339 450 3423 aliquando
481 3342 616 3426 Jcsephi
647 3365 783 3408 uxorem
817 3342 917 3408 fuisse
950 3345 1080 3424 negant.
1136 3337 1296 3403 Audiamus

235 3437 477 3522 Origenem2)
501 3441 540 3507 de
562 3442 701 3508 futura
719 3443 854 3525 Josephi
876 3462 977 3506 uxore
998 3441 1202 3522 loquentem:
1230 3429 1298 3516 ,Qui

235 3539 364 3621 (nempe
386 3563 410 3605 s.
434 3542 578 3626 loseph).
597 3563 680 3625 pene
700 3543 834 3606 licentia
856 3539 1016 3617 maritali,
1044 3538 1123 3602 licet
1151 3557 1220 3602 eam
1246 3551 1297 3595 non

235 3638 453 3721 contingeret,
483 3640 643 3706 futurae
673 3649 797 3719 tamen,
828 3647 872 3704 ut
899 3638 1137 3722 putabatur,
1169 3631 1295 3702 uxoris,

234 3737 342 3801 omnia
377 3740 543 3804 noverat.“
597 3739 763 3806 Consonat
794 3737 1017 3804 testimouium
1051 3728 1295 3799 Tertulliani:

304 3958 322 4022 ¹)
341 3954 464 4010 Seldenii
481 3974 552 4011 uxor
568 3956 698 4012 hebraica
715 3957 750 4022 ll,
768 3958 792 4010 8.
825 3955 847 4020 ²)
865 3953 947 4007 Hom.
964 3951 985 4018 1,
1003 3950 1033 4004 in
1051 3947 1183 4002 diversos.
