2808 4556
712 363 716 371 '
769 381 829 442 cao

254 568 318 631 que
346 544 525 610 communis
555 541 768 620 Dei‘Patris,
802 547 836 608 et
856 527 999 624 Virginis
1027 542 1145 621 Filius,
1180 548 1215 606 et
1243 562 1343 624 quam

253 647 323 728 ipse
345 643 447 708 Filius
476 640 742 706 substantialiter
769 639 879 705 facere
909 640 972 705 sibi
992 647 1132 706 matrem
1161 641 1281 723 elegit,
1308 647 1342 704 et

254 745 293 808 de
317 765 381 826 qua
403 741 544 824 Spiritus
568 741 706 806 Sanctus
728 740 847 819 voluit,
877 746 911 804 et
933 746 1088 822 operatus
1110 746 1174 819 est,
1205 746 1246 805 ut
1267 761 1342 804 con-

254 843 419 925 ciperetur
442 847 475 905 et
496 847 686 904 nasceretur
706 839 772 918 ille,
795 839 836 904 de
859 860 923 922 quo
944 839 1014 921 ipse
1036 838 1195 921 procedit.

316 940 421 1018 Quam
449 939 641 1021 originalem
670 944 829 1021 augustae
851 938 995 1021 Virginis
1023 938 1247 1003 innocentiam
1269 959 1342 1002 curn

224 1083 225 1086 =
253 1038 440 1104 admirabili
469 1038 614 1122 ejusdem
643 1037 837 1116 sanctitate,
870 1037 1102 1120 praecelsaque
1132 1037 1195 1102 Dei
1224 1035 1343 1102 Matris

253 1138 414 1220 dignitate
443 1137 573 1201 omnino
607 1138 836 1203 cohaerentem
869 1137 1031 1202 catholica
1058 1137 1222 1216 Ecclesia,
1258 1157 1343 1220 quae

253 1259 274 1302 a
301 1242 414 1302 sancto
444 1257 571 1319 semper
600 1238 716 1302 edocta
746 1237 871 1319 Spiritu
900 1237 1051 1301 columna
1086 1243 1137 1300 est
1165 1257 1204 1300 ac
1232 1234 1343 1299 firma-

253 1342 401 1400 mentum
422 1336 579 1413 veritatis,
599 1343 767 1419 tamquam
790 1336 973 1401 doctrinam
991 1335 1161 1418 possidens
1184 1335 1343 1398 divinitus

253 1442 432 1518 acceptam,
453 1442 487 1500 et
505 1436 656 1501 coelestis
675 1436 885 1500 revelationis
906 1436 1054 1519 deposito
1073 1434 1344 1517 comprehensam

252 1534 427 1617 multiplici
454 1535 660 1600 continenter
680 1535 823 1614 ratione,
852 1535 1096 1617 splendidisque
1117 1533 1216 1598 factis
1239 1533 1344 1614 magis

252 1635 288 1699 in
310 1635 379 1698 dies
402 1634 574 1716 explicare,
594 1655 785 1717 proponere,
809 1655 847 1698 ac
868 1633 978 1698 fovere
999 1654 1178 1716 numquam
1201 1632 1342 1696 destitit

252 1734 345 1799 Hanc
378 1735 464 1799 enim
496 1733 680 1797 doctrinam
715 1723 756 1797 ab
790 1733 1026 1815 antiquissimis
1058 1731 1264 1814 temporibus
1298 1731 1343 1794 vi-

252 1840 391 1916 gentem,
415 1855 453 1897 ac
474 1832 621 1897 fidelium
643 1833 759 1896 animis
781 1832 913 1914 penitus
934 1832 1077 1909 insitam,
1108 1836 1142 1894 et
1165 1831 1343 1895 Sacrorum

252 1932 448 1997 Antistitum
470 1933 556 1996 curis
574 1930 756 2013 studiisque
775 1952 834 2013 per
853 1930 1050 1994 catholicum
1071 1928 1185 1994 orbem
1202 1926 1343 1992 mirifice

250 2038 468 2115 propagatam
485 2033 557 2114 ipsa
573 2030 721 2094 Ecclesia
738 2029 996 2094 luculentissime
1015 2027 1219 2111 significavit,
1240 2047 1344 2109 quum

252 2132 397 2215 ejusdem
413 2131 556 2214 Virginis
575 2130 829 2212 Conceptionem
851 2129 982 2212 publico
1004 2128 1151 2192 fidelium
1174 2126 1282 2192 cultui
1304 2147 1344 2190 ac

252 2232 454 2297 venerationi
472 2251 653 2314 proponere
675 2251 740 2293 non
759 2229 931 2293 dubitavit.
973 2229 1043 2306 Quo
1065 2227 1188 2312 illustri
1206 2226 1343 2309 quidem

252 2330 340 2396 facto
379 2331 481 2414 ipsius
515 2330 658 2412 Virginis
697 2329 951 2411 Conceptionem
989 2328 1092 2393 veluti
1130 2327 1342 2409 singularem,

252 2431 382 2513 miram,
413 2435 488 2494 eta
516 2429 717 2512 reliquorum
744 2429 912 2493 hominum
940 2427 1128 2510 primordiis
1149 2426 1343 2508 longissime

251 2537 426 2607 secretam,
460 2535 494 2593 et
515 2529 645 2592 omnino
675 2535 822 2592 sanctam
844 2527 1015 2591 colendam
1043 2526 1206 2602 exhibuit,
1240 2545 1343 2608 quum

251 2628 398 2692 Ecclesia
418 2627 547 2691 nonnisi
576 2627 616 2690 de
639 2627 766 2692 Sanctis
789 2625 857 2690 dies
887 2625 990 2690 festos
1021 2625 1238 2690 concelebret.
1284 2624 1343 2687 nt-

252 2749 315 2810 que
337 2725 459 2792 idcirco
481 2726 532 2790 vel
550 2726 713 2808 ipsissima
733 2726 841 2804 verba,
861 2725 979 2808 quibus
1002 2724 1130 2789 divinae
1148 2723 1343 2806 Scripturas

252 2826 291 2890 de
328 2827 475 2891 increata
510 2826 677 2908 Sapientia
713 2825 908 2908 loquuntur,
947 2825 1083 2907 ejusque
1121 2823 1342 2904 sempiternas

252 2925 394 3008 origines
429 2930 693 3007 repraesentant,
731 2924 898 2988 cousuevit
930 2929 1001 2987 turn
1035 2923 1070 2986 in
1106 2921 1341 2986 ecclesiasticis

252 3023 468 3101 officiis,tum
487 3023 522 3087 in
544 3031 753 3088 sacrosancta
773 3023 908 3105 liturgia
931 3021 1098 3099 adhibere,
1130 3027 1164 3084 et
1184 3021 1228 3084 ad
1249 3020 1340 3084 illius

251 3123 393 3205 Virginis
411 3123 591 3205 primordia
608 3123 796 3200 transferre,
817 3143 901 3205 quae
920 3142 984 3185 uno
1005 3121 1184 3202 eodemque
1204 3119 1338 3183 decreto

252 3244 325 3286 curn
347 3221 484 3286 Divinae
508 3221 696 3304 Sapientiae
725 3221 949 3286 incarnatione
970 3219 1104 3284 fuerant
1125 3219 1337 3300 praestituta.

314 3321 466 3398 Quamvis
485 3328 596 3385 autem
614 3321 696 3385 haec
715 3321 824 3385 omnia
841 3341 941 3402 panes
958 3317 1073 3383 fideles
1091 3317 1214 3400 ubique
1234 3337 1337 3400 prope

181 3412 188 3421 ’
250 3427 385 3504 recepta
413 3421 603 3498 ostendant,
634 3442 698 3503 quo
728 3420 836 3485 studio
866 3419 1025 3503 ejusmodi
1054 3418 1094 3481 de
1121 3417 1338 3481 immaculata

250 3520 392 3603 Virginis
431 3519 652 3603 Conceptione
693 3521 876 3586 doctrinam
914 3519 986 3600 ipsa
1025 3538 1154 3601 quoque
1190 3517 1337 3581 Romana

250 3619 397 3684 Ecclesia
429 3619 572 3684 omnium
600 3619 821 3683 Ecclesiarum
849 3624 956 3682 mater
988 3623 1022 3680 et
1049 3615 1207 3698 magistra
1234 3615 1337 3680 fuerit

250 3724 467 3802 prosequuta,
497 3725 608 3782 tamen
636 3717 779 3781 illustria
807 3717 903 3799 hujus
924 3715 1090 3780 Ecclesiae
1118 3715 1209 3780 facta
1237 3716 1335 3798 digna

251 3816 348 3898 plane
377 3822 468 3893 sunt,
499 3837 582 3898 quae
611 3815 805 3880 nominatim
833 3820 1079 3892 recenseantur,
1110 3835 1211 3897 quum
1239 3820 1333 3879 tanta

251 3915 295 3978 sit
317 3913 462 3996 ejusdem
485 3913 652 3978 Ecclesiae
675 3913 833 3996 dignitas,
863 3919 963 3996 atque
985 3915 1181 3992 auctoritas,
1211 3921 1333 3997 quanta

249 4011 300 4074 illi
322 4011 451 4075 omnino
473 4011 626 4090 debetur,
656 4033 740 4095 quae
763 4017 813 4075 est
835 4012 1016 4076 catholicae
1036 4012 1185 4078 veritatis
1207 4019 1241 4078 et
1262 4012 1331 4076 nni·
1401 4025 1402 4050 ³
