<?xml version="1.0" encoding="UTF-8"?>
<!DOCTYPE html PUBLIC "-//W3C//DTD XHTML 1.0 Transitional//EN"
    "http://www.w3.org/TR/xhtml1/DTD/xhtml1-transitional.dtd">
<html xmlns="http://www.w3.org/1999/xhtml" xml:lang="en" lang="en">
 <head>
  <title>
</title>
<meta http-equiv="Content-Type" content="text/html;charset=utf-8" />
  <meta name='ocr-system' content='tesseract 3.04.00' />
  <meta name='ocr-capabilities' content='ocr_page ocr_carea ocr_par ocr_line ocrx_word'/>
</head>
<body>
  <div class='ocr_page' id='page_1' title='image "./mariologiaseupo00stamgoog_0157.png"; bbox 0 0 2730 4564; ppageno 0'>
   <div class='ocr_carea' id='block_1_1' title="bbox 558 352 612 412">
    <p class='ocr_par' dir='ltr' id='par_1_1' title="bbox 558 352 612 412">
     <span class='ocr_line' id='line_1_1' title="bbox 558 352 612 412; baseline 0 -1"><span class='ocrx_word' id='word_1_1' title='bbox 558 352 612 412; x_wconf 86' lang='lat'>131</span> 
     </span>
    </p>
   </div>
   <div class='ocr_carea' id='block_1_2' title="bbox 54 512 1130 695">
    <p class='ocr_par' dir='ltr' id='par_1_2' title="bbox 54 512 1130 695">
     <span class='ocr_line' id='line_1_2' title="bbox 55 512 1130 598; baseline 0.009 -20"><span class='ocrx_word' id='word_1_2' title='bbox 55 514 133 578; x_wconf 89' lang='lat' dir='ltr'>sicut</span> <span class='ocrx_word' id='word_1_3' title='bbox 157 520 234 578; x_wconf 90' lang='lat' dir='ltr'>ante</span> <span class='ocrx_word' id='word_1_4' title='bbox 260 519 406 595; x_wconf 82' lang='lat' dir='ltr'>partum,</span> <span class='ocrx_word' id='word_1_5' title='bbox 435 513 535 577; x_wconf 88' lang='lat' dir='ltr'>etiam</span> <span class='ocrx_word' id='word_1_6' title='bbox 562 512 595 576; x_wconf 91' lang='lat' dir='ltr'>in</span> <span class='ocrx_word' id='word_1_7' title='bbox 616 518 715 594; x_wconf 90' lang='lat' dir='ltr'>partu</span> <span class='ocrx_word' id='word_1_8' title='bbox 744 518 879 595; x_wconf 89' lang='lat' dir='ltr'>etpost</span> <span class='ocrx_word' id='word_1_9' title='bbox 905 523 1037 598; x_wconf 86' lang='lat' dir='ltr'>partum</span> <span class='ocrx_word' id='word_1_10' title='bbox 1058 522 1130 588; x_wconf 93' lang='lat' dir='ltr'>Vir·</span> 
     </span>
     <span class='ocr_line' id='line_1_3' title="bbox 54 611 553 695; baseline -0.004 -19"><span class='ocrx_word' id='word_1_11' title='bbox 54 614 153 695; x_wconf 87' lang='lat' dir='ltr'>ginem</span> <span class='ocrx_word' id='word_1_12' title='bbox 175 618 300 678; x_wconf 86' lang='lat' dir='ltr'>castam</span> <span class='ocrx_word' id='word_1_13' title='bbox 322 611 553 676; x_wconf 85' lang='lat' dir='ltr'>conservavit.“</span> 
     </span>
    </p>
   </div>
   <div class='ocr_carea' id='block_1_3' title="bbox 52 721 1131 1125">
    <p class='ocr_par' dir='ltr' id='par_1_3' title="bbox 52 721 1131 1125">
     <span class='ocr_line' id='line_1_4' title="bbox 110 721 1129 824; baseline 0.008 -23"><span class='ocrx_word' id='word_1_14' title='bbox 110 721 221 820; x_wconf 89' lang='lat' dir='ltr'>Neque</span> <span class='ocrx_word' id='word_1_15' title='bbox 257 734 355 800; x_wconf 88' lang='lat' dir='ltr'>aliter</span> <span class='ocrx_word' id='word_1_16' title='bbox 391 733 540 816; x_wconf 89' lang='lat' dir='ltr'>loquitur</span> <span class='ocrx_word' id='word_1_17' title='bbox 576 733 726 798; x_wconf 90' lang='lat' dir='ltr'>Doctor</span> <span class='ocrx_word' id='word_1_18' title='bbox 760 732 1001 805; x_wconf 84' lang='lat' dir='ltr'>Mellifluus:</span> <span class='ocrx_word' id='word_1_19' title='bbox 1042 743 1129 824; x_wconf 87' lang='lat' dir='ltr'>,Neo</span> 
     </span>
     <span class='ocr_line' id='line_1_5' title="bbox 54 831 1131 925; baseline 0.007 -25"><span class='ocrx_word' id='word_1_20' title='bbox 54 836 147 900; x_wconf 88' lang='lat' dir='ltr'>sideri</span> <span class='ocrx_word' id='word_1_21' title='bbox 167 835 289 912; x_wconf 90' lang='lat' dir='ltr'>radius,</span> <span class='ocrx_word' id='word_1_22' title='bbox 308 833 453 915; x_wconf 85' lang='lat' dir='ltr'>inquit,¹)</span> <span class='ocrx_word' id='word_1_23' title='bbox 476 853 567 897; x_wconf 89' lang='lat' dir='ltr'>suam</span> <span class='ocrx_word' id='word_1_24' title='bbox 589 831 705 896; x_wconf 81' lang='lat' dir='ltr'><strong>adimit</strong></span> <span class='ocrx_word' id='word_1_25' title='bbox 726 832 912 900; x_wconf 78' lang='lat' dir='ltr'>claritatem</span> <span class='ocrx_word' id='word_1_26' title='bbox 929 859 989 903; x_wconf 91' lang='lat' dir='ltr'>nec</span> <span class='ocrx_word' id='word_1_27' title='bbox 1005 840 1131 925; x_wconf 83' lang='lat' dir='ltr'>Virgini</span> 
     </span>
     <span class='ocr_line' id='line_1_6' title="bbox 52 932 1131 1020; baseline 0.006 -21"><span class='ocrx_word' id='word_1_28' title='bbox 52 935 133 1000; x_wconf 83' lang='lat' dir='ltr'>filiu&#39;s</span> <span class='ocrx_word' id='word_1_29' title='bbox 164 955 256 999; x_wconf 89' lang='lat' dir='ltr'>suam</span> <span class='ocrx_word' id='word_1_30' title='bbox 287 933 404 998; x_wconf 82' lang='lat' dir='ltr'>adimit</span> <span class='ocrx_word' id='word_1_31' title='bbox 436 933 669 1015; x_wconf 78' lang='lat' dir='ltr'>integritatem.</span> <span class='ocrx_word' id='word_1_32' title='bbox 724 932 816 997; x_wconf 85' lang='lat' dir='ltr'>Sicut</span> <span class='ocrx_word' id='word_1_33' title='bbox 846 936 946 999; x_wconf 91' lang='lat' dir='ltr'>etiam</span> <span class='ocrx_word' id='word_1_34' title='bbox 977 939 1131 1020; x_wconf 85' lang='lat' dir='ltr'><strong>splendor</strong></span> 
     </span>
     <span class='ocr_line' id='line_1_7' title="bbox 53 1030 1130 1125; baseline 0.006 -25"><span class='ocrx_word' id='word_1_35' title='bbox 53 1035 125 1100; x_wconf 90' lang='lat' dir='ltr'>solis</span> <span class='ocrx_word' id='word_1_36' title='bbox 150 1036 270 1098; x_wconf 85' lang='lat' dir='ltr'>vitrum</span> <span class='ocrx_word' id='word_1_37' title='bbox 298 1033 421 1115; x_wconf 83' lang='lat' dir='ltr'>absque</span> <span class='ocrx_word' id='word_1_38' title='bbox 450 1031 593 1096; x_wconf 88' lang='lat' dir='ltr'>laesione</span> <span class='ocrx_word' id='word_1_39' title='bbox 615 1030 784 1114; x_wconf 79' lang='lat' dir='ltr'>perfundit</span> <span class='ocrx_word' id='word_1_40' title='bbox 814 1039 847 1098; x_wconf 93' lang='lat' dir='ltr'>et</span> <span class='ocrx_word' id='word_1_41' title='bbox 867 1044 1020 1117; x_wconf 89' lang='lat' dir='ltr'>penetrat</span> <span class='ocrx_word' id='word_1_42' title='bbox 1046 1041 1130 1125; x_wconf 86' lang='lat' dir='ltr'>ejus·</span> 
     </span>
    </p>
   </div>
   <div class='ocr_carea' id='block_1_4' title="bbox 52 1131 1227 1218">
    <p class='ocr_par' dir='ltr' id='par_1_4' title="bbox 52 1131 1227 1218">
     <span class='ocr_line' id='line_1_8' title="bbox 52 1131 1227 1218; baseline 0.003 -19"><span class='ocrx_word' id='word_1_43' title='bbox 52 1156 111 1218; x_wconf 92' lang='lat' dir='ltr'>que</span> <span class='ocrx_word' id='word_1_44' title='bbox 148 1133 351 1199; x_wconf 81' lang='lat' dir='ltr'>soliditatem</span> <span class='ocrx_word' id='word_1_45' title='bbox 389 1131 570 1197; x_wconf 87' lang='lat' dir='ltr'>insensibili</span> <span class='ocrx_word' id='word_1_46' title='bbox 610 1131 793 1196; x_wconf 84' lang='lat' dir='ltr'>subtilitate</span> <span class='ocrx_word' id='word_1_47' title='bbox 830 1136 1029 1218; x_wconf 88' lang='lat' dir='ltr'>pertrajicit,</span> <span class='ocrx_word' id='word_1_48' title='bbox 1070 1161 1130 1204; x_wconf 86' lang='lat' dir='ltr'>uec</span> <span class='ocrx_word' id='word_1_49' title='bbox 1224 1197 1227 1202; x_wconf 87' lang='lat'><em>.</em></span> 
     </span>
    </p>
   </div>
   <div class='ocr_carea' id='block_1_5' title="bbox 48 1230 1190 2308">
    <p class='ocr_par' dir='ltr' id='par_1_5' title="bbox 48 1230 1190 2308">
     <span class='ocr_line' id='line_1_9' title="bbox 52 1230 1128 1321; baseline 0.007 -23"><span class='ocrx_word' id='word_1_50' title='bbox 52 1255 148 1316; x_wconf 90' lang='lat' dir='ltr'>quum</span> <span class='ocrx_word' id='word_1_51' title='bbox 174 1230 373 1314; x_wconf 83' lang='lat' dir='ltr'>ingreditur,</span> <span class='ocrx_word' id='word_1_52' title='bbox 403 1230 503 1295; x_wconf 84' lang='lat' dir='ltr'>violat</span> <span class='ocrx_word' id='word_1_53' title='bbox 530 1251 606 1309; x_wconf 91' lang='lat' dir='ltr'>nec,</span> <span class='ocrx_word' id='word_1_54' title='bbox 637 1251 737 1313; x_wconf 94' lang='lat' dir='ltr'>quum</span> <span class='ocrx_word' id='word_1_55' title='bbox 766 1232 946 1313; x_wconf 88' lang='lat' dir='ltr'>egreditur,</span> <span class='ocrx_word' id='word_1_56' title='bbox 976 1236 1128 1321; x_wconf 91' lang='lat' dir='ltr'>dissipat:</span> 
     </span>
     <span class='ocr_line' id='line_1_10' title="bbox 52 1328 1130 1412; baseline 0.005 -15"><span class='ocrx_word' id='word_1_57' title='bbox 52 1335 93 1398; x_wconf 87' lang='lat' dir='ltr'>sic</span> <span class='ocrx_word' id='word_1_58' title='bbox 121 1333 180 1398; x_wconf 89' lang='lat' dir='ltr'>Dei</span> <span class='ocrx_word' id='word_1_59' title='bbox 208 1331 357 1409; x_wconf 84' lang='lat' dir='ltr'>verbum,</span> <span class='ocrx_word' id='word_1_60' title='bbox 387 1329 540 1412; x_wconf 85' lang='lat' dir='ltr'>splendor</span> <span class='ocrx_word' id='word_1_61' title='bbox 568 1328 689 1408; x_wconf 90' lang='lat' dir='ltr'>Patris,</span> <span class='ocrx_word' id='word_1_62' title='bbox 718 1329 879 1412; x_wconf 83' lang='lat' dir='ltr'>virginum</span> <span class='ocrx_word' id='word_1_63' title='bbox 905 1332 1130 1402; x_wconf 90' lang='lat' dir='ltr'>habitaculum</span> 
     </span>
     <span class='ocr_line' id='line_1_11' title="bbox 51 1427 1128 1518; baseline 0.006 -22"><span class='ocrx_word' id='word_1_64' title='bbox 51 1431 130 1496; x_wconf 90' lang='lat' dir='ltr'>adiit</span> <span class='ocrx_word' id='word_1_65' title='bbox 157 1437 190 1496; x_wconf 93' lang='lat' dir='ltr'>et</span> <span class='ocrx_word' id='word_1_66' title='bbox 219 1428 295 1494; x_wconf 89' lang='lat' dir='ltr'>inde</span> <span class='ocrx_word' id='word_1_67' title='bbox 324 1427 434 1492; x_wconf 89' lang='lat' dir='ltr'>clauso</span> <span class='ocrx_word' id='word_1_68' title='bbox 464 1434 558 1492; x_wconf 92' lang='lat' dir='ltr'>utero</span> <span class='ocrx_word' id='word_1_69' title='bbox 585 1427 722 1510; x_wconf 91' lang='lat' dir='ltr'>prodiit,</span> <span class='ocrx_word' id='word_1_70' title='bbox 753 1429 830 1511; x_wconf 89' lang='lat' dir='ltr'>quia</span> <span class='ocrx_word' id='word_1_71' title='bbox 851 1429 975 1498; x_wconf 90' lang='lat' dir='ltr'>Mariae</span> <span class='ocrx_word' id='word_1_72' title='bbox 999 1437 1128 1518; x_wconf 87' lang='lat' dir='ltr'>puritas</span> 
     </span>
     <span class='ocr_line' id='line_1_12' title="bbox 51 1525 1128 1614; baseline 0.003 -17"><span class='ocrx_word' id='word_1_73' title='bbox 51 1531 213 1614; x_wconf 87' lang='lat' dir='ltr'>speculum</span> <span class='ocrx_word' id='word_1_74' title='bbox 242 1535 294 1594; x_wconf 90' lang='lat' dir='ltr'>est</span> <span class='ocrx_word' id='word_1_75' title='bbox 313 1527 493 1605; x_wconf 90' lang='lat' dir='ltr'>illibatum,</span> <span class='ocrx_word' id='word_1_76' title='bbox 525 1525 611 1609; x_wconf 92' lang='lat' dir='ltr'>quod</span> <span class='ocrx_word' id='word_1_77' title='bbox 632 1547 692 1590; x_wconf 92' lang='lat' dir='ltr'>nec</span> <span class='ocrx_word' id='word_1_78' title='bbox 713 1526 796 1592; x_wconf 93' lang='lat' dir='ltr'>lucis</span> <span class='ocrx_word' id='word_1_79' title='bbox 825 1549 1017 1612; x_wconf 92' lang='lat' dir='ltr'>repercussu</span> <span class='ocrx_word' id='word_1_80' title='bbox 1046 1535 1128 1599; x_wconf 90' lang='lat' dir='ltr'>scin·</span> 
     </span>
     <span class='ocr_line' id='line_1_13' title="bbox 51 1624 1128 1708; baseline 0.004 -14"><span class='ocrx_word' id='word_1_81' title='bbox 51 1631 138 1695; x_wconf 91' lang='lat' dir='ltr'>ditur</span> <span class='ocrx_word' id='word_1_82' title='bbox 157 1650 216 1693; x_wconf 89' lang='lat' dir='ltr'>nec</span> <span class='ocrx_word' id='word_1_83' title='bbox 243 1627 410 1705; x_wconf 88' lang='lat' dir='ltr'>radiorum</span> <span class='ocrx_word' id='word_1_84' title='bbox 437 1625 569 1708; x_wconf 86' lang='lat' dir='ltr'>cuspide</span> <span class='ocrx_word' id='word_1_85' title='bbox 591 1624 725 1704; x_wconf 85' lang='lat' dir='ltr'>feritur,</span> <span class='ocrx_word' id='word_1_86' title='bbox 755 1626 813 1690; x_wconf 88' lang='lat' dir='ltr'>sed</span> <span class='ocrx_word' id='word_1_87' title='bbox 835 1628 973 1695; x_wconf 91' lang='lat' dir='ltr'>innocuo</span> <span class='ocrx_word' id='word_1_88' title='bbox 995 1634 1128 1698; x_wconf 87' lang='lat' dir='ltr'>tramite</span> 
     </span>
     <span class='ocr_line' id='line_1_14' title="bbox 49 1719 1129 1813; baseline 0.001 -19"><span class='ocrx_word' id='word_1_89' title='bbox 49 1729 183 1813; x_wconf 89' lang='lat' dir='ltr'>praebet</span> <span class='ocrx_word' id='word_1_90' title='bbox 219 1727 340 1810; x_wconf 82' lang='lat' dir='ltr'>fulgori</span> <span class='ocrx_word' id='word_1_91' title='bbox 377 1727 603 1790; x_wconf 89' lang='lat' dir='ltr'>commentum.</span> <span class='ocrx_word' id='word_1_92' title='bbox 657 1724 797 1789; x_wconf 87' lang='lat' dir='ltr'>Rursum</span> <span class='ocrx_word' id='word_1_93' title='bbox 836 1727 921 1793; x_wconf 91' lang='lat' dir='ltr'>sicut</span> <span class='ocrx_word' id='word_1_94' title='bbox 952 1729 1062 1795; x_wconf 87' lang='lat' dir='ltr'>radius</span> <span class='ocrx_word' id='word_1_95' title='bbox 1094 1719 1129 1795; x_wconf 82' lang='lat' dir='ltr'>ib</span> 
     </span>
     <span class='ocr_line' id='line_1_15' title="bbox 49 1824 1129 1909; baseline 0.001 -17"><span class='ocrx_word' id='word_1_96' title='bbox 49 1830 164 1892; x_wconf 87' lang='lat' dir='ltr'>vitrum</span> <span class='ocrx_word' id='word_1_97' title='bbox 186 1847 289 1909; x_wconf 91' lang='lat' dir='ltr'>purus</span> <span class='ocrx_word' id='word_1_98' title='bbox 310 1824 509 1907; x_wconf 87' lang='lat' dir='ltr'>ingreditur,</span> <span class='ocrx_word' id='word_1_99' title='bbox 540 1824 750 1906; x_wconf 89' lang='lat' dir='ltr'>incorruptus</span> <span class='ocrx_word' id='word_1_100' title='bbox 772 1826 955 1907; x_wconf 85' lang='lat' dir='ltr'>egreditur;</span> <span class='ocrx_word' id='word_1_101' title='bbox 988 1829 1129 1893; x_wconf 92' lang='lat' dir='ltr'>colorem</span> 
     </span>
     <span class='ocr_line' id='line_1_16' title="bbox 50 1923 1129 2010; baseline -0.001 -17"><span class='ocrx_word' id='word_1_102' title='bbox 50 1937 156 1993; x_wconf 89' lang='lat' dir='ltr'>tamen</span> <span class='ocrx_word' id='word_1_103' title='bbox 178 1926 254 1991; x_wconf 85' lang='lat' dir='ltr'>vitri</span> <span class='ocrx_word' id='word_1_104' title='bbox 276 1924 397 2002; x_wconf 91' lang='lat' dir='ltr'>induit,</span> <span class='ocrx_word' id='word_1_105' title='bbox 428 1923 515 2006; x_wconf 94' lang='lat' dir='ltr'>quod</span> <span class='ocrx_word' id='word_1_106' title='bbox 535 1923 688 1988; x_wconf 89' lang='lat' dir='ltr'>irradiat:</span> <span class='ocrx_word' id='word_1_107' title='bbox 721 1924 767 1988; x_wconf 93' lang='lat' dir='ltr'>sic</span> <span class='ocrx_word' id='word_1_108' title='bbox 790 1924 851 1988; x_wconf 90' lang='lat' dir='ltr'>Dei</span> <span class='ocrx_word' id='word_1_109' title='bbox 872 1924 974 1990; x_wconf 85' lang='lat' dir='ltr'>Filius</span> <span class='ocrx_word' id='word_1_110' title='bbox 995 1928 1129 2010; x_wconf 88' lang='lat' dir='ltr'>purissi-</span> 
     </span>
     <span class='ocr_line' id='line_1_17' title="bbox 49 2024 1129 2108; baseline 0 -16"><span class='ocrx_word' id='word_1_111' title='bbox 49 2049 133 2092; x_wconf 89' lang='lat' dir='ltr'>mum</span> <span class='ocrx_word' id='word_1_112' title='bbox 153 2025 296 2108; x_wconf 87' lang='lat' dir='ltr'>Virginis</span> <span class='ocrx_word' id='word_1_113' title='bbox 325 2031 456 2088; x_wconf 89' lang='lat' dir='ltr'>uterum</span> <span class='ocrx_word' id='word_1_114' title='bbox 483 2024 647 2106; x_wconf 87' lang='lat' dir='ltr'>ingressus</span> <span class='ocrx_word' id='word_1_115' title='bbox 667 2045 769 2106; x_wconf 90' lang='lat' dir='ltr'>purus</span> <span class='ocrx_word' id='word_1_116' title='bbox 798 2046 946 2108; x_wconf 91' lang='lat' dir='ltr'>egressus</span> <span class='ocrx_word' id='word_1_117' title='bbox 975 2033 1041 2104; x_wconf 90' lang='lat' dir='ltr'>est,</span> <span class='ocrx_word' id='word_1_118' title='bbox 1071 2029 1129 2092; x_wconf 91' lang='lat' dir='ltr'>sed</span> 
     </span>
     <span class='ocr_line' id='line_1_18' title="bbox 49 2122 1190 2206; baseline -0.001 -15"><span class='ocrx_word' id='word_1_119' title='bbox 49 2127 187 2191; x_wconf 91' lang='lat' dir='ltr'>colorem</span> <span class='ocrx_word' id='word_1_120' title='bbox 207 2123 367 2206; x_wconf 85' lang='lat' dir='ltr'>Virginis,</span> <span class='ocrx_word' id='word_1_121' title='bbox 390 2123 410 2186; x_wconf 93' lang='lat' dir='ltr'>i.</span> <span class='ocrx_word' id='word_1_122' title='bbox 435 2143 460 2186; x_wconf 92' lang='lat' dir='ltr'>e.</span> <span class='ocrx_word' id='word_1_123' title='bbox 482 2122 658 2186; x_wconf 86' lang='lat' dir='ltr'>humanam</span> <span class='ocrx_word' id='word_1_124' title='bbox 680 2123 823 2206; x_wconf 78' lang='lat' dir='ltr'>suscepit</span> <span class='ocrx_word' id='word_1_125' title='bbox 843 2130 994 2189; x_wconf 91' lang='lat' dir='ltr'>naturam</span> <span class='ocrx_word' id='word_1_126' title='bbox 1016 2125 1129 2190; x_wconf 90' lang='lat' dir='ltr'>burna-</span> <span class='ocrx_word' id='word_1_127' title='bbox 1188 2135 1190 2140; x_wconf 86' lang='lat'>&#39;</span> 
     </span>
     <span class='ocr_line' id='line_1_19' title="bbox 48 2220 996 2308; baseline -0.002 -18"><span class='ocrx_word' id='word_1_128' title='bbox 48 2245 173 2308; x_wconf 86' lang='lat' dir='ltr'>uaeque</span> <span class='ocrx_word' id='word_1_129' title='bbox 195 2222 316 2306; x_wconf 89' lang='lat' dir='ltr'>speciei</span> <span class='ocrx_word' id='word_1_130' title='bbox 338 2222 488 2286; x_wconf 86' lang='lat' dir='ltr'>decorem</span> <span class='ocrx_word' id='word_1_131' title='bbox 509 2220 616 2287; x_wconf 88' lang='lat' dir='ltr'>induit</span> <span class='ocrx_word' id='word_1_132' title='bbox 638 2229 671 2286; x_wconf 91' lang='lat' dir='ltr'>et</span> <span class='ocrx_word' id='word_1_133' title='bbox 693 2223 875 2304; x_wconf 89' lang='lat' dir='ltr'>praecinxit</span> <span class='ocrx_word' id='word_1_134' title='bbox 896 2225 996 2308; x_wconf 76' lang='lat' dir='ltr'>se.“²)</span> 
     </span>
    </p>
   </div>
   <div class='ocr_carea' id='block_1_6' title="bbox 47 2347 1207 3138">
    <p class='ocr_par' dir='ltr' id='par_1_6' title="bbox 47 2347 1207 3138">
     <span class='ocr_line' id='line_1_20' title="bbox 108 2347 1207 2440; baseline 0.002 -18"><span class='ocrx_word' id='word_1_135' title='bbox 108 2357 256 2422; x_wconf 91' lang='lat' dir='ltr'>Utuntur</span> <span class='ocrx_word' id='word_1_136' title='bbox 288 2354 428 2439; x_wconf 88' lang='lat' dir='ltr'>denique</span> <span class='ocrx_word' id='word_1_137' title='bbox 460 2378 500 2420; x_wconf 84' lang='lat' dir='ltr'>ss</span> <span class='ocrx_word' id='word_1_138' title='bbox 530 2354 644 2420; x_wconf 88' lang='lat' dir='ltr'>Patres</span> <span class='ocrx_word' id='word_1_139' title='bbox 673 2357 820 2440; x_wconf 86' lang='lat' dir='ltr'>exemplo</span> <span class='ocrx_word' id='word_1_140' title='bbox 852 2356 986 2421; x_wconf 84' lang='lat' dir='ltr'>sontis.</span> <span class='ocrx_word' id='word_1_141' title='bbox 1037 2357 1128 2424; x_wconf 86' lang='lat' dir='ltr'>Sicut</span> <span class='ocrx_word' id='word_1_142' title='bbox 1206 2347 1207 2350; x_wconf 22' lang='lat'>¹</span> 
     </span>
     <span class='ocr_line' id='line_1_21' title="bbox 49 2443 1129 2540; baseline 0 -19"><span class='ocrx_word' id='word_1_143' title='bbox 49 2458 139 2523; x_wconf 93' lang='lat' dir='ltr'>homo</span> <span class='ocrx_word' id='word_1_144' title='bbox 181 2455 327 2521; x_wconf 91' lang='lat' dir='ltr'>lucidum</span> <span class='ocrx_word' id='word_1_145' title='bbox 364 2455 539 2537; x_wconf 85' lang='lat' dir='ltr'>respiciens</span> <span class='ocrx_word' id='word_1_146' title='bbox 576 2453 700 2520; x_wconf 86' lang='lat' dir='ltr'>fontem</span> <span class='ocrx_word' id='word_1_147' title='bbox 732 2457 883 2540; x_wconf 87' lang='lat' dir='ltr'>propriae</span> <span class='ocrx_word' id='word_1_148' title='bbox 921 2477 999 2520; x_wconf 84' lang='lat' dir='ltr'>suae</span> <span class='ocrx_word' id='word_1_149' title='bbox 1032 2443 1129 2522; x_wconf 84' lang='lat' dir='ltr'>faciei</span> 
     </span>
     <span class='ocr_line' id='line_1_22' title="bbox 49 2554 1128 2641; baseline 0 -21"><span class='ocrx_word' id='word_1_150' title='bbox 49 2558 219 2641; x_wconf 88' lang='lat' dir='ltr'>imaginem</span> <span class='ocrx_word' id='word_1_151' title='bbox 258 2555 304 2619; x_wconf 95' lang='lat' dir='ltr'>ibi</span> <span class='ocrx_word' id='word_1_152' title='bbox 343 2554 516 2637; x_wconf 90' lang='lat' dir='ltr'>imprimit,</span> <span class='ocrx_word' id='word_1_153' title='bbox 559 2554 606 2618; x_wconf 91' lang='lat' dir='ltr'>ita</span> <span class='ocrx_word' id='word_1_154' title='bbox 646 2554 734 2619; x_wconf 91' lang='lat' dir='ltr'>Deus</span> <span class='ocrx_word' id='word_1_155' title='bbox 775 2555 950 2638; x_wconf 87' lang='lat' dir='ltr'>respiciens</span> <span class='ocrx_word' id='word_1_156' title='bbox 991 2555 1128 2620; x_wconf 86' lang='lat' dir='ltr'>ancillae</span> 
     </span>
     <span class='ocr_line' id='line_1_23' title="bbox 48 2652 1127 2738; baseline -0.001 -18"><span class='ocrx_word' id='word_1_157' title='bbox 48 2657 274 2734; x_wconf 88' lang='lat' dir='ltr'>humilitatem,</span> <span class='ocrx_word' id='word_1_158' title='bbox 292 2653 404 2718; x_wconf 87' lang='lat' dir='ltr'>statim</span> <span class='ocrx_word' id='word_1_159' title='bbox 422 2652 549 2717; x_wconf 86' lang='lat' dir='ltr'>divinae</span> <span class='ocrx_word' id='word_1_160' title='bbox 566 2654 721 2735; x_wconf 90' lang='lat' dir='ltr'>puritatis</span> <span class='ocrx_word' id='word_1_161' title='bbox 741 2662 775 2720; x_wconf 89' lang='lat' dir='ltr'>et</span> <span class='ocrx_word' id='word_1_162' title='bbox 793 2654 1004 2719; x_wconf 82' lang='lat' dir='ltr'>fecunditatis</span> <span class='ocrx_word' id='word_1_163' title='bbox 1022 2655 1127 2738; x_wconf 92' lang='lat' dir='ltr'>imago</span> 
     </span>
     <span class='ocr_line' id='line_1_24' title="bbox 48 2750 1128 2836; baseline -0.001 -18"><span class='ocrx_word' id='word_1_164' title='bbox 48 2757 78 2819; x_wconf 91' lang='lat' dir='ltr'>in</span> <span class='ocrx_word' id='word_1_165' title='bbox 99 2756 239 2821; x_wconf 89' lang='lat' dir='ltr'>Mariam</span> <span class='ocrx_word' id='word_1_166' title='bbox 261 2753 388 2817; x_wconf 87' lang='lat' dir='ltr'>vibrata</span> <span class='ocrx_word' id='word_1_167' title='bbox 409 2750 547 2816; x_wconf 83' lang='lat' dir='ltr'>refulsit.</span> <span class='ocrx_word' id='word_1_168' title='bbox 590 2751 716 2833; x_wconf 83' lang='lat' dir='ltr'>,Maria</span> <span class='ocrx_word' id='word_1_169' title='bbox 737 2751 817 2832; x_wconf 86' lang='lat' dir='ltr'>fons,</span> <span class='ocrx_word' id='word_1_170' title='bbox 841 2753 948 2836; x_wconf 89' lang='lat' dir='ltr'>inquit</span> <span class='ocrx_word' id='word_1_171' title='bbox 969 2752 1128 2817; x_wconf 89' lang='lat' dir='ltr'>Richar-</span> 
     </span>
     <span class='ocr_line' id='line_1_25' title="bbox 49 2849 1127 2935; baseline -0.003 -16"><span class='ocrx_word' id='word_1_172' title='bbox 49 2856 115 2921; x_wconf 91' lang='lat' dir='ltr'>dus</span> <span class='ocrx_word' id='word_1_173' title='bbox 136 2877 157 2920; x_wconf 86' lang='lat' dir='ltr'>a</span> <span class='ocrx_word' id='word_1_174' title='bbox 179 2877 203 2918; x_wconf 90' lang='lat' dir='ltr'>s.</span> <span class='ocrx_word' id='word_1_175' title='bbox 223 2852 450 2930; x_wconf 87' lang='lat' dir='ltr'>Laurentio,</span> <span class='ocrx_word' id='word_1_176' title='bbox 470 2851 572 2915; x_wconf 82' lang='lat' dir='ltr'>vicem</span> <span class='ocrx_word' id='word_1_177' title='bbox 591 2851 714 2934; x_wconf 89' lang='lat' dir='ltr'>speculi</span> <span class='ocrx_word' id='word_1_178' title='bbox 734 2851 879 2935; x_wconf 82' lang='lat' dir='ltr'>supplet3</span> <span class='ocrx_word' id='word_1_179' title='bbox 901 2850 1001 2916; x_wconf 84' lang='lat' dir='ltr'>facies</span> <span class='ocrx_word' id='word_1_180' title='bbox 1020 2849 1127 2917; x_wconf 91' lang='lat' dir='ltr'>Patris</span> 
     </span>
     <span class='ocr_line' id='line_1_26' title="bbox 48 2948 1128 3032; baseline -0.002 -14"><span class='ocrx_word' id='word_1_181' title='bbox 48 2954 129 3020; x_wconf 89' lang='lat' dir='ltr'>filius</span> <span class='ocrx_word' id='word_1_182' title='bbox 159 2959 224 3032; x_wconf 82' lang='lat' dir='ltr'>est3</span> <span class='ocrx_word' id='word_1_183' title='bbox 256 2952 340 3016; x_wconf 90' lang='lat' dir='ltr'>hanc</span> <span class='ocrx_word' id='word_1_184' title='bbox 372 2956 482 3015; x_wconf 91' lang='lat' dir='ltr'>autem</span> <span class='ocrx_word' id='word_1_185' title='bbox 514 2948 631 3013; x_wconf 82' lang='lat' dir='ltr'>faciem</span> <span class='ocrx_word' id='word_1_186' title='bbox 663 2949 757 3014; x_wconf 91' lang='lat' dir='ltr'>uobis</span> <span class='ocrx_word' id='word_1_187' title='bbox 789 2949 933 3015; x_wconf 88' lang='lat' dir='ltr'>reddidit</span> <span class='ocrx_word' id='word_1_188' title='bbox 961 2950 1033 3015; x_wconf 87' lang='lat' dir='ltr'>lons</span> <span class='ocrx_word' id='word_1_189' title='bbox 1065 2952 1128 3016; x_wconf 90' lang='lat' dir='ltr'>iste</span> 
     </span>
     <span class='ocr_line' id='line_1_27' title="bbox 47 3048 1128 3138; baseline -0.001 -22"><span class='ocrx_word' id='word_1_190' title='bbox 47 3054 238 3138; x_wconf 89' lang='lat' dir='ltr'>respiciente</span> <span class='ocrx_word' id='word_1_191' title='bbox 265 3051 362 3116; x_wconf 87' lang='lat' dir='ltr'>Patre</span> <span class='ocrx_word' id='word_1_192' title='bbox 389 3048 610 3114; x_wconf 89' lang='lat' dir='ltr'>humilitatem</span> <span class='ocrx_word' id='word_1_193' title='bbox 638 3048 777 3114; x_wconf 86' lang='lat' dir='ltr'>ancillae</span> <span class='ocrx_word' id='word_1_194' title='bbox 808 3051 915 3114; x_wconf 80' lang='lat' dir='ltr'>suae.“</span> <span class='ocrx_word' id='word_1_195' title='bbox 960 3048 1128 3116; x_wconf 87' lang='lat' dir='ltr'>Sufficiant</span> 
     </span>
    </p>
   </div>
   <div class='ocr_carea' id='block_1_7' title="bbox 47 3152 342 3220">
    <p class='ocr_par' dir='ltr' id='par_1_7' title="bbox 47 3152 342 3220">
     <span class='ocr_line' id='line_1_28' title="bbox 47 3152 342 3220; baseline -0.014 -2"><span class='ocrx_word' id='word_1_196' title='bbox 47 3155 121 3220; x_wconf 91' lang='lat' dir='ltr'>haec</span> <span class='ocrx_word' id='word_1_197' title='bbox 142 3152 342 3219; x_wconf 89' lang='lat' dir='ltr'>testimonia.</span> 
     </span>
    </p>
   </div>
   <div class='ocr_carea' id='block_1_8' title="bbox 47 3270 1129 3654">
    <p class='ocr_par' dir='ltr' id='par_1_8' title="bbox 47 3270 1129 3654">
     <span class='ocr_line' id='line_1_29' title="bbox 102 3270 1127 3358; baseline -0.003 -15"><span class='ocrx_word' id='word_1_198' title='bbox 102 3278 206 3343; x_wconf 85' lang='lat' dir='ltr'>Juxta</span> <span class='ocrx_word' id='word_1_199' title='bbox 245 3274 371 3358; x_wconf 90' lang='lat' dir='ltr'>aliquot</span> <span class='ocrx_word' id='word_1_200' title='bbox 409 3279 520 3337; x_wconf 89' lang='lat' dir='ltr'>tamen</span> <span class='ocrx_word' id='word_1_201' title='bbox 559 3270 673 3336; x_wconf 90' lang='lat' dir='ltr'>Patres</span> <span class='ocrx_word' id='word_1_202' title='bbox 713 3271 746 3336; x_wconf 92' lang='lat' dir='ltr'>in</span> <span class='ocrx_word' id='word_1_203' title='bbox 786 3271 908 3338; x_wconf 84' lang='lat' dir='ltr'>Christi</span> <span class='ocrx_word' id='word_1_204' title='bbox 945 3272 1127 3340; x_wconf 87' lang='lat' dir='ltr'>Nativitate</span> 
     </span>
     <span class='ocr_line' id='line_1_30' title="bbox 48 3369 1127 3459; baseline -0.002 -19"><span class='ocrx_word' id='word_1_205' title='bbox 48 3376 152 3442; x_wconf 92' lang='lat' dir='ltr'>uteri</span> <span class='ocrx_word' id='word_1_206' title='bbox 177 3381 371 3459; x_wconf 90' lang='lat' dir='ltr'>apertura</span> <span class='ocrx_word' id='word_1_207' title='bbox 392 3371 502 3436; x_wconf 87' lang='lat' dir='ltr'>iacta</span> <span class='ocrx_word' id='word_1_208' title='bbox 523 3369 633 3449; x_wconf 85' lang='lat' dir='ltr'>fuisse,</span> <span class='ocrx_word' id='word_1_209' title='bbox 655 3370 721 3435; x_wconf 92' lang='lat' dir='ltr'>imo</span> <span class='ocrx_word' id='word_1_210' title='bbox 744 3370 893 3437; x_wconf 82' lang='lat' dir='ltr'>Christus</span> <span class='ocrx_word' id='word_1_211' title='bbox 913 3371 1027 3437; x_wconf 91' lang='lat' dir='ltr'>matris</span> <span class='ocrx_word' id='word_1_212' title='bbox 1049 3394 1127 3438; x_wconf 90' lang='lat' dir='ltr'>suae</span> 
     </span>
     <span class='ocr_line' id='line_1_31' title="bbox 47 3470 1129 3557; baseline -0.001 -18"><span class='ocrx_word' id='word_1_213' title='bbox 47 3483 174 3541; x_wconf 89' lang='lat' dir='ltr'>uterum</span> <span class='ocrx_word' id='word_1_214' title='bbox 200 3473 366 3557; x_wconf 82' lang='lat' dir='ltr'>aperuisse</span> <span class='ocrx_word' id='word_1_215' title='bbox 394 3470 533 3535; x_wconf 85' lang='lat' dir='ltr'>videtur.</span> <span class='ocrx_word' id='word_1_216' title='bbox 578 3470 671 3552; x_wconf 84' lang='lat' dir='ltr'>,Etsi</span> <span class='ocrx_word' id='word_1_217' title='bbox 692 3470 791 3553; x_wconf 90' lang='lat' dir='ltr'>Virgo</span> <span class='ocrx_word' id='word_1_218' title='bbox 822 3472 983 3554; x_wconf 90' lang='lat' dir='ltr'>concepit,</span> <span class='ocrx_word' id='word_1_219' title='bbox 1014 3472 1129 3539; x_wconf 91' lang='lat' dir='ltr'>scribit</span> 
     </span>
     <span class='ocr_line' id='line_1_32' title="bbox 48 3561 1128 3654; baseline -0.003 -17"><span class='ocrx_word' id='word_1_220' title='bbox 48 3561 372 3654; x_wconf 81' lang='lat' dir='ltr'>Tertullianus,³)</span> <span class='ocrx_word' id='word_1_221' title='bbox 412 3571 446 3633; x_wconf 91' lang='lat' dir='ltr'>in</span> <span class='ocrx_word' id='word_1_222' title='bbox 478 3577 576 3652; x_wconf 89' lang='lat' dir='ltr'>partu</span> <span class='ocrx_word' id='word_1_223' title='bbox 609 3590 667 3633; x_wconf 93' lang='lat' dir='ltr'>suo</span> <span class='ocrx_word' id='word_1_224' title='bbox 698 3570 827 3652; x_wconf 85' lang='lat' dir='ltr'>nupsit3</span> <span class='ocrx_word' id='word_1_225' title='bbox 867 3570 939 3653; x_wconf 89' lang='lat' dir='ltr'>ipsa</span> <span class='ocrx_word' id='word_1_226' title='bbox 970 3570 1128 3653; x_wconf 82' lang='lat' dir='ltr'>patefacti</span> 
     </span>
    </p>
   </div>
   <div class='ocr_carea' id='block_1_9' title="bbox 48 3743 240 3755">
    <p class='ocr_par' dir='ltr' id='par_1_9' title="bbox 48 3743 240 3755">
     <span class='ocr_line' id='line_1_33' title="bbox 48 3743 240 3755; baseline -0.01 -1"><span class='ocrx_word' id='word_1_227' title='bbox 48 3743 240 3755; x_wconf 46' lang='grc' dir='ltr'>ᾕ-</span> 
     </span>
    </p>
   </div>
   <div class='ocr_carea' id='block_1_10' title="bbox 48 3834 1126 3989">
    <p class='ocr_par' dir='ltr' id='par_1_10' title="bbox 48 3834 1126 3989">
     <span class='ocr_line' id='line_1_34' title="bbox 108 3834 1126 3908; baseline -0.006 -11"><span class='ocrx_word' id='word_1_228' title='bbox 108 3843 127 3908; x_wconf 88' lang='lat'>¹)</span> <span class='ocrx_word' id='word_1_229' title='bbox 145 3841 202 3898; x_wconf 83' lang='lat' dir='ltr'>Cir.</span> <span class='ocrx_word' id='word_1_230' title='bbox 215 3840 347 3908; x_wconf 79' lang='lat' dir='ltr'>Theolog.</span> <span class='ocrx_word' id='word_1_231' title='bbox 363 3841 449 3894; x_wconf 87' lang='lat' dir='ltr'>ment.</span> <span class='ocrx_word' id='word_1_232' title='bbox 466 3841 495 3892; x_wconf 87' lang='lat' dir='ltr'>et</span> <span class='ocrx_word' id='word_1_233' title='bbox 512 3852 588 3906; x_wconf 86' lang='lat' dir='ltr'>corp.</span> <span class='ocrx_word' id='word_1_234' title='bbox 607 3835 749 3890; x_wconf 80' lang='lat' dir='ltr'>vincentii</span> <span class='ocrx_word' id='word_1_235' title='bbox 767 3835 925 3890; x_wconf 87' lang='lat' dir='ltr'>Contenson</span> <span class='ocrx_word' id='word_1_236' title='bbox 944 3835 1009 3890; x_wconf 84' lang='lat' dir='ltr'>diss.</span> <span class='ocrx_word' id='word_1_237' title='bbox 1026 3834 1065 3892; x_wconf 93' lang='lat' dir='ltr'>Vl</span> <span class='ocrx_word' id='word_1_238' title='bbox 1082 3851 1126 3904; x_wconf 88' lang='lat' dir='ltr'>cp.</span> 
     </span>
     <span class='ocr_line' id='line_1_35' title="bbox 48 3916 1126 3989; baseline 0 -16"><span class='ocrx_word' id='word_1_239' title='bbox 48 3921 77 3979; x_wconf 91' lang='lat' dir='ltr'>ll.</span> <span class='ocrx_word' id='word_1_240' title='bbox 93 3925 142 3979; x_wconf 90' lang='lat' dir='ltr'>lib.</span> <span class='ocrx_word' id='word_1_241' title='bbox 161 3927 211 3979; x_wconf 92' lang='lat'>10.·</span> <span class='ocrx_word' id='word_1_242' title='bbox 240 3925 262 3989; x_wconf 68' lang='grc' dir='ltr'>Ξ)</span> <span class='ocrx_word' id='word_1_243' title='bbox 280 3922 398 3976; x_wconf 80' lang='lat' dir='ltr'>Easdem</span> <span class='ocrx_word' id='word_1_244' title='bbox 417 3919 637 3988; x_wconf 82' lang='lat' dir='ltr'>comparationes</span> <span class='ocrx_word' id='word_1_245' title='bbox 654 3917 770 3987; x_wconf 83' lang='lat' dir='ltr'>praebet</span> <span class='ocrx_word' id='word_1_246' title='bbox 788 3917 898 3984; x_wconf 67' lang='lat' dir='ltr'>(letech.</span> <span class='ocrx_word' id='word_1_247' title='bbox 916 3918 996 3972; x_wconf 88' lang='lat' dir='ltr'>Rom.</span> <span class='ocrx_word' id='word_1_248' title='bbox 1013 3916 1036 3987; x_wconf 86' lang='lat'>1,</span> <span class='ocrx_word' id='word_1_249' title='bbox 1053 3917 1084 3973; x_wconf 90' lang='lat' dir='ltr'>P.</span> <span class='ocrx_word' id='word_1_250' title='bbox 1101 3935 1126 3974; x_wconf 89' lang='lat' dir='ltr'>a.</span> 
     </span>
    </p>
   </div>
   <div class='ocr_carea' id='block_1_11' title="bbox 50 4001 962 4137">
    <p class='ocr_par' dir='ltr' id='par_1_11' title="bbox 50 4001 962 4137">
     <span class='ocr_line' id='line_1_36' title="bbox 50 4001 962 4137; baseline -0.011 -76"><span class='ocrx_word' id='word_1_251' title='bbox 50 4006 93 4063; x_wconf 85' lang='lat'>111.</span> <span class='ocrx_word' id='word_1_252' title='bbox 127 4010 149 4074; x_wconf 85' lang='lat'>³)</span> <span class='ocrx_word' id='word_1_253' title='bbox 168 4005 231 4062; x_wconf 86' lang='lat' dir='ltr'>Lib.</span> <span class='ocrx_word' id='word_1_254' title='bbox 250 4005 285 4059; x_wconf 88' lang='lat' dir='ltr'>de</span> <span class='ocrx_word' id='word_1_255' title='bbox 303 4020 386 4059; x_wconf 86' lang='lat' dir='ltr'>carue</span> <span class='ocrx_word' id='word_1_256' title='bbox 404 4001 506 4058; x_wconf 79' lang='lat' dir='ltr'>Christi</span> <span class='ocrx_word' id='word_1_257' title='bbox 523 4017 567 4071; x_wconf 85' lang='lat' dir='ltr'>cp.</span> <span class='ocrx_word' id='word_1_258' title='bbox 584 4004 607 4057; x_wconf 86' lang='lat'>4.</span> <span class='ocrx_word' id='word_1_259' title='bbox 930 4081 962 4137; x_wconf 83' lang='lat'>9*</span> 
     </span>
    </p>
   </div>
   <div class='ocr_carea' id='block_1_12' title="bbox 0 0 1370 4564">
    <p class='ocr_par' dir='ltr' id='par_1_12' title="bbox 0 0 1370 4564">
     <span class='ocr_line' id='line_1_37' title="bbox 0 0 1370 4564; baseline 0 1"><span class='ocrx_word' id='word_1_260' title='bbox 0 0 1370 4564; x_wconf 95' lang='lat' dir='ltr'> </span> 
     </span>
    </p>
   </div>
  </div>
 </body>
</html>
