2782 4554
725 321 785 381 518

209 481 358 546 omnibus
386 481 459 546 aliis
491 481 605 565 gratiis
638 480 852 564 omnibusque
881 479 1058 545 virtutibus
1089 481 1120 544 b.
1150 480 1302 565 Virginis

209 580 358 664 superior
379 579 452 645 fuit.
762 575 764 578 ’

271 679 449 744 Audiamus
480 678 607 762 aliquot
628 678 745 744 saltem
767 677 934 761 theologos
955 677 1018 742 hac
1039 675 1079 740 de
1102 679 1302 760 quaestione

209 777 426 861 disputantes.
1386 851 1387 870 ἦ

270 877 461 941 Albertus
497 876 658 959 Magnus
695 875 912 959 quadraginta
945 875 1092 958 assignat
1107 876 1130 958 ¹)
1169 897 1301 955 causas,

209 998 268 1040 cur
306 977 337 1040 b.
376 976 539 1058 Virginem
577 996 700 1039 summe
736 965 884 1039 uenerari
923 974 1114 1053 debeamus,
1156 997 1302 1058 quarum

209 1075 354 1139 omnium
375 1075 552 1157 praecipua
581 1081 615 1139 et
635 1075 741 1157 prima
768 1074 853 1139 ratio
883 1075 990 1139 cultus
1012 1074 1219 1157 hyperdulici
1248 1084 1301 1140 est

211 1173 352 1256 dignitas
386 1174 512 1237 divinae
541 1173 770 1238 maternitatis
815 1173 961 1238 Eandem
990 1173 1175 1238 doctrinam
1203 1181 1301 1239 tenet
1386 1167 1387 1170 ¹

211 1272 429 1355 Dionysius
465 1271 767 1337 Carthasianus.
814 1272 942 1352 ,Primo
978 1273 1093 1354 igitur,
1131 1273 1299 1356 inquit,²)
1386 1337 1387 1340 ,

210 1371 315 1436 Maria
337 1371 529 1436 honoranda
551 1378 600 1437 est
622 1372 714 1436 nobis
743 1371 870 1436 ratione
893 1393 971 1436 suae
993 1372 1180 1455 dignitatis,
1212 1394 1299 1455 quae
1386 1407 1387 1414 1

210 1469 352 1552 dignitas
375 1477 424 1535 est
442 1471 644 1550 maternitas,
663 1491 722 1554 per
744 1492 841 1554 quam
863 1471 1114 1554 comparentalis
1136 1479 1188 1536 est
1206 1471 1302 1536 Patri

210 1575 361 1633 aeterno:
385 1570 419 1633 id
442 1577 492 1634 est
512 1591 631 1652 parens
654 1570 798 1652 ejusdem
816 1570 900 1648 Filii,
924 1571 1015 1653 cujus
1037 1571 1091 1634 ille
1114 1577 1166 1636 est
1187 1570 1300 1636 Pater.

210 1666 274 1732 Per
300 1667 383 1732 hano
419 1668 613 1758 dignitatem
641 1669 824 1734 mirabilem
856 1669 1067 1734 excellentior
1096 1671 1186 1735 omni
1215 1693 1303 1753 pura

210 1772 261 1830 est
282 1774 443 1844 creatura,
464 1773 498 1832 et
519 1767 644 1832 cunctis
666 1769 825 1833 creaturis
843 1769 1001 1851 praelata,
1021 1775 1137 1851 utpote
1156 1769 1302 1834 Domina
1386 1805 1387 1808 ¹

142 1859 144 1866 ⁴
211 1863 418 1947 Angelorum,
432 1865 558 1948 Regina
580 1866 752 1946 coelorum,
776 1867 883 1932 Mater
909 1875 942 1932 et
963 1867 1129 1932 Advocata
1152 1871 1301 1934 omnium
1386 1907 1387 1940 2

210 1964 409 2029 hominum.“
451 1958 524 2030 Nisi
544 1987 642 2048 porro
669 1967 817 2031 Doctor
845 1967 1085 2050 Seraphicus
1115 1967 1203 2032 idem
1227 1990 1302 2033 sen·
1386 1955 1387 2014 l

211 2063 324 2142 sisset,
354 2063 502 2146 profecto
532 2087 596 2129 non
624 2065 810 2148 dixisset:³)
844 2066 1024 2148 ,Quoniam
1054 2066 1083 2131 b.
1112 2065 1214 2150 Virgo
1246 2090 1302 2132 ex·

211 2161 480 2228 cellentissimum
501 2182 620 2228 nomen
640 2164 749 2241 habet,
779 2165 828 2229 ita
850 2166 938 2248 quod
959 2165 1173 2230 excellentius
1195 2169 1300 2249 purae

212 2267 383 2326 creaturae
407 2265 578 2328 convenire
599 2285 664 2328 nou
685 2271 810 2350 potest,
823 2265 896 2330 ideo
918 2287 983 2329 non
1004 2271 1134 2330 tantum
1156 2265 1302 2332 debetur

212 2359 244 2424 ei
265 2359 369 2426 honor
392 2362 509 2443 duliae,
533 2362 590 2427 sed
611 2362 854 2445 hyperduliae.“

274 2459 400 2524 Similia
421 2460 560 2526 tradidit
582 2461 731 2526 Doctor
751 2461 967 2544 Angelicus
994 2461 1037 2526 ad
1059 2464 1298 2545 quaestionem,

212 2565 323 2623 utrum
343 2566 450 2625 mater
471 2560 592 2625 Christi
614 2561 658 2640 sit
679 2559 846 2624 adoranda
866 2560 1058 2625 adoratione
1081 2561 1217 2642 latriae,
1250 2564 1300 2628 ita

210 2658 425 2740 respondens:
440 2669 444 2677 “
459 2658 676 2739 ,Dicendum
707 2659 795 2742 quod
824 2659 902 2742 quia
929 2659 1028 2723 latria
1057 2660 1119 2724 soli
1142 2660 1213 2725 Deo
1244 2661 1300 2726 de-
1386 2725 1387 2730 ,

211 2755 323 2835 betur,
357 2757 439 2822 nulli
468 2765 639 2836 creaturae
669 2758 808 2822 debetur
835 2757 949 2836 latria,
982 2764 1081 2840 prout
1110 2765 1298 2824 creaturam
1386 2783 1387 2842 ἦ

210 2856 389 2921 secundum
418 2879 453 2921 11
482 2857 682 2922 veneramur.
725 2857 819 2922 Licet
847 2863 958 2922 autem
987 2864 1158 2921 creaturae
1189 2858 1299 2922 insen·

211 2955 323 3020 sibiles
344 2978 409 3020 non
440 2957 506 3021 sint
527 2978 663 3040 capaces
685 2957 903 3021 venerationis
932 2955 1111 3020 secundum
1140 2978 1175 3021 11
1198 2957 1296 3041 ipsas,

212 3061 363 3118 creatura
379 3062 489 3119 tamen
506 3057 676 3122 rationalis
695 3063 745 3120 est
761 3077 865 3138 capax
881 3054 1099 3120 venerationis
1116 3056 1298 3120 secundum

211 3174 247 3217 se
267 3153 379 3236 ipsam.
421 3153 464 3218 Et
482 3154 555 3219 ideo
575 3155 657 3220 nulli
674 3176 776 3237 purae
795 3161 964 3218 creaturae
983 3154 1137 3218 rationali
1156 3155 1299 3220 debetur

211 3252 320 3316 cultus
346 3253 472 3317 latriae.
517 3254 622 3331 Quum
650 3255 751 3337 igitur
779 3253 811 3318 b.
833 3253 932 3336 Virgo
962 3241 1012 3317 sit
1033 3275 1116 3336 pura
1144 3262 1298 3319 creatura

212 3350 398 3429 rationalis,
431 3373 496 3416 non
523 3352 662 3417 debetur
695 3353 724 3416 ei
756 3352 905 3416 adoratio
937 3351 1070 3430 latriae,
1104 3353 1162 3416 1111
1192 3354 1297 3418 solum

212 3450 378 3515 veneratio
411 3451 535 3530 duliae,
570 3451 810 3516 eminentius
843 3457 987 3526 tamen,
1024 3473 1122 3534 quam
1154 3453 1296 3517 caeteris

211 3551 381 3630 creaturis
413 3553 451 3615 in
480 3558 670 3635 quantum
700 3558 760 3616 est
789 3551 875 3633 ipsa
897 3550 1025 3616 Mater
1047 3550 1134 3614 Dei:
1168 3557 1202 3615 et
1223 3551 1298 3615 ideo

211 3647 348 3726 dicitur,
383 3650 469 3732 quod
498 3650 635 3716 debetur
668 3651 698 3714 ei
726 3672 792 3714 non
823 3649 1068 3733 qualiscumque
1099 3649 1206 3727 dulia,
1240 3650 1299 3714 sed

282 3884 300 3948 1)
318 3882 358 3937 ne
380 3882 456 3937 uua
477 3881 630 3936 1111111
653 3882 703 3936 11.
718 3887 743 3937 1.
784 3883 806 3946 2)
823 3881 864 3936 11
886 3841 959 3936 visa.
980 3879 1117 3934 1111.
1159 3879 1181 3946 ³)
1198 3879 1232 3934 Iu
1250 3880 1299 3948 ru,

217 3963 294 4018 Sent.
313 3964 374 4019 dist.
392 3966 440 4031 IX,
458 3969 505 4019 al
520 3981 537 4032 q
559 3969 653 4020 3tom.
673 3964 721 4020 lll.
754 3966 776 4030 ⁴)
795 3963 846 4032 Ill,
862 3982 890 4033 p.
907 3982 933 4033 q.
952 3963 1036 4028 XXV,
1053 3967 1106 4018 art.
1113 3962 1148 4028 V,
1164 3962 1195 4016 in
1211 3964 1301 4019 coucl.
