2730 4564
515 354 571 413 107

38 513 147 576 servavit
165 512 339 596 signacula,
358 534 459 595 quum
480 511 585 576 exiret
606 533 646 577 ex
661 512 853 595 Virgine...
876 515 965 580 Haec
986 521 1082 597 porta

36 609 229 676 adorientem
255 610 484 695 respiciebat,
501 611 655 694 quoniam
680 634 792 676 rerum
817 612 928 678 lumen
954 613 1079 693 effudit,

37 729 96 788 qnae
114 712 276 791 generavit
297 711 455 776 orientem
475 711 668 794 peperitque
689 711 790 775 solem
807 712 987 812 justitiae.“

82 843 100 880 ε.
127 815 423 882 Nabuchodonosor
449 839 506 882 rex
533 824 708 892 statuam
736 819 831 898 vidit3
859 820 963 903 lapis
989 842 1080 886 vero

35 916 206 982 demente
234 919 303 982 siue
330 917 480 982 manibus
506 917 668 982 abscissus
693 924 800 982 totam
825 925 969 984 statuam
996 942 1080 985 com-

35 1016 122 1081 minuit
150 1017 341 1099 redegitque
373 1017 407 1079 in
438 1015 612 1099 pulverem.
665 1015 764 1098 Lapis
795 1017 866 1096 ille,
900 1040 939 1082 ex
970 1025 1081 1083 monte

35 1115 81 1178 siue
111 1116 256 1181 manibus
295 1115 436 1193 excisus,
474 1115 507 1177 in
543 1122 688 1179 montem
725 1137 873 1180 crescens
911 1123 1080 1201 totamque

34 1217 124 1277 terram
152 1214 291 1297 implens
325 1220 376 1278 est
407 1214 572 1292 Christus,
606 1221 703 1279 natus
739 1214 779 1279 de
812 1223 915 1280 matre
947 1216 1080 1300 Virgine

34 1312 81 1375 sine
98 1315 241 1379 manibus
264 1314 556 1397 complectentium.
595 1313 688 1394 ,Jam
707 1313 785 1395 quid
803 1313 843 1378 de
861 1314 917 1378 illo
937 1315 1082 1379 Danielis

34 1418 115 1475 monte
144 1413 266 1491 dicam,
299 1414 405 1496 inquit
438 1435 461 1478 s.
490 1414 663 1479 Joannes
697 1412 1009 1496 Damascenus,¹)
1043 1435 1083 1478 ex

35 1529 79 1588 quo
105 1513 267 1594 angularis
298 1513 381 1595 lapis
410 1513 558 1578 Christus
587 1513 644 1576 ita·
666 1511 828 1576 abscissus
856 1519 921 1591 est,
953 1519 992 1577 ut
1023 1513 1083 1576 viri

33 1607 142 1674 cultrum
168 1612 302 1676 minime
328 1612 485 1676 subierit?
517 1611 568 1676 An
594 1633 658 1674 non
686 1632 738 1687 ea,
768 1631 852 1692 quae
873 1611 1016 1693 peperit,
1044 1632 1082 1675 ac

33 1725 116 1772 nimus
145 1711 233 1793 virgo
267 1711 486 1792 permansit?“
527 1708 693 1776 Sufficiant
724 1709 804 1772 haec
838 1709 878 1773 de
912 1709 1081 1792 symbolis3

33 1825 145 1872 termus
839 1890 843 1897 ¹

76 1912 99 1975 b.
128 1917 168 1980 ad
199 1937 316 1980 voces
349 1915 623 1999 propheticas,
657 1916 775 1998 quibus
806 1916 840 1979 in
872 1915 975 1979 veteri
1006 1914 1081 1978 Tes-

33 2015 146 2079 tamento
175 2022 353 2098 conceptus
382 2014 544 2097 virgineus
571 2013 823 2096 praenuntiatus
851 2021 884 2078 et
910 2012 1083 2078 adumbra-

34 2117 70 2174 tus
86 2113 149 2180 luit.
561 2109 564 2114 ¹

79 2249 102 2284 a.
136 2225 165 2289 S.
198 2223 363 2305 Deiparae
394 2220 578 2304 virginitas,
618 2220 646 2283 si
676 2241 742 2284 non
775 2219 896 2283 diserte
928 2219 1081 2297 traditur,

34 2321 107 2386 tacite
127 2324 244 2389 saltem
264 2323 420 2401 innuitur,
442 2342 543 2404 quum
561 2320 649 2384 Deus
670 2319 705 2382 in
724 2317 876 2400 paradiso
890 2315 1083 2400 'serpentem

35 2415 98 2484 hisce
112 2423 372 2507 alloquebatur-2)
394 2419 514 2485 verbis:
537 2417 799 2501 ,Inimicitias
816 2438 956 2499 ponam
977 2418 1084 2504 inter

34 2523 59 2579 te
76 2529 107 2585 et
129 2523 343 2601 mulierem,
367 2526 406 2586 et
433 2541 563 2584 semen
584 2526 694 2583 tuum
721 2524 760 2582 et
787 2537 917 2580 semen
938 2514 1082 2579 illius.“

33 2615 76 2681 Hic
92 2623 228 2687 mulieris
252 2628 286 2686 et
314 2619 445 2685 seminis
474 2617 619 2683 mulieris
646 2614 872 2682 tantummodo
901 2612 940 2680 fit
960 2614 1082 2678 mentio

34 2721 187 2800 etquidem
208 2721 342 2786 seminis
363 2727 432 2784 tam
458 2717 609 2796 efficacis,
638 2716 730 2799 cujus
752 2715 874 2778 virtute
896 2718 996 2796 caput
1017 2735 1084 2777 ser·

34 2818 114 2892 pontis
133 2825 359 2885 contereretur
379 2825 413 2882 et
434 2838 545 2881 omnes
566 2821 679 2899 gentes
694 2813 976 2879 benedicerentur.
1014 2811 1083 2875 Hoc

34 2915 190 2983 vaticinium
218 2920 255 2982 in
282 2917 433 2993 Mariam,
466 2915 547 2978 nihil
575 2936 649 2978 cum
679 2915 748 2977 viro
776 2912 965 2988 habentem,
998 2931 1084 2975 com·

35 3019 119 3088 petere
142 3018 262 3082 docent
288 3015 442 3098 permulti
473 3037 513 3078 ss,
541 3014 656 3078 Patres
682 3034 731 3094 vg.
760 3010 989 3094 Cyprianus,³)
1018 3009 1083 3073 Leo

34 3106 180 3199 dignust)
196 3115 411 3198 Epiphanius
419 3115 444 3197 5)
460 3112 688 3193 Bernardus⁶)
723 3110 918 3174 Nominatur
934 3107 1083 3172 Christus

34 3227 116 3276 semen
138 3214 334 3292 mulieris,
362 3235 427 3278 non
447 3235 522 3278 vero
549 3213 638 3290 viri,
667 3218 706 3275 ut
727 3208 979 3292 significaretur,
1008 3229 1085 3271 eum

35 3326 61 3369 ol
76 3311 196 3396 Virgine
217 3314 343 3395 absque
364 3312 449 3376 virili
471 3311 662 3376 commercio
684 3331 754 3374 esse
776 3309 987 3374 nasciturum.

77 3425 101 3498 β.
129 3421 166 3485 In
185 3421 272 3485 libro
294 3419 472 3502 Levitici,⁷)
495 3419 552 3484 ubi
574 3418 628 3481 lex
648 3415 815 3500 puerperii
835 3414 995 3492 traditur,
1019 3435 1085 3478 non

34 3511 126 3582 dicitnr
149 3520 314 3584 absolute:
347 3518 499 3602 ,Mulier,
529 3518 562 3583 si
589 3515 755 3600 pepererit
783 3513 997 3590 masculum,“
1027 3512 1085 3577 sed

35 3661 199 3680 κ*

82 3747 98 3812 ι)
117 3749 155 3803 De
171 3749 279 3804 Mariae
302 3748 469 3802 dormitione
486 3751 556 3802 orat.
576 3746 595 3801 l.
636 3746 658 3812 ²)
680 3745 748 3799 Gen.
765 3741 819 3810 Ill,
844 3743 883 3799 lo.
926 3744 947 3810 8)
969 3742 1030 3798 Lib.
1050 3743 1085 3806 11,

34 3827 111 3882 testim.
126 3847 185 3900 opp.
203 3835 221 3886 8
237 3837 266 3886 et
282 3833 307 3884 9.
357 3831 379 3896 ⁴)
405 3831 445 3883 De
463 3830 616 3884 Nativitnte
632 3828 744 3882 Domini
766 3843 848 3883 serm.
865 3829 889 3880 2.
929 3828 951 3893 ⁶)
972 3825 1085 3878 Haeres.

35 3901 259 4061 lxcldssxlirn'offi
300 3916 321 3982 ο)
339 3915 371 3968 ln
388 3929 469 3968 serm.
486 3912 560 3967 infra
576 3912 709 3968 Octavam
726 3909 929 3979 Arsumptionis
946 3909 978 3963 B.
993 3907 1033 3962 Μ.
1051 3906 1086 3962 V.
