2728 4560
687 311 694 332 ’
717 303 779 364 232

202 467 373 532 voluntate
401 465 533 530 videndi
560 464 595 528 in
623 485 755 529 accessu
783 463 1041 528 fornicationem.
1083 463 1155 530 Hoc
1182 464 1278 530 inten-

206 566 312 631 dendo
344 565 427 630 iilud
454 564 581 630 intendi
611 563 736 646 nequit.
787 563 905 631 Aliter,
924 584 999 628 vero
1032 584 1085 628 res
1117 585 1152 629 se
1178 565 1277 643 habet

205 665 234 729 si
273 664 415 730 conditio
455 663 513 727 illa
549 661 756 727 matrimonio
791 662 861 744 jam
899 661 1043 726 dudum
1081 669 1280 728 contracto

205 769 445 848 apponeretur;
485 760 734 874 superveniente
771 759 832 824 tali
872 760 993 826 condit'
969 767 1146 827 tma10ne
1147 761 1281 827 trimonii

208 863 371 928 uinculum
408 885 427 926 a
464 860 624 944 principio
664 857 793 924 firmum
833 859 966 925 dissolui
1004 882 1070 925 non
1107 881 1282 944 posse,1n

206 967 360 1046 promptu
383 967 440 1025 est.

269 1066 297 1124 2.
336 1061 370 1126 Si
402 1060 604 1125 conditiones
637 1058 831 1141 „dummodo
860 1059 1047 1124 castitatem
1078 1059 1213 1124 voveas“
1239 1056 1283 1120 uel

193 1160 404 1241 „dummodo
433 1181 493 1240 nec
521 1164 615 1241 petas
643 1180 703 1223 neo
732 1158 850 1224 reddas
878 1157 1045 1223 debitum“
1075 1163 1190 1222 contra
1217 1155 1283 1220 suh·

208 1259 363 1323 stantiam
392 1258 591 1324 matrimonii
621 1264 745 1336 essent,
775 1263 854 1321 tune
883 1277 1081 1370 nunquam
1110 1278 1194 1321 cum
1220 1275 1282 1318 rna·

207 1358 396 1422 trimonio
426 1359 649 1423 consistere
677 1363 826 1440 possent3
855 1357 937 1421 nihil
965 1357 1051 1421 enim
1079 1362 1191 1440 potest
1218 1376 1283 1419 con·

208 1457 324 1521 sistere
346 1478 420 1521 cum
442 1477 495 1535 eo,
527 1455 614 1540 quod
636 1464 744 1522 essent
745 1458 796 1521 iae
818 1478 897 1522 suae
919 1456 1149 1521 contrariatur
1193 1453 1283 1537 Atqui

208 1554 292 1618 tales
321 1554 524 1620 conditiones
553 1578 627 1620 cum
648 1556 855 1620 matrimonio
886 1556 1063 1620 consistere
1084 1562 1234 1638 possunt,
1260 1553 1282 1616 si

209 1675 273 1736 vg·
306 1654 457 1737 conjuges
495 1675 534 1718 ex
572 1662 689 1719 mutuo
723 1676 881 1720 consensu
912 1663 1065 1720 manente
1097 1651 1284 1719 matrimonii

207 1752 336 1816 vinculo
358 1753 576 1818 omnimodam
596 1759 714 1818 vovent
738 1754 934 1818 castitatem.
975 1754 1067 1837 Ergo
1083 1753 1160 1818 illae
1181 1749 1282 1816 matri-

208 1852 316 1916 monio
338 1873 404 1916 non
425 1858 608 1936 repugnant
629 1873 688 1917 nec
709 1853 817 1935 ipsum
838 1853 988 1932 irritant;
1010 1873 1086 1916 nam
1106 1851 1198 1915 nulla
1219 1869 1283 1914 con·

209 1950 290 2016 ditio
320 1951 521 2016 matrimonii
552 1952 713 2017 essentiae
742 1973 807 2016 non
838 1971 1022 2034 repugnans
1050 1949 1282 2014 matrimonium

209 2050 327 2115 irritat.

271 2148 482 2213 Conditiones
514 2149 683 2232 praefatae
712 2172 778 2215 non
805 2155 989 2232 repugnant
1022 2147 1155 2231 quidem
1182 2146 1283 2212 matri·

210 2247 318 2312 monio
343 2249 412 2332 jam
438 2255 662 2329 contracto,
693 2250 880 2333 objicietur,
909 2247 1074 2313 verissime
1096 2255 1207 2312 autem
1226 2265 1283 2310 ma·

210 2347 364 2412 trimonio
394 2348 681 2428 contrahenda,
713 2349 790 2432 quia
814 2347 1061 2422 matrimonium
1090 2351 1283 2410 contractum

153 2438 156 2448 '
209 2446 404 2530 praesertim
423 2454 682 2512 consummatum
703 2447 903 2512 nullomodo
926 2445 1057 2511 dissolvi
1078 2445 1191 2528 possit,
1221 2464 1284 2508 con-

210 2544 407 2609 trahendum
446 2567 522 2610 uero
563 2568 602 2611 ex
641 2546 752 2611 multis
793 2545 975 2611 rationibus
1012 2544 1139 2609 irritari
1178 2543 1284 2608 ualeat.

210 2644 448 2726 Impedimenta
477 2645 680 2724 dirimentia,
709 2645 879 2728 inquiunt,
910 2645 938 2709 si
966 2643 1175 2709 matrimonio
1203 2661 1286 2724 prae·

210 2743 345 2822 cedant,
374 2743 481 2827 ipsum
508 2744 657 2823 irritant,
690 2744 748 2808 sed
774 2744 839 2818 hoc
865 2763 931 2808 non
958 2743 1017 2808 fiet
1044 2740 1284 2824 impedimentis,

211 2862 296 2926 quae
313 2843 544 2926 superveniant
560 2843 775 2930 matrimoniis
789 2843 857 2926 jam
873 2842 1060 2907 contractis.
1090 2841 1135 2905 Et
1151 2837 1285 2924 quamuis

211 2946 323 3005 votum
344 2941 565 3006 continentiae
587 2941 788 3025 subsequens
814 2947 1022 3006 contractum
1041 2961 1107 3004 non
1128 2938 1285 3022 impediat,

213 3039 270 3122 qui
295 3039 363 3122 jam
392 3047 468 3105 ante
489 3031 668 3124 praecessit
689 3062 749 3104 nec
777 3041 912 3106 vitietur
940 3061 980 3105 ex
1000 3045 1076 3122 post
1103 3037 1194 3103 facto
1222 3058 1286 3102 con·

212 3144 353 3218 tractus,
376 3145 486 3204 tamen
507 3139 564 3204 ubi
584 3146 696 3205 uotum
717 3140 938 3205 continentiae
960 3145 1011 3203 est
1031 3138 1128 3203 simul
1150 3145 1285 3220 tempore

213 3258 288 3301 cum
309 3236 379 3319 ipso
403 3244 573 3303 contractu
601 3245 635 3303 et
655 3260 714 3322 per
735 3239 868 3303 modum
889 3238 1098 3316 conditionis,
1121 3245 1202 3303 tunc
1222 3255 1285 3301 uere

212 3336 350 3420 impedit
392 3338 542 3421 nuptias,
581 3338 855 3422 quemadmodum
890 3359 950 3402 nec
982 3337 1120 3403 simonia
1158 3345 1209 3403 est
1235 3357 1287 3402 nec

211 3437 391 3520 resignatio
420 3437 576 3516 invalida,
607 3438 634 3502 si
656 3444 733 3520 post
758 3438 911 3521 adeptam
937 3438 1176 3520 possessionem
1204 3437 1288 3502 detur

212 3534 361 3620 pecunia,
382 3557 465 3618 quae
486 3542 585 3601 antea
605 3556 672 3600 non
689 3536 849 3619 promissa
870 3535 995 3615 fuerat;
1017 3542 1052 3601 at
1070 3554 1146 3600 uero
1164 3542 1286 3620 pactum

211 3635 373 3718 pecuniae
390 3642 536 3719 tempore
553 3633 702 3700 beneficii
718 3635 876 3718 resignati
891 3634 972 3700 facit
987 3635 1166 3700 simoniam.
1199 3631 1286 3700 Aliud

215 3741 266 3800 est
292 3735 385 3818 loqui
413 3735 454 3800 dc
483 3734 681 3818 obligatione
710 3742 744 3800 et
770 3723 942 3800 contractu
969 3736 1004 3799 in
1030 3734 1115 3815 fieri,
1146 3735 1234 3800 aliud
1258 3733 1286 3797 in

213 3833 303 3900 facto
335 3853 421 3898 esse:
458 3840 570 3898 votum
601 3833 823 3899 continentiae
858 3840 946 3899 stare
977 3841 1088 3917 potest
1118 3855 1193 3899 cum
1222 3853 1286 3898 con-

213 3939 323 3999 tractu
344 3932 488 3998 infacto
511 3951 589 4012 esse,
613 3933 757 3998 sednon
779 3953 853 3998 cum
874 3939 1046 3999 contractu
1066 3933 1101 3997 in
1121 3931 1206 3998 fierit
