2718 4556
740 333 801 394 374

231 493 322 577 prius
340 491 522 576 significare
540 514 605 558 non
622 492 808 571 intendisse,
827 513 867 556 ex
885 511 923 556 eo
941 495 1043 574 patet,
1063 489 1152 573 quod
1167 489 1196 553 b.
1208 490 1290 573 Virgo

231 593 266 656 in
288 592 383 658 domo
412 614 436 657 s.
458 592 593 675 Josephi
617 591 809 675 jamdudum
829 590 1028 656 habitaverit
1049 596 1084 654 et
1105 589 1233 673 nuptiae
1251 610 1292 654 ce-

231 691 379 756 lebratae
407 690 539 756 fuerint.
554 693 577 774 1)
618 691 691 758 Vox
716 712 835 776 graeca
862 689 1214 772 ,nupcrdstypau‘gast
1233 689 1292 753 loco

232 790 334 854 citato
358 811 434 872 ergo
455 790 670 873 posteriorem
691 790 791 855 habet
812 790 1091 873 significationem.
1102 791 1127 872 2)

293 888 325 952 b.
365 888 584 954 Confirmatur
616 889 722 954 verbis
755 890 870 972 Angeli
903 888 1057 954 dicentis:
1071 890 1097 971 3)
1133 885 1291 970 ,Joseph,

232 987 303 1052 fili
332 987 470 1066 David,
501 988 589 1053 noli
617 989 768 1053 timere
797 989 993 1071 accipere
1022 989 1194 1053 Mariam
1220 1007 1294 1050 oon-

230 1087 362 1169 jugem
393 1093 522 1166 tuam3
555 1087 664 1170 quod
696 1088 801 1152 enim
832 1089 874 1152 in
907 1109 952 1152 ea
983 1094 1127 1152 natum
1159 1092 1227 1164 est,
1257 1084 1294 1147 de

235 1186 401 1269 Spiritu
441 1193 588 1251 sancto
629 1187 712 1251 est“
745 1223 785 1232 -
816 1187 908 1269 quasi
948 1209 971 1250 s.
1008 1187 1131 1270 loseph
1169 1206 1230 1250 nou
1263 1183 1295 1246 de

234 1284 359 1366 Spiritu
388 1292 514 1363 sanct0,
544 1285 602 1350 sed
623 1285 662 1348 de
692 1285 854 1349 adulterio
883 1291 997 1350 natum
1018 1292 1155 1368 putaret
1174 1284 1295 1365 ideoque

233 1382 379 1460 timeret,
409 1383 571 1465 accipere,
601 1405 641 1447 ne
670 1383 868 1450 adulterium
894 1385 1033 1467 probare
1062 1385 1226 1449 videretur
1250 1385 1297 1445 aut

235 1482 312 1565 quia
329 1482 481 1565 injuriam
503 1482 565 1546 sibi
583 1483 710 1548 illatam
730 1484 816 1549 ferre
835 1484 977 1549 nolebat.
1020 1484 1131 1566 ,Noli
1152 1479 1296 1548 timere“

235 1581 255 1644 i.
275 1602 300 1645 e.
320 1582 536 1665 suspicionem
557 1583 697 1666 depone3
720 1606 805 1665 ,nou
823 1584 918 1648 modo
941 1584 1026 1648 enim
1043 1583 1160 1648 illicito
1182 1584 1298 1646 nonest

234 1679 356 1744 violata
378 1681 555 1763 complexu,
578 1681 685 1763 inquit
705 1681 872 1746 Natalis
894 1681 1141 1760 Alexander,
1149 1683 1176 1764 4)
1202 1698 1297 1744 verum

235 1778 336 1842 etiam
356 1801 455 1861 supra
475 1785 627 1844 naturam
649 1801 835 1864 moremque
856 1780 1018 1846 foecunda
1039 1782 1121 1846 est.“

297 1878 400 1964 Quam
421 1879 617 1944 sententiam
646 1881 849 1963 apertissime
880 1887 972 1946 tenet
999 1903 1023 1946 s.
1051 1881 1071 1945 J
1078 1880 1233 1946 ustinus
1258 1877 1298 1940 ita

235 1976 421 2061 loquens:⁵)
454 1979 610 2061 ,Joseph,
640 1979 764 2045 Mariae
793 2002 945 2063 sponsus,
976 2001 1075 2062 quum
1096 1979 1188 2061 prius
1215 1975 1299 2040 vellet

236 2097 388 2158 sponsam
409 2099 501 2142 suam
523 2078 647 2160 ejicere,
671 2080 851 2144 arbitratus
873 2100 912 2143 ex
933 2078 993 2142 viri
1014 2076 1253 2152 consuetudine,
1272 2071 1299 2136 id

236 2180 287 2239 est
308 2196 349 2239 ex
370 2182 499 2258 stupro,
530 2178 695 2260 gravidam
717 2200 802 2257 esse,
832 2179 899 2243 viso
919 2179 983 2261 ipsi
1004 2177 1117 2243 oblato
1136 2177 1241 2260 jussus
1259 2177 1299 2237 est

237 2294 371 2337 uxorem
400 2295 492 2338 suam
519 2297 584 2340 non
613 2277 745 2358 ejicere,
775 2283 940 2342 asserente
969 2276 1093 2359 Angelo
1123 2276 1205 2341 etc.“
1244 2272 1299 2338 Nec

237 2371 344 2437 miuus
364 2375 535 2456 perspicue
558 2375 669 2440 eadem
690 2377 844 2459 proponit
865 2376 894 2440 d.
917 2375 1190 2458 Augustinus.
1237 2371 1299 2455 ,At-

237 2470 348 2549 tende,
378 2472 530 2556 inquit,⁶)
564 2475 836 2558 quemadmodum
863 2475 913 2538 vir
937 2474 1046 2556 justus
1072 2472 1195 2556 Joseph
1222 2475 1299 2535 tauto

236 2567 374 2652 flagitio,
405 2573 492 2655 quod
513 2574 553 2638 de
576 2597 677 2640 uxore
698 2575 807 2640 fuerat
828 2575 1027 2657 suspicatus,
1056 2579 1153 2638 tanta
1171 2568 1299 2654 benigni·

237 2675 307 2734 tate
329 2672 489 2754 pepercit:
512 2681 687 2758 antequam
705 2675 812 2752 sciret,
832 2674 917 2754 unde
938 2673 996 2737 illa
1018 2679 1221 2756 conceperat,
1237 2668 1301 2754 quia

238 2769 403 2850 gravidam
424 2780 571 2838 senserat
592 2781 626 2839 et
647 2796 681 2838 se
710 2773 753 2839 ad
773 2773 864 2838 illam
884 2794 949 2837 non
977 2771 1152 2837 accessisse
1173 2773 1299 2836 noverat.

238 2867 397 2932 Restabat
418 2869 530 2952 itaque
554 2879 644 2936 certa
665 2873 819 2938 adulterii
841 2871 990 2954 suspici0,
1010 2871 1121 2936 mariti
1143 2870 1233 2936 dolor
1248 2885 1299 2931 nou

239 2965 415 3030 vindictam
438 2971 612 3050 quaesivit,
635 2972 737 3056 voluit
757 2971 912 3055 prodesse
932 2971 1094 3052 peccanti,
1118 2992 1183 3035 non
1202 2965 1300 3052 punire

238 3069 458 3147 peccantem.“
511 3071 624 3152 „Unde
656 3072 792 3155 Joseph,
820 3070 943 3136 scribit
976 3091 999 3134 s.
1033 3068 1180 3132 Antistes
1211 3065 1299 3130 Mace·

239 3162 345 3241 donio,
356 3165 380 3247 7)
402 3167 455 3230 cui
471 3168 569 3253 Virgo
587 3169 692 3235 Maria
708 3169 839 3236 Domini
860 3174 966 3234 mater
986 3168 1095 3231 fuerat
1114 3166 1299 3249 desponsata

239 3285 339 3344 quum
368 3271 479 3330 tamen
507 3271 718 3352 comperisset
746 3291 816 3334 esse
838 3273 1087 3352 praegnantem,
1118 3264 1171 3329 cui
1198 3283 1230 3326 se
1255 3278 1299 3323 uo·

238 3369 330 3426 verat
350 3385 416 3428 non
439 3387 507 3431 esse
531 3369 753 3447 commixtum,
783 3375 817 3433 et
838 3368 879 3432 ob
901 3368 963 3431 hoc
983 3364 1065 3430 nihil
1086 3362 1190 3439 aliud,
1219 3376 1300 3442 quam

239 3461 422 3528 adulteram
454 3469 662 3548 credidisset,
702 3469 812 3552 puniri
843 3475 954 3532 tamen
991 3485 1063 3530 eam
1100 3461 1219 3537 noluit,
1253 3475 1300 3520 nec

239 3561 439 3643 approbator
460 3565 592 3650 ·flagitii
628 3567 724 3645 fuit‘f
775 3565 921 3631 Eandem
957 3561 1154 3628 sententiam
1185 3563 1300 3624 tuentur

240 3679 435 3689 ———-.

306 3727 325 3794 ¹)
343 3728 397 3782 Cir.
416 3746 478 3798 pag.
496 3733 552 3785 297.
594 3734 615 3796 ἵ)
633 3731 687 3786 Cfr.
710 3748 772 3800 pag.
790 3732 840 3785 308
862 3749 901 3798 sq.
944 3730 965 3795 8)
982 3725 1083 3780 Mutth.
1101 3724 1124 3790 l,
1140 3719 1179 3778 20·
1218 3723 1239 3786 ⁴)
1256 3718 1300 3770 El·

238 3811 339 3877 positio
356 3811 486 3865 litteralis
503 3819 531 3866 et
549 3814 661 3866 moralis
678 3831 699 3867 a
717 3812 862 3881 Evangelii
879 3811 1032 3886 secundum
1049 3806 1217 3861 Matthaeum
1233 3819 1271 3869 cp.
1284 3797 1299 3848 l·

238 3893 260 3958 Ι5)
279 3893 310 3945 1η
334 3893 444 3961 dialogo
468 3913 530 3949 cum
548 3895 696 3964 Tryphone
714 3895 737 3963 ἓ.
755 3899 795 3950 70.
836 3895 857 3960 6)
875 3894 961 3948 Serm.
980 3895 1011 3947 16
1033 3890 1068 3944 ds
1092 3889 1183 3944 verbis
1198 3880 1300 3940 Domini·

240 3976 260 4042 7)
278 3976 366 4044 Epist.
384 3981 432 4032 153
450 3995 493 4047 cp.
509 3981 534 4033 4.
