2728 4560
550 369 607 428 179

62 533 206 610 credatur,
229 530 279 594 illi
299 528 436 593 illudere
458 549 492 592 se
513 527 667 607 voluisse,
690 528 958 610 impedimentum
978 533 1115 616 copulae
1211 557 1214 565 ’

61 651 88 693 ex
103 637 175 695 voto
196 651 262 694 non
282 627 449 693 obstabat!

102 728 343 813 Respondemus
365 726 607 810 cumpluribus
636 748 676 790 ss.
698 726 868 806 Patribus,
897 726 928 791 b.
950 728 1116 812 Virginem

59 849 104 892 as.
127 829 251 912 Spiritu
273 828 422 892 edoctam
449 846 487 890 ac
516 824 728 890 certificatam
756 825 872 906 fuisse,
905 829 993 911 quod
1014 852 1038 893 s.
1060 831 1114 896 Jo-

59 928 118 1009 seph
137 949 304 1010 nunquam
324 931 453 1008 peteret
474 924 639 1007 copulam,
669 925 720 990 uti
742 926 885 991 etiams.
910 926 1051 992 Caecilia
1072 930 1113 994 ab

58 1026 151 1108 angelo
179 1024 245 1090 fuit
272 1025 403 1104 edocta,
434 1023 522 1107 quod
541 1023 735 1088 Valerianus
764 1025 798 1089 in
819 1033 1012 1108 perpetuam
1040 1049 1115 1093 oon·

58 1144 190 1189 sensurus
211 1125 255 1189 sit
276 1124 470 1188 castitatem.

101 1223 129 1286 b.
164 1221 307 1306 Nuptiae
339 1223 526 1287 nullatenus
562 1223 733 1286 convenire
764 1229 900 1305 possunt
935 1245 1008 1288 cum
1039 1233 1113 1291 voto

56 1322 214 1402 eastitatis3
247 1321 334 1405 quod
356 1322 441 1386 enim
461 1322 586 1404 primae
615 1319 805 1403 exposcunt,
836 1321 976 1388 alterum
997 1324 1113 1407 rejicit.

55 1418 121 1486 llinc
141 1422 285 1486 etiams.
302 1421 422 1485 Paulus
443 1420 515 1484 ab
506 1441 576 1503 ipso
599 1441 623 1483 s.
640 1419 764 1484 Thema
776 1421 848 1502 ¹')
822 1428 867 1486 o1t
853 1426 942 1486 tatus
963 1443 1115 1507 expresse

56 1517 149 1585 dtoce:
189 1520 335 1602 ,Votven
336 1519 409 1584 ibus
441 1519 627 1584 castitatem
659 1539 725 1582 ιιοιι
756 1519 861 1584 solum
888 1521 1023 1602 nubere,
1057 1524 1115 1589 sed

55 1618 137 1682 etiam
155 1618 238 1684 velle
259 1618 382 1684 nubere
404 1618 659 1683 damnabilet
609 1624 667 1682 est.
674 1617 914 1700 “Reponitur

107 1717 274 1783 aVerba
302 1716 444 1800 allegata
471 1738 536 1781 non
563 1716 742 1800 respiciunt
770 1717 832 1782 nisi
860 1739 928 1797 eos,
957 1720 1014 1803 qui
1040 1728 1117 1804 post

53 1824 147 1882 votum
175 1817 328 1882 emissum
354 1817 403 1881 ita
430 1815 622 1880 contrahere
651 1815 776 1894 volunt,
807 1823 845 1881 ut
872 1819 1114 1884 matrimonium

53 1936 100 1996 per
117 1918 265 2000 copulam
291 1923 514 1980 consumment
540 1915 591 1979 vel
613 1914 758 1997 periculo
786 1937 821 1980 se
851 1923 1017 1998 exponunt
1039 1939 1114 1982 oon-

53 2016 226 2081 rammandi.
269 2015 409 2098 ,Omnes
435 2022 559 2093 sutem,
588 2015 696 2098 inquit
716 2015 912 2098 Vasquez,
922 2015 947 2099 2)
974 2017 1009 2081 in
1031 2017 1113 2082 illud

52 2116 239 2198 conspirant,
271 2120 310 2179 ut
330 2115 393 2179 nisi
413 2113 639 2225 periculum
615 2118 658 2178 srt
644 2111 849 2178 tviolandae
872 2115 1034 2180 castitatis
1054 2137 1114 2199 per

53 2235 133 2279 usum
151 2213 367 2291 matrimonii,
396 2213 466 2276 licit
452 2218 522 2276 utm
543 2212 602 2290 sit,
631 2216 707 2293 post
727 2217 839 2275 votum
860 2212 996 2326 simplex
1017 2215 1114 2280 casti·

52 2317 118 2380 tatis
137 2314 377 2381 matrimonium
401 2318 477 2377 cont
463 2311 623 2376 t.rahere“

103 2423 129 2496 β.
156 2415 265 2482 Verba
291 2413 336 2478 eit
322 2412 423 2477 atta
414 2433 448 2475 m
476 2433 500 2474 s.
522 2410 617 2474 Pauli
638 2409 783 2493 epistolis
811 2432 876 2475 non
897 2412 1113 2486 inveniuntur.

52 2515 143 2592 Quare
165 2514 345 2591 dicendum,
368 2533 391 2576 s.
409 2511 565 2575 Thomam
587 2509 722 2575 effatum
743 2509 833 2589 illud,
856 2509 946 2574 ntia
968 2532 992 2575 s.
1011 2511 1112 2577 Paulo

51 2615 213 2693 prolatum,
250 2612 384 2689 citasse,
422 2611 499 2694 quia
531 2631 571 2674 ex
606 2609 674 2692 ejus
707 2610 838 2674 monitis
874 2608 971 2674 facile
1006 2611 1115 2694 colligi

51 2715 152 2793 possit,
180 2713 232 2778 vel
252 2713 287 2775 in
308 2709 382 2774 illos
404 2732 427 2774 s.
449 2709 591 2774 Thomas
613 2709 753 2788 codices,
784 2731 823 2773 ex
845 2708 962 2792 quibus
983 2708 1115 2792 vulgata

51 2831 170 2892 operum
195 2833 219 2876 s.
242 2809 393 2875 Doctoris
415 2808 516 2873 editio
539 2807 707 2872 elaborata
728 2807 821 2889 est,³)
849 2806 991 2889 aliquem
1012 2807 1114 2890 irrep·

50 2909 118 2974 sisse
139 2933 287 2977 errorem.

103 3031 126 3073 c.
148 3010 338 3094 Magister
360 3006 693 3088 Sententiarum)
715 3005 918 3088 propositum
936 3004 1114 3071 servandae

50 3105 230 3190 uirginitatis
259 3129 279 3172 a
306 3106 336 3171 b.
358 3106 491 3188 Virgine
513 3104 638 3170 editum
667 3103 798 3187 quidem
819 3103 979 3183 admittit,
1008 3105 1114 3169 nulla·

51 3211 133 3271 tenus
151 3229 225 3272 vero
247 3212 359 3270 votum
380 3205 504 3269 dicens:
534 3204 638 3287 ,Sane
660 3202 892 3284 credipotest,
922 3225 987 3267 non
1008 3204 1114 3268 solum

50 3301 188 3385 Mariam,
217 3305 276 3371 sed
304 3306 403 3370 etiam
428 3303 552 3387 Joseph
579 3302 667 3386 apud
695 3324 730 3368 se
758 3302 955 3386 disposuisse
984 3301 1114 3384 virgini-

50 3408 141 3470 tatem
160 3427 288 3471 eervare
310 3405 406 3483 velle,
435 3403 498 3468 nisi
519 3402 607 3467 Deus
638 3402 734 3467 aliter
752 3401 896 3485 juberet,
927 3421 1046 3483 eosque
1068 3401 1115 3466 sic

50 3507 234 3571 consensisse
269 3505 305 3569 in
342 3502 544 3586 conjugalem
581 3501 787 3580 societatem,
827 3506 865 3564 ut
900 3506 1038 3582 uterque
1073 3499 1113 3564 de

49 3600 141 3669 altero
168 3604 332 3670 revelante
361 3603 486 3685 Spiritu
514 3607 626 3666 sancto
656 3600 869 3683 intelligeret,
903 3598 990 3682 quod
1017 3599 1113 3682 virgi-

48 3700 173 3768 nitatem
200 3723 329 3769 seruare
357 3701 468 3780 vellet,
501 3701 565 3765 nisi
592 3700 682 3764 Deus
710 3700 808 3764 aliter
834 3699 1025 3781 inspiraret,
1056 3698 1113 3762 sed

106 3936 124 3994 ¹)
142 3934 188 4002 Ill,
212 3953 240 4004 p.
256 3951 284 4003 q.
301 3931 419 3997 XXVll,
446 3947 469 3986 a.
488 3930 534 3987 IV.
575 3930 721 3997 ²)1n111,
746 3948 773 3999 p.
791 3948 816 3999 q.
838 3929 943 3995 XXIX,
969 3929 1041 3998 disp.
1066 3929 1114 3982 125

48 4026 85 4079 (ψ,
100 4016 131 4072 V.
163 4019 183 4086 8)
199 4017 253 4072 Cfr.
271 4015 457 4070 Trombellius
475 4014 494 4069 1.
512 4031 536 4069 e.
554 4013 583 4068 P.
600 4012 622 4081 l,
640 4013 705 4068 diss.
723 4012 770 4067 lX.
803 4011 825 4079 ⁴)
843 4011 882 4068 lV
898 4011 968 4147 Dligt.
986 4009 1071 4076 XXX,
1090 4013 1114 4067 6.
