2782 4554
763 389 823 447 578

252 547 307 628 „Si
327 546 445 612 Judaei
465 547 546 611 haec
567 547 803 612 adEz'eohiam
824 547 984 627 referant,
1013 547 1117 615 filium
1139 553 1257 632 Aclmz,
1285 555 1331 619 in·

252 646 324 728 quit
352 645 425 710 ideo
452 646 651 710 Eusebius
680 645 1005 727 Caesariensis,¹)
1037 655 1071 714 et
1099 644 1221 731 dicant,
1249 653 1329 720 hunc

252 765 336 823 esse,
366 745 423 828 qui
444 745 532 827 patri
553 765 611 809 suo
633 744 764 810 futurus
791 746 922 811 oraculo
942 747 1173 829 promittatur:
1202 752 1330 818 videant

251 845 412 927 quomodo
440 835 617 908 Nobiscum
646 845 735 910 Deus
764 845 866 910 fuerit
894 845 1052 912 Ezechias
1085 856 1144 914 aut
1171 852 1329 934 quodnam

251 943 377 1026 signum
410 965 470 1008 sua
501 943 672 1026 majestate
705 942 838 1027 dignum
868 945 956 1010 Deus
987 946 1021 1008 in
1053 946 1110 1011 illo
1143 951 1330 1016 ostenderit
1382 959 1383 1034 j

252 1042 316 1108 Sed
345 1063 451 1126 neque
483 1048 649 1108 certamen
681 1043 784 1108 ullum
816 1065 923 1127 neque
951 1044 1045 1109 labor
1076 1047 1111 1109 in
1138 1046 1231 1114 illius
1262 1057 1330 1114 ortu
1382 1051 1383 1058 ’

252 1143 320 1207 Deo
343 1141 508 1207 exhibitus
530 1148 588 1207 est.
631 1143 808 1209 Praeterea
828 1145 957 1209 ratione
979 1150 1164 1228 temporum
1178 1148 1329 1214 Ezechias

249 1244 284 1306 in
313 1241 486 1325 prophetia
524 1241 621 1324 plane
658 1243 852 1314 excluditur.
904 1243 996 1309 Haeo
1034 1246 1120 1310 enim
1159 1248 1233 1331 ipso
1268 1251 1330 1333 jam

251 1349 321 1406 tum
347 1347 441 1425 patre
470 1348 629 1424 regnante
657 1341 771 1407 futura
798 1337 1013 1408 canebantur:
1046 1344 1222 1412 Ezechiam
1251 1370 1329 1426 vero,
1382 1367 1383 1419 l

250 1447 427 1525 antequam
448 1461 583 1524 regnum
604 1442 770 1524 acceperit
790 1441 908 1520 Achaz,
930 1443 1078 1524 genitum
1102 1465 1173 1510 esse
1194 1454 1290 1512 const
1310 1455 1331 1512 1.
1382 1485 1383 1520 3

251 1540 344 1617 Quod
366 1541 394 1605 si
415 1540 564 1605 adhunc
587 1561 626 1604 ea
646 1540 778 1604 minime
800 1540 917 1606 referri
936 1549 1082 1624 possunt,
1102 1545 1207 1611 multo
1230 1548 1332 1612 minus

250 1639 292 1704 ad
313 1639 414 1704 alium
436 1640 622 1724 quempiam
649 1660 774 1716 eorum,
805 1639 862 1721 qui
890 1640 979 1723 apud
998 1642 1142 1707 Judaeos
1163 1653 1243 1727 post
1262 1667 1332 1729 pro·
1382 1715 1383 1718 ,

249 1739 381 1822 phetiae
403 1745 552 1822 tempora
574 1739 769 1816 extiterunt,
798 1746 1030 1823 praeterquam
1059 1741 1234 1809 adortum
1257 1747 1330 1828 ejus,
1382 1741 1383 1826 l

251 1840 307 1923 qui
327 1861 422 1904 verus
444 1847 495 1904 est
515 1839 739 1904 Emmanuel.“
1382 1893 1383 1930 p

311 1939 341 2003 h.
370 1938 437 2002 Nec
460 1939 500 2002 de
522 1958 645 2003 uxore
666 1943 705 2014 et
727 1938 772 2002 de
794 1937 885 2003 filio
907 1939 1039 2005 Isaiae
1060 1941 1122 2005 hoc
1144 1943 1331 2008 vaticinium
1382 1939 1383 2014 l

249 2037 498 2122 intelligendum
517 2044 576 2102 est.
608 2037 714 2120 Major
737 2037 823 2100 enim
841 2037 1023 2121 prophetae
1044 2037 1130 2104 filius
1146 2041 1216 2123 jam
1237 2049 1333 2108 natus
1382 2029 1383 2066 ³

250 2144 336 2214 erat,
370 2136 500 2220 quando
529 2139 624 2219 pater
651 2135 841 2200 vaticinium
868 2136 1009 2219 protulit
1041 2145 1075 2203 et
1103 2161 1176 2204 cum
1200 2140 1265 2205 illo
1293 2140 1332 2204 ad

249 2257 358 2319 regem
380 2235 526 2300 accessit.
570 2236 683 2316 „Dixit
705 2235 790 2298 enim
815 2235 973 2300 Dominus
1002 2236 1045 2300 ad
1069 2236 1205 2302 lsaiam:
1234 2239 1333 2322 Egre-
1382 2233 1383 2310 l

250 2335 327 2400 dere
348 2335 381 2398 in
404 2355 574 2400 occursum
594 2334 716 2412 thaz,
748 2341 784 2398 tu
814 2335 926 2417 etqui
954 2335 1129 2401 derelictus
1159 2342 1211 2402 111
1230 2337 1331 2402 Jasub

248 2434 334 2500 filius
356 2436 496 2515 tuus.“²)
539 2434 640 2498 Filius
670 2456 745 2500 vero
774 2434 888 2512 minor,
917 2435 973 2518 qui
1001 2435 1100 2518 paulo
1130 2443 1208 2518 post
1235 2443 1332 2502 natus

249 2541 314 2612 est,
344 2554 409 2597 non
430 2541 567 2598 vocatur
587 2533 792 2612 Emmanuel,
824 2532 882 2597 sed
904 2533 1070 2615 „accelera
1097 2533 1204 2616 spolia
1225 2535 1332 2600 detra·

248 2633 357 2697 here.“
400 2632 463 2713 „Et
491 2633 613 2697 accessi
642 2631 684 2698 ad
711 2632 952 2715 prophetissam
981 2640 1015 2697 et
1042 2634 1193 2716 concepit
1219 2641 1255 2700 et
1278 2656 1332 2718 pe·

248 2731 337 2813 perit
367 2730 479 2796 lilium.
533 2731 577 2796 Et
609 2731 693 2797 dixit
724 2732 881 2796 Dominus
913 2730 956 2796 ad
987 2753 1053 2796 me:
1092 2731 1183 2797 Voca
1214 2755 1330 2799 nomen

245 2831 335 2915 ejus:
382 2832 537 2896 accelera
576 2831 681 2914 spolia
719 2831 908 2910 detrahere,
955 2831 1077 2896 festina
1111 2832 1330 2916 praedari.“³)

250 2930 284 2995 Si
311 2931 473 3013 propheta
505 2931 546 2996 de
578 2953 638 2996 sua
669 2930 798 2996 locutus
826 2930 945 2996 fuisset
976 2930 1127 3014 conjuge,
1162 2953 1235 2997 eam
1262 2933 1329 2997 sine

249 3028 348 3093 dubio
370 3029 573 3112 designasset
595 3030 733 3108 nomine,
762 3051 826 3112 quo
848 3028 890 3094 ab
912 3028 986 3093 aliis
1007 3028 1148 3094 discerni
1169 3033 1330 3113 potuisset

248 3128 388 3194 feminis.

309 3226 416 3304 Quum
433 3227 535 3310 igitur
551 3234 683 3311 praeter
695 3227 860 3294 Christum
878 3226 962 3292 alius
980 3227 1160 3310 excogitari
1178 3237 1326 3312 nequeat,

248 3327 306 3409 qui
333 3325 375 3390 ab
403 3327 489 3392 Isaia
516 3327 703 3392 nominatus
732 3328 777 3392 sit
798 3325 1006 3406 Emmanuel,
1035 3326 1241 3393 characteres
1267 3328 1326 3392 hac

193 3439 195 3446 ⁴
246 3423 422 3506 prophetia
438 3431 609 3492 contentos
625 3426 708 3491 nulli
725 3427 897 3491 convenire
913 3446 1008 3509 posse
1024 3432 1173 3509 apparet,
1190 3427 1251 3490 nisi
1266 3427 1326 3491 soli

247 3523 395 3602 Christo,
429 3524 486 3607 qui
516 3525 558 3589 ab
592 3525 706 3590 eodem
737 3525 900 3608 propheta
930 3530 1066 3589 vocatur
1097 3523 1324 3607 „admirabilis

247 3623 352 3701 Deus,
381 3621 494 3700 fortis,
525 3625 745 3703 consiliarius,
775 3630 871 3708 pater
891 3623 996 3689 futuri
1017 3622 1156 3702 saeculi,
1178 3624 1326 3707 princeps

246 3721 409 3804 pacis.“⁴)

244 4033 269 4096 ⁴)
287 4030 299 4083 l
314 3949 537 4086 1)Ι1Χ)11ἐ1111111
562 3953 610 4008 lib.
636 3953 698 4022 Vll,
723 3971 766 4024 cp.
788 3957 811 4009 1.
854 3955 876 4020 2)
898 3955 931 4009 11.
956 3955 1017 4022 Vll,
1039 3958 1064 4011 3.
1107 3955 1181 4020 ³)ls.
1204 3951 1274 4018 Vlll,
1299 3953 1322 4016 3,

302 4047 322 4084 s.
381 4071 388 4097 ,
439 4049 479 4101 sq.
