2718 4556
554 375 613 436 353

54 539 179 606 nationis
206 556 346 620 poenam
372 541 524 599 aeternae
553 535 718 618 gehennae
748 536 921 601 evadimus.
965 537 1119 621 Magnum

55 662 118 724 ergo
139 646 171 705 et
192 636 407 702 fortissimum
430 634 492 706 Dei
513 655 594 717 opus
617 635 850 718 evangelizavit
871 635 1019 715 Gabriel,
1043 638 1120 702 dum

56 735 532 812 annuntiavitlucarnationem,
550 733 665 817 inqua
683 735 771 799 Deus
792 734 830 800 fit
850 735 946 800 homo
969 743 1003 801 et
1023 737 1119 801 homo

55 838 178 903 efficitur
211 836 315 912 Deus3
355 834 444 916 virgo
475 832 514 897 fit
545 840 651 898 mater
683 842 717 899 et
747 833 979 913 foecundatur,
1013 836 1119 917 prima

55 959 139 1002 causa
165 935 203 1000 fit
230 933 380 1010 effectus,
411 932 548 997 Creator
576 939 719 1011 creatur,
750 933 1005 1015 simplicissimus
1035 955 1120 998 com·

54 1037 185 1118 ponitur,
212 1031 359 1097 infinitus
380 1030 590 1109 terminatur,
618 1031 794 1095 immensus
815 1039 1036 1111 mensuratur,
1066 1053 1119 1097 ae·

54 1141 153 1199 temus
173 1131 314 1214 tempori
335 1130 523 1213 subjicitur,
552 1130 851 1213 incircumscriptus
872 1139 966 1197 utero
988 1133 1119 1215 virginis

54 1232 233 1309 includitur,
264 1229 404 1312 Spiritus
432 1229 674 1311 incorporatur,
704 1229 828 1311 primus
856 1229 895 1295 fit
922 1231 1057 1298 ultimus
1085 1239 1119 1296 et

53 1332 147 1414 Alpha
175 1331 311 1412 Omega,
341 1327 494 1410 majestas
522 1327 732 1411 deprimitur,
766 1329 1003 1413 omnipotentia
1030 1328 1119 1393 infir-

52 1437 163 1509 matur,
195 1427 358 1511 sapientia
390 1425 501 1504 discit,
534 1426 688 1508 gaudium
721 1433 755 1492 et
782 1427 866 1492 risus
894 1428 1117 1505 illacrimatur,

53 1528 176 1594 dulcedo
199 1526 406 1604 amaricatur,
426 1525 546 1590 fidncia
567 1527 670 1605 timet,
689 1527 881 1592 immortalis
902 1527 941 1593 fit
961 1527 1116 1606 mortalis,

52 1629 110 1693 vita
139 1627 292 1704 moritur,
331 1626 457 1690 coelum
490 1624 529 1689 fit
560 1632 657 1690 terra.
673 1627 697 1707 ¹)
749 1625 776 1690 F
777 1626 940 1691 citissima
970 1625 1118 1711 profecto

52 1729 152 1809 opera!
194 1726 313 1792 Merito
334 1745 395 1806 per
415 1723 602 1788 Gabrielem
625 1724 683 1788 illa
703 1725 952 1790 annuntiantur·

104 1826 135 1890 b.
173 1826 245 1891 Vox
286 1821 459 1905 ,Gabriel“
499 1821 648 1905 designat
692 1824 837 1905 ,virum
877 1824 1018 1889 Denm“
1060 1849 1118 1892 seu

53 1926 182 2004 ,virum
211 1923 314 1988 Deir
357 1920 599 2004 Significatione
627 1921 685 1986 illa
713 1923 902 2005 mysterium
930 1925 1037 2007 ipsum
1065 1926 1117 1990 ln·

52 2023 235 2089 carnationis
258 2021 446 2086 declaratur
465 2021 485 2084 i.
507 2041 533 2084 e.
556 2021 644 2085 Dens
666 2021 761 2086 homo
783 2043 841 2086 seu
862 2043 1010 2105 persona,
1033 2046 1117 2107 quae

52 2123 137 2187 simul
163 2123 252 2188 Deus
293 2127 327 2185 et
361 2120 456 2184 homo
494 2127 552 2184 est.
602 2121 722 2201 ,Quid,
764 2141 901 2204 quaeso,
937 2122 1118 2206 interrogat

55 2221 251 2305 Procius2)
274 2219 407 2285 Gabriel
428 2220 682 2302 interpretatum
703 2221 819 2285 sonat?
851 2221 937 2285 Audi
958 2229 992 2287 et
1012 2223 1116 2288 disce:

53 2318 131 2386 ldem
151 2322 265 2404 utique
287 2327 395 2400 sonat,
426 2320 513 2403 quod
536 2321 623 2385 Deus
646 2327 680 2385 et
701 2321 805 2386 home.
849 2321 933 2398 Quia
954 2344 1029 2406 ergo
1050 2323 1115 2403 ille,

53 2439 136 2500 quem
156 2419 383 2497 annuntiabat,
402 2419 489 2483 Deus
511 2425 583 2483 erat
602 2425 635 2483 et
652 2420 758 2498 homo,
779 2441 842 2503 quo
865 2420 1117 2505 dispensationis

52 2519 226 2599 mysterium
256 2519 469 2600 persuadeat,
507 2518 556 2582 rei
588 2519 780 2583 miraculum
814 2521 953 2585 nominis
984 2523 1117 2586 notione

52 2615 226 2699 anticipat.“
250 2666 256 2680 .
281 2666 288 2679 .
312 2665 319 2678 .
363 2617 556 2698 ,Reverere,
579 2616 688 2700 inquit
707 2617 794 2681 idem
816 2619 976 2698 Antiates,
999 2642 1117 2686 nomen

53 2713 245 2798 Archangeli,
283 2716 339 2798 qui
370 2716 522 2780 nuntium
556 2716 649 2779 illum
680 2716 894 2781 laetissimum
930 2720 1117 2802 apportavit

53 2809 175 2893 Mariae,
205 2814 262 2897 qui
284 2814 418 2879 Gabriel
446 2820 497 2878 est
523 2814 715 2897 appellatus.
760 2815 893 2880 Gabriel
921 2819 1006 2882 enim
1028 2818 1116 2883 Deus

54 2917 81 2974 et
99 2912 205 2978 bomo:
228 2912 328 2996 geber
349 2914 436 2978 enim
456 2913 554 2977 homo
576 2920 628 2977 cst
648 2949 689 2959 —
710 2913 741 2978 el
763 2913 868 3002 Deus:
895 2917 1024 2980 nomine
1045 2918 1116 3000 ipso

53 3010 220 3093 significans
248 3014 413 3092 nuntium,
443 3033 539 3096 quem
566 3019 735 3095 apportat,
766 3015 920 3096 quoniam
948 3017 989 3094 is,
1020 3037 1117 3098 quem

52 3113 244 3195 evangelizat,
268 3113 417 3178 Christus
434 3112 522 3176 Dens
544 3117 578 3175 et
599 3111 694 3175 homo
717 3119 788 3176 erat
809 3112 963 3194 oriturus,
985 3135 1116 3178 nomen·

53 3208 165 3276 elatura
185 3212 257 3294 ipsa
280 3210 472 3275 miraculum
492 3208 682 3291 significat.“

96 3333 137 3385 c·
158 3311 325 3394 Significat
346 3331 407 3374 vox
429 3307 603 3390 ,Gabrier
633 3309 779 3389 ,virum
808 3331 931 3374 meum
960 3312 1116 3392 Deum“;

52 3405 111 3487 ipso
131 3411 213 3474 enim
235 3410 372 3487 nomine,
390 3407 620 3472 animadvertit
639 3407 841 3473 Salmeron
862 3408 882 3471 l.
902 3431 937 3487 c.,
962 3409 1115 3488 declarat,

53 3507 119 3586 quid
135 3510 275 3574 venisset
293 3509 511 3584 nuntiaturus,
529 3527 644 3588 nempe
663 3513 794 3589 partum
816 3508 894 3590 ejua,
912 3531 1009 3591 quem
1026 3510 1116 3592 virgo

51 3615 168 3684 pareret
195 3631 233 3673 ac
255 3630 314 3691 pro
343 3608 411 3671 viro
435 3607 554 3682 Deum,
584 3605 645 3670 hoc
674 3614 738 3684 est,
771 3607 929 3688 Spiritum
959 3613 1117 3686 sanctum,

53 3705 98 3784 qni
117 3714 306 3790 conceptum
327 3706 411 3770 hunc
436 3711 636 3787 operaretur,
659 3704 805 3770 haberet.

56 3854 236 3868 *Q*

107 3941 124 4001 ¹)
146 3939 199 3993 cn.
224 3939 367 3992 Salmeron
391 3937 409 3990 l.
432 3954 456 3992 c.
479 3942 560 3991 tract.
584 3936 635 3998 lll,
662 3937 696 3991 do
721 3938 828 4007 Angelo
854 3937 991 3992 Gabriele.
1032 3939 1054 4004 ²)
1072 3937 1120 3990 Ex

51 4015 99 4080 rjus
113 4019 220 4075 homilia
238 4038 254 4074 a
273 4023 354 4075 Cone.
374 4019 516 4087 Ephesino
535 4020 663 4088 allegata.
921 4100 956 4155 23
