2718 4556
550 379 609 440 303

57 540 145 623 Magis
182 557 258 620 ergo
298 537 401 602 voluit
438 538 612 618 Dominus,
653 546 692 605 ut
732 539 870 607 haberet
907 550 1013 608 mater
1051 545 1122 627 ejus

56 639 221 705 maritalem
253 637 484 719 suspicionem,
521 659 620 719 quam
650 637 875 705 fornicationis
910 642 1121 724 opprobrium

56 737 239 822 pateretur.“

107 837 154 902 Ad
179 837 219 901 ll.
258 834 501 916 Argumenta
532 836 722 918 negativa.
772 837 810 901 In
842 838 988 904 textibus
1017 839 1123 904 Evan-

56 938 196 1019 geliorum
224 957 248 1000 s.
271 932 432 998 Matthaei
442 933 466 1015 1)
496 940 531 998 et
559 956 583 998 s.
606 935 713 1000 Lucae
723 935 749 1018 2)
780 957 800 1000 a
827 938 975 1020 patronis
1003 939 1122 1021 prioris
1183 996 1187 1002 .

56 1035 221 1100 sententiae
252 1031 428 1116 propositis
459 1030 490 1095 b.
519 1031 634 1115 Virgo,
657 1056 770 1128 ¹quum
802 1037 945 1119 Angelus
978 1038 1028 1103 illi
1065 1060 1123 1125 ap-

55 1137 158 1218 paruit,
181 1134 423 1216 desponsata
445 1131 577 1215 quidem
597 1134 793 1213 nominatur,
814 1136 871 1200 sed
892 1136 967 1201 inde
989 1137 1121 1203 minime

56 1235 196 1318 sequitur,
220 1255 244 1298 1.
258 1231 434 1313 Deiparam
453 1231 541 1296 inter
563 1237 597 1296 et
618 1253 642 1296 s.
664 1232 842 1316 Josephum
865 1240 943 1300 tuno
964 1238 1123 1320 temporis

55 1354 109 1397 non
138 1331 357 1398 intercessisse
393 1330 457 1394 nisi
488 1331 663 1413 sponsalia.
716 1331 885 1398 Terminus
923 1334 1010 1398 enim
1040 1335 1122 1418 ,de-

55 1430 248 1514 sponsata“
289 1450 354 1504 non
396 1430 597 1496 solummodo
639 1431 795 1515 virginem
837 1435 1009 1516 sponsione
1047 1457 1123 1519 pro·

54 1532 184 1610 missam,
215 1528 393 1594 sedetiam
421 1529 579 1612 virginem
607 1528 744 1596 denotat
764 1537 901 1615 nuptam
928 1554 966 1597 ac
994 1533 1028 1597 in
1059 1535 1121 1598 viri

55 1629 169 1694 domum
200 1634 374 1710 receptam.
425 1628 493 1693 lmo
519 1629 615 1712 juxta
642 1629 843 1695 idiotismum
875 1654 900 1697 1.
931 1633 1120 1716 Scripturae

53 1730 211 1793 terminum
237 1727 331 1791 illum
361 1727 449 1791 idem
476 1727 544 1792 fere
573 1725 681 1792 valere
708 1749 747 1793 11
768 1730 943 1795 terminum
964 1733 1121 1815 ,nupta,“

54 1848 86 1890 ex
103 1827 246 1910 plurimis
274 1824 554 1909 1111111111113)
582 1826 672 1891 haud
701 1825 874 1894 difficulter
902 1828 1120 1896 demonstrari

53 1934 156 2008 potest.
197 1925 410 2008 Inspiciamus

104 2049 131 2091 a.
161 2033 274 2091 vetus
303 2028 597 2088 testamentum.

104 2126 155 2207 ,Si
182 2123 357 2208 puellam
388 2122 582 2204 virginem
614 2121 877 2205 desponderit
904 2126 967 2206 111,
1000 2127 1123 2210 legitur

54 2223 82 2286 in
100 2221 400 2303 Deuteronomio,4)
433 2226 467 2286 et
498 2220 658 2286 invenerit
680 2241 752 2286 eam
783 2223 902 2306 aliquis
934 2225 1123 2290 incivitate

56 2328 82 2385 11
109 2320 317 2387 concubuerit
348 2341 422 2384 oum
459 2339 513 2398 11,
553 2319 671 2385 educes
702 2327 879 2405 utrumque
916 2322 959 2388 ad
989 2330 1120 2407 portam

55 2421 179 2486 civitatis
201 2421 290 2485 illius
321 2426 354 2485 et
380 2418 545 2502 lapidibus
574 2419 769 2485 obruentur:
798 2421 926 2503 puella,
957 2423 1120 2506 quianon

56 2519 207 2600 clamavit,
240 2540 341 2603 quum
370 2524 456 2583 esset
487 2517 691 2584 incivitate:
724 2519 788 2598 vir,
827 2519 906 2603 quia
937 2519 1123 2587 humiliavit

55 2639 199 2690 uxorem
219 2617 390 2702 proximi
417 2617 478 2682 sui
500 2624 535 2683 et
556 2617 685 2683 auferes
705 2620 828 2685 malum
850 2618 890 2684 de
910 2619 1017 2684 medio
1038 2621 1120 2685 tui.“

54 2715 151 2783 Puella
178 2719 235 2784 illa
266 2717 509 2799 desponsata
541 2717 729 2800 appellatur
759 2739 863 2782 uxor.
884 2718 1025 2801 proximi
1052 2719 1119 2799 sni3

54 2814 95 2879 illi
121 2838 193 2900 ergo
226 2821 391 2899 nupserat.
442 2815 549 2893 Quum
580 2816 656 2880 illae
685 2837 843 2899 personae
871 2816 1051 2898 puniantur
1082 2824 1123 2883 11

56 2915 256 2994 adulterae,
280 2914 429 2980 extiterit
449 2935 582 2979 necesse
603 2913 669 2980 fuit
688 2915 941 2981 matrimonium.
1140 2979 1144 2988 ,

105 3013 235 3092 111111,
248 3013 477 3079 celeberrimus
488 3013 607 3078 veteris
618 3015 808 3079 testamenti
819 3020 918 3093 vates,
929 3013 1085 3079 describit
1093 3014 1119 3097 5)

56 3113 238 3194 prophetans
271 3112 311 3178 de
332 3111 455 3177 Christi
486 3111 629 3177 adventu
650 3113 859 3197 omniumque
880 3113 1027 3197 gentium
1047 3133 1123 3178 con·

55 3212 184 3276 versione
213 3210 380 3276 Ecclesiae
408 3209 617 3291 felicitatem,
650 3212 786 3295 gloriam
815 3218 849 3278 et
877 3212 1120 3278 exaltationem.

55 3308 245 3392 ,Habitabit,
285 3311 394 3395 inquit
424 3311 512 3376 inter
529 3311 624 3390 ¹alia,
660 3311 788 3394 juvenis
826 3332 899 3376 eum
930 3310 1053 3394 virgine
1086 3317 1122 3376 et

54 3403 235 3475 habitabunt
254 3410 289 3475 in
309 3416 344 3474 te
364 3409 425 3474 filii
445 3410 506 3475 tui.
548 3411 592 3476 Et
620 3410 776 3494 gaudebit
803 3431 971 3493 sponsus
1001 3430 1122 3492 super

55 3509 249 3587 1111111111.α
269 3509 380 3573 Etiam
392 3508 453 3574 hoo
466 3509 537 3574 loco
551 3510 699 3574 terminis
712 3531 870 3592 ,sponsus
881 3546 921 3556 —
932 3508 1072 3592 sponsa“
1080 3545 1121 3554 -

54 3623 191 3683 personas
212 3613 332 3690 nuptas
361 3607 549 3691 significari,
580 3608 667 3674 clare
687 3614 790 3691 patet.
833 3607 925 3673 Idem
947 3606 1122 3671 dicendum

112 3775 129 3838 ¹)
146 3772 167 3838 1,
184 3776 223 3828 13.
265 3775 287 3842 ²)
306 3773 328 3841 1,
344 3777 377 3829 26
394 3791 434 3842 sq.
477 3774 497 3841 8)
515 3773 570 3829 cfr.
587 3773 737 3828 Memoires
753 3791 824 3843 pour
844 3774 934 3834 servir
951 3765 1121 3828 dl’histoire

55 3852 111 3906 eccl.
131 3872 181 3924 par
202 3855 354 3910 Tillemont
378 3861 444 3910 tom.
467 3855 489 3918 1,
511 3872 574 3925 pag.
595 3858 646 3910 484
669 3860 735 3912 note
753 3857 833 3925 v1113
859 3855 963 3912 Bened.
985 3854 1058 3911 XIV.
1083 3853 1119 3908 (11

54 3929 119 3988 lestis
134 3937 164 3992 B.
177 3937 214 3992 M.
228 3937 260 3994 V.
279 3941 351 4008 cpb
368 3956 395 3994 n.
409 3940 432 3992 5.
466 3938 587 4008 Analyse
605 3938 640 3992 de
657 3938 675 3992 l’
693 3939 830 4009 Evangile
847 3955 898 4007 par
915 3939 953 3992 un
969 3936 1064 4007 preire
1082 3935 1118 3990 de

54 4012 73 4065 l’‘
84 4015 199 4075 01111111
216 4020 320 4088 11111,
337 4037 400 4090 pag.
413 4022 462 4075 387
477 4037 517 4090 sq.
549 4021 572 4088 ⁴)
589 4019 677 4089 XXll,
694 4023 734 4082 23.
768 4023 789 4090 ⁵)
806 4017 893 4088 LXII,
908 4021 932 4075 6.
950 4035 974 4075 1.
991 4035 1014 4073 o.
1032 4015 1081 4084 lx,
1094 4017 1121 4072 4.
