2726 4560
560 362 596 422 31

46 526 140 592 dentis
177 543 313 608 prorsus
354 521 463 586 deleta
498 520 639 587 fuissent
677 522 894 588 documenta?
935 523 1118 592 Nonnullae

48 626 191 690 ecclesiae
214 621 400 699 orientales,
422 620 472 684 uti
498 619 636 684 ecclesia
656 619 885 701 Armeniensis,
906 624 1119 705 paucissimos

46 727 268 787 conservarunt
298 720 455 784 Veterum
490 718 610 798 libros3
649 719 858 785 nihilominus
891 721 1119 806 Conceptionis

46 821 265 886 immaculatae
285 818 317 883 b.
340 817 481 900 Virginis
510 816 608 882 fidem
636 817 795 883 intactam
816 820 864 885 ibi
884 821 1064 904 reperimus
1086 828 1120 889 et

45 921 238 999 incolumem.
290 917 363 1001 Ipso
391 907 632 982 Mahor'nede
660 918 838 1001 impostore
865 919 1022 985 utebatur
1044 942 1119 1004 pro-

46 1021 179 1085 uidentia
210 1019 336 1096 divina,
369 1021 409 1080 ut
438 1015 523 1080 hanc
555 1015 589 1079 in
622 1037 680 1080 suo
712 1016 874 1083 Alcorano
905 1018 1121 1085 haereditarit

45 1117 174 1201 fidem2)
216 1117 380 1195 Quotnam
402 1114 549 1180 existunt
569 1114 723 1198 dogmata
742 1115 923 1181 traditione
943 1123 1012 1182 tam
1032 1118 1120 1183 clare

47 1219 199 1300 totiesque
221 1235 375 1298 expressa
396 1213 547 1296 dogmate
569 1213 635 1292 illo,
658 1214 699 1278 de
722 1235 785 1297 quo
806 1215 901 1280 nobis
922 1217 1050 1282 sermo?

96 1316 249 1382 Omnium
270 1313 405 1378 testium
426 1313 525 1377 duces
547 1312 746 1378 admiramur
770 1336 811 1379 ss.
838 1314 1120 1397 Augustinum

45 1422 79 1479 et
102 1415 449 1498 chrysostomum,
470 1411 557 1476 hunc
578 1411 795 1478 Orientalium
815 1413 940 1492 ducem
964 1413 1120 1480 Occiden-

10 1539 12 1602 ξ
45 1514 149 1578 talium
176 1512 282 1576 illum.
323 1510 470 1576 Traditio
499 1512 666 1577 orientalis
696 1519 730 1578 et
751 1512 962 1578 occidentalis
989 1535 1121 1597 progre-

46 1613 170 1678 diuntur
205 1631 310 1694 usque
343 1608 386 1674 ad
419 1609 585 1682 saeculum
617 1610 778 1676 decimum
809 1611 984 1694 septimum
1015 1613 1120 1678 altera

46 1712 130 1776 alteri
145 1711 219 1776 fare
237 1729 371 1792 prorsus
401 1707 522 1792 ignota.
556 1709 664 1787 Quare
685 1710 715 1774 d.
734 1710 920 1776 Bernardus
941 1731 1026 1776 anno
1041 1717 1121 1776 1140

48 1817 203 1890 „veterum
236 1808 446 1872 traditionem
473 1829 539 1872 non
568 1809 735 1874 continere
764 1808 863 1874 fidem
893 1810 1121 1875 immaculatae

48 1907 288 1993 Conceptionis“
315 1912 350 1971 et
370 1905 551 1971 Richardus
580 1927 650 1990 as.
675 1907 853 1973 Laurentio
866 1911 892 1991 Ι)
920 1929 1005 1994 anno
1031 1913 1119 1987 1220,

49 2030 81 2087 „a
98 2007 221 2073 sanctis
242 2005 392 2088 patribus
412 2025 518 2088 pauca
540 2005 580 2070 de
604 2026 643 2070 ea
664 2005 754 2071 dicta
775 2008 864 2072 csse“
887 2028 1033 2072 asserere
1053 2029 1120 2072 non
1172 2082 1175 2088 ¹

49 2106 243 2172 dubitarunt.

99 2207 146 2271 De
169 2203 402 2287 conceptionis
423 2201 651 2268 immaculatae
680 2203 830 2268 doctrina
850 2205 939 2270 inter
958 2206 1121 2272 Ecclesias

49 2306 215 2372 orientales
237 2323 403 2385 nunquam
424 2301 633 2368 exoriebatur
650 2302 815 2367 dissensio.
848 2302 960 2369 Fidem
976 2304 1122 2371 fidelium

48 2403 327 2486 profundissimam
352 2407 495 2467 testatur
514 2401 666 2467 Julianus
687 2401 880 2484 Pelagianus
906 2402 941 2466 in
967 2416 1122 2469 sua'cum

49 2526 69 2568 s.
86 2504 266 2589 Augustino
286 2502 513 2580 controversia,
534 2503 625 2585 cujus
643 2523 741 2584 supra
759 2501 958 2566 mentionem
975 2500 1120 2567 fecimus.

49 2603 166 2669 Veritas
197 2603 280 2667 haec
311 2601 500 2684 gravissima
531 2623 606 2666 cum
637 2601 787 2665 omnibus
817 2601 1056 2665 incarnationis
1088 2608 1122 2667 et

49 2702 283 2786 Redemptionis
301 2700 463 2784 mysteriis
481 2706 549 2765 tam
564 2700 679 2766 intime
697 2721 843 2765 connexa
859 2721 919 2782 per
937 2700 1123 2782 quindecim

49 2802 169 2868 saecula
179 2801 216 2866 in
230 2800 287 2864 illa
300 2821 367 2865 non
377 2799 541 2882 potuisset
555 2800 625 2864 sine
640 2799 840 2865 dissensione
851 2798 961 2864 doceri
976 2799 1121 2879 ccclesia,

50 2900 159 2984 inqua
181 2899 387 2967 atrocissima
404 2897 587 2980 potioribus
608 2897 685 2962 fidoi
707 2897 913 2980 dogmatibus
934 2897 1057 2963 bellum
1073 2899 1122 2963 in·

50 2998 167 3065 dixerat
189 2999 344 3084 haeresis,
366 2996 429 3060 nisi
450 2996 600 3063 doctrina
621 2995 851 3079 Apostolorum
872 3002 907 3061 et
927 3017 968 3062 ss.
986 2996 1123 3062 Patrum

50 3119 100 3164 nec
120 3121 186 3165 non
205 3098 271 3164 fide
289 3095 451 3162 communi
468 3094 585 3162 fuisset
603 3095 783 3177 fundata.⁴)
819 3094 890 3171 Qua
912 3096 1123 3162 consensione

105 3266 126 3332 ¹)
142 3266 198 3322 Cir.
215 3265 309 3320 Maior
323 3264 342 3319 Ι.
357 3279 381 3319 o.
398 3267 465 3317 tom.
479 3261 516 3327 ΙΙ,
528 3278 591 3332 pag.
606 3263 647 3316 27.
674 3259 856 3329 „muhammat
873 3259 908 3316 im
925 3259 1017 3318 daton
1034 3261 1124 3330 invidt

50 3343 87 3412 tt
105 3347 166 3406 thet
189 3346 229 3404 oo
251 3344 394 3414 aobetedtt
416 3342 591 3412 OEmpltcooib
615 3342 658 3399 bct
675 3342 779 3400 lllutttt
794 3341 860 3410 Sela
883 3342 992 3411 similet
1016 3341 1123 3410 oestuo
1153 3400 1156 3408 ,

52 3433 100 3494 oua,
116 3431 217 3486 scribit
233 3428 344 3486 Oswald
360 3429 379 3484 l.
396 3444 420 3483 o.
436 3445 500 3498 pag.
517 3429 558 3493 35,
574 3455 608 3465 -
624 3425 701 3494 tutet
715 3425 754 3482 oie
769 3423 910 3494 Ittlptltde
926 3425 1123 3498 lletltcmtucg

50 3507 83 3566 iri
97 3511 201 3571 dtbboo
222 3529 241 3582 ὅ.
259 3513 294 3570 ffl.
311 3510 350 3568 oo
367 3509 484 3579 thriftto
508 3509 597 3578 tutta
621 3508 669 3566 tto
686 3507 792 3582 delitet
815 3513 865 3565 oct
889 3508 943 3565 tam
959 3509 1054 3576 :ittam
1071 3510 1123 3566 eat

51 3606 166 3652 nonum.
199 3594 408 3663 tlctfisrtitdrtithe
425 3592 529 3657 menter,
546 3593 594 3650 tois
610 3608 630 3662 s.
647 3593 683 3650 a.
699 3591 788 3659 {lotch
804 3591 904 3659 tlttnt
921 3592 963 3649 tec
981 3591 1123 3661 absoluti),

50 3672 122 3740 loten
144 3678 183 3734 tie
203 3677 345 3746 antetatis
362 3674 535 3746 dnpitogcii
559 3675 601 3732 tet
618 3673 807 3732 &attestantes
831 3674 991 3732 cormaiot!
1036 3674 1058 3740 ²)
1082 3673 1122 3726 De

51 3756 169 3814 laudibus
184 3760 216 3816 B.
233 3761 272 3815 M.
289 3761 322 3816 V.
338 3759 387 3814 lib.
407 3758 469 3826 llll,
485 3760 504 3814 l.
522 3758 548 3826 1,
570 3773 613 3829 cp.
630 3759 655 3812 2.
698 3757 719 3826 8)
742 3757 797 3813 cfr.
814 3757 908 3812 Malou
925 3758 942 3815 1.
961 3773 984 3812 o.
1001 3760 1068 3811 tom.
1086 3755 1122 3821 ΙΙ,

52 3855 106 3910 pag.
119 3845 167 3898 160
179 3861 238 3913 sqq.
264 3844 285 3911 ⁴)
301 3835 448 3910 ‚20onditio
459 3841 576 3911 junioris
590 3841 722 3896 Germani
738 3840 883 3907 (Germani
898 3839 934 3906 ll,
946 3837 1123 3894 Patrios-chae

55 3922 367 3996 Comtantinopolitani),
394 3926 519 3996 apprime
545 3927 579 3980 A.
605 3924 737 3979 Ballerini
761 3924 791 3978 in
816 3923 883 3992 Syll.
908 3940 1030 3978 monum.
1054 3927 1123 3977 tom.

54 4002 137 4077 11‚p,
161 4011 232 4078 tae),
263 4010 374 4079 quicum
397 4012 536 4065 ineassum
561 4007 725 4064 ceciderunt
750 4006 880 4077 Gregorii
905 4005 954 4062 lx.
980 4021 1064 4062 curae
1089 4004 1123 4058 ad
