2772 4550
575 369 634 429 573
682 426 687 438 ,

118 524 292 613 ,Quamvis
338 528 435 612 plura
480 529 567 593 inter
603 528 770 594 Liberium
809 535 844 594 et
879 529 1051 596 Nicolaum
1085 533 1139 597 IV.

52 630 186 696 saecula
218 627 480 707 intercesserint,
514 627 548 691 in
581 627 700 712 quibus
732 626 858 692 nullum
890 635 1000 696 exstat
1031 631 1072 696 de
1104 653 1140 697 re

53 734 312 805 monumentum,
335 726 567 792 animadvertit
593 726 837 792 Benedictus
859 727 953 793 XIV.
981 728 1002 793 l.
1025 752 1062 809 c.,
1084 733 1141 814 pia

52 837 166 894 tamen
187 825 324 892 traditio
354 832 639 890 monumentorum
662 826 725 890 vim
754 825 896 905 obtinet3
925 817 1141 911 nequeenim

52 950 126 994 cam
143 932 271 991 veteres
287 925 550 1008 promulgassent
563 925 702 990 Romani
713 924 895 1005 Pontifices,
914 928 1139 1007 asseruissent,

51 1030 329 1110 propugnasscnt,
366 1023 431 1088 nisi
461 1023 631 1088 altissimis
667 1023 769 1088 ctiam
803 1023 968 1090 radicibus
999 1025 1139 1093 defixam

52 1122 320 1210 comperissent.“
364 1123 394 1188 S.
416 1121 508 1187 Pius
529 1121 567 1186 V.
590 1121 806 1187 festivitatem
827 1123 911 1188 hanc
932 1124 967 1188 in
988 1125 1140 1192 universa

50 1224 203 1291 Ecclesia
224 1220 455 1288 celebrandam
475 1221 697 1305 praescripsit.

113 1324 205 1389 Haec
231 1321 420 1400 habuimus,
450 1341 534 1405 quae
563 1319 603 1385 de
624 1321 808 1403 potioribus
835 1320 1045 1388 beatissimae
1066 1324 1139 1389 Vir·

50 1423 137 1508 ginis
158 1421 254 1487 festis
276 1419 451 1485 observatu
472 1418 571 1502 digna
591 1419 824 1502 reputavimus.

113 1520 161 1586 Te
182 1541 268 1598 vero,
290 1517 459 1601 Virginem
478 1517 665 1600 Virginem,
687 1517 855 1600 Virginem
876 1518 1137 1601 pulcherrimam,
1243 1521 1247 1530 '

52 1619 223 1703 Virginem
252 1623 361 1682 mente
394 1623 428 1682 et
456 1637 554 1698 opere
586 1615 831 1695 intemeratam,
865 1637 949 1700 quae
979 1638 1039 1700 per
1056 1617 1139 1682 Vir-

49 1718 225 1803 ginitatem
254 1715 478 1781 sanctissimae
507 1735 545 1779 ac
573 1714 759 1779 individuae
780 1714 937 1781 Trinitati
964 1721 1138 1799 tantopere

49 1815 208 1902 placuisti
239 1822 274 1880 et
301 1835 360 1898 per
392 1813 602 1879 dilectionem
632 1812 897 1896 inseparabiliter
928 1813 1034 1880 eidem
1062 1837 1138 1880 con·

46 1917 166 2000 juncte
192 1913 301 1992 fuisti,
331 1919 364 1977 te
394 1911 552 1977 auxilium
574 1912 834 1978 Christianorum
864 1919 899 1977 et
918 1914 1138 1996 patrocinium

51 2012 143 2080 Cleri
170 2011 435 2096 potentissimum
464 2010 602 2094 supplex
630 2032 688 2076 oro
718 2011 876 2095 enixeque
905 2033 1000 2095 rogo,
1032 2019 1072 2078 ut
1099 2013 1137 2078 li-

47 2112 174 2178 bellum
195 2109 282 2175 hunc
303 2109 525 2193 perexiguum,
548 2108 590 2173 ad
611 2109 769 2175 honorem
789 2116 884 2174 tuum
906 2111 1135 2194 conscriptum,

48 2210 192 2294 benigue
214 2216 248 2276 et
266 2207 395 2292 placide
416 2207 574 2292 suscipias
595 2215 698 2293 utque
720 2209 808 2274 inter
829 2229 884 2275 eos
906 2231 957 2275 me
975 2232 1135 2290 numeres,

50 2310 110 2394 qui
138 2309 190 2375 tui
217 2314 295 2373 sunt
315 2327 354 2372 ac
382 2312 515 2390 praeter
542 2315 576 2372 te
605 2315 639 2373 et
660 2314 719 2373 tua
738 2313 815 2390 post
836 2307 943 2372 Deum
970 2309 1018 2374 nil
1046 2309 1136 2375 aliud

48 2409 241 2476 desiderant
272 2427 331 2471 nec
363 2405 521 2472 ambiunt.
573 2407 653 2490 Spes
685 2428 759 2471 mea
789 2406 895 2490 prima
923 2407 1029 2488 Deus,
1062 2431 1136 2493 spes

48 2508 158 2574 altera
178 2506 278 2589 Virgo
300 2505 421 2570 Maria!

113 2606 162 2672 Τιι
184 2627 219 2672 es
248 2604 436 2670 dulcissima
456 2603 564 2668 Mater
585 2603 700 2686 Virgo,
730 2626 814 2688 quae
842 2605 957 2670 mortis
977 2605 1136 2689 peperisti

48 2711 200 2783 mortem,
222 2703 323 2768 vitam
343 2701 493 2781 hominis,
520 2702 644 2768 diaboli
664 2702 897 2783 confusionem,
924 2712 1136 2788 pcccatorum

47 2802 194 2881 veniam,
222 2801 367 2867 omnium
384 2802 549 2885 justorum
569 2801 816 2868 beatitudinem.
859 2803 973 2870 Vivam
995 2825 1055 2887 ego
1075 2827 1134 2888 pro

47 2912 85 2970 te
106 2902 158 2968 vel
179 2902 268 2968 vivas
289 2907 327 2967 tu
348 2901 459 2985 potius
480 2900 515 2965 in
537 2921 603 2979 me,
634 2923 653 2966 o
675 2901 824 2982 clemens,
854 2924 873 2969 o
894 2902 958 2986 pia,
988 2925 1007 2968 o
1029 2901 1135 2969 dulcis

47 3002 151 3086 Virgo
182 3001 303 3066 Maria!
347 3000 413 3066 Ora
447 2999 567 3064 Filium
601 3006 694 3065 tuum
731 3001 949 3084 unigenitum,
986 3009 1024 3068 ut
1055 3003 1135 3068 mihi

47 3101 192 3186 gratiam
219 3099 378 3166 concedat
400 3098 533 3164 dolendi
561 3099 601 3164 de
623 3101 768 3182 peccatis
797 3107 831 3166 et
853 3101 1010 3184 condigne
1039 3102 1135 3167 satis·

47 3200 193 3266 faciendi
221 3206 323 3284 utque
355 3205 543 3283 separatam
573 3220 594 3264 a
626 3220 761 3283 corpore
793 3199 935 3265 animam
966 3199 1000 3263 in
1030 3199 1135 3282 gloria

48 3307 187 3366 aeterna
218 3289 391 3383 suscipiat,
425 3299 483 3364 ubi
513 3296 627 3363 laudes
660 3304 735 3363 tuas
767 3298 890 3364 referat
917 3319 976 3381 per
1006 3297 1135 3365 infinita

49 3399 184 3466 saecula
205 3397 426 3464 sacculorum!
773 3407 777 3413 '

390 3672 776 3787 &deffluere
