2718 4556
762 365 821 428 340

251 524 383 590 tendam
410 525 497 608 vulgi
525 525 708 608 opinionem
737 526 901 592 introduci
928 526 1045 609 potuit.
1090 529 1152 593 Vel
1178 530 1308 610 fortasse,

251 644 350 705 quum
370 622 492 706 Joseph
520 631 606 689 esset
627 632 774 690 maturae
802 625 922 689 aetatis
952 631 985 689 et
1009 627 1058 704 vir
1077 628 1186 710 justus
1205 632 1309 712 partim

249 719 430 800 laboribus,
452 722 572 804 partim
594 724 738 806 corporis
759 722 987 788 afflictionibus
1009 723 1172 806 effecerat,
1195 735 1230 793 ut
1248 751 1309 812 pro·

250 819 409 899 rectioris,
432 842 529 904 quam
552 842 665 886 revera
687 829 782 900 esset,
804 821 923 886 aetatis
945 819 1151 905 appareret.“

308 917 543 1002 Argumentum
570 942 646 1004 ergo
676 942 715 985 ex
736 921 897 1006 pictorum
924 923 1123 988 auctoritate
1153 924 1310 991 deductum

244 1018 401 1086 levissimi
424 1019 553 1084 videtur
574 1019 738 1084 momenti.
781 1019 968 1098 Audiamus
997 1023 1159 1103 quomodo
1182 1025 1310 1089 Monta·

245 1118 381 1183 eutius
417 1117 499 1182 illud
534 1117 680 1182 refellat:
720 1117 905 1199 ,Exhibent
939 1118 1003 1198 illi,
1045 1120 1169 1204 inquit,
1185 1126 1208 1206 ¹)
1246 1123 1309 1188 satis

244 1216 388 1298 amplam
410 1224 444 1282 et
465 1223 683 1299 opportunam
710 1215 839 1281 ridendi
860 1218 1061 1282 occasionem
1082 1227 1117 1284 et
1138 1221 1309 1298 lubentium,

246 1315 305 1398 qui
332 1315 531 1398 decrepitam
559 1315 655 1398 hujus
688 1315 749 1379 viri
776 1321 920 1380 aetatem
946 1316 1132 1399 probaturi,
1165 1322 1309 1402 parietum

238 1415 392 1498 ¹picturas
420 1421 454 1479 et
474 1413 692 1479 fenestrarum
712 1415 897 1497 producunt
926 1437 965 1480 ex
992 1416 1138 1482 ecclesiia
1165 1426 1198 1484 et
1218 1441 1309 1484 mona·
1358 1422 1359 1425 ’

246 1515 364 1580 steriis.
408 1513 501 1591 Quod
522 1535 623 1596 genus
644 1513 860 1595 probationis,
889 1515 918 1578 si
944 1514 1023 1597 quid
1044 1516 1172 1582 roboris
1192 1517 1309 1584 haberet

247 1615 299 1680 vel
319 1613 523 1691 firmitatem,
552 1613 686 1696 probari
706 1620 832 1696 posset,
863 1613 1044 1692 diabolum,
1075 1615 1199 1682 Christi
1218 1617 1249 1682 in
1267 1617 1309 1680 de·

248 1721 337 1780 serto
368 1719 582 1788 tentatorem,
620 1711 772 1776 Monachi
802 1710 960 1778 cucullati
990 1713 1144 1778 indutum
1175 1715 1308 1790 vestibus,
1356 1752 1357 1756 =

248 1820 307 1878 aut
334 1817 501 1894 assumpto
533 1809 648 1874 habitu
681 1810 836 1875 eremitae
869 1809 912 1875 ad
940 1810 1107 1876 Christum
1139 1812 1308 1888 accessisse

249 1933 325 1976 nam
346 1910 388 1975 ad
408 1910 501 1974 illum
522 1909 653 1974 modum
684 1909 769 1974 solet
789 1910 823 1972 in
844 1909 996 1975 fenestris
1018 1916 1052 1975 et
1072 1893 1249 1994 parietibus
1268 1911 1309 1976 de
1355 1960 1356 1988 ,

235 2009 414 2076 'formari.“
456 2009 618 2074 Probatur
639 2008 803 2074 sententia
823 2016 936 2076 nostra

312 2113 340 2174 3.
373 2107 539 2173 ratione.
584 2107 726 2174 sienim
930 2187 933 2192 Ι
1355 2171 1356 2176 ,

311 2229 339 2273 a.
383 2208 505 2273 finem
545 2207 799 2286 consideremuS,
840 2214 976 2292 propter
1012 2229 1109 2291 quem
1149 2229 1173 2272 a.
1208 2204 1310 2288 loseph
1353 2207 1357 2251 l

251 2307 348 2374 datus
376 2307 419 2374 sit
447 2306 654 2372 beatissimae
676 2306 803 2390 Virgini
831 2328 983 2389 sponsus,
1013 2329 1038 2370 s.
1059 2306 1234 2389 Josephum
1259 2326 1309 2370 nou

250 2424 375 2482 senem,
408 2402 467 2468 sed
487 2405 597 2486 potius
626 2405 730 2469 virum
757 2410 867 2469 aetate
889 2403 1059 2471 florentem
1087 2405 1176 2470 circa
1194 2405 1309 2488 triginta
1353 2470 1357 2501 Ι

230 2503 302 2578 ¹vel
330 2501 546 2584 quadraginta
572 2502 673 2568 fuisse
702 2525 803 2568 anuos
832 2504 1089 2570 certiorabimur.
1138 2505 1309 2570 Beatissima
1353 2544 1357 2563 .

251 2601 339 2675 ‚enim
359 2600 458 2681 Virgo
480 2602 687 2667 matrimonio
707 2601 772 2667 fuit
792 2602 953 2685 copulata,
976 2610 1014 2668 ut

316 2727 345 2763 a.
367 2699 490 2764 honor
509 2700 592 2783 ejus
614 2701 648 2764 in
665 2707 737 2776 tuto
754 2708 932 2784 poneretur
947 2710 1050 2785 utque
1068 2703 1138 2786 ejus
1155 2701 1309 2786 granditas

252 2821 291 2864 ac
318 2804 433 2882 partus
461 2799 502 2863 ab
520 2800 696 2878 omnibus,
730 2800 787 2882 qui
814 2801 1003 2883 mysterium
1032 2801 1066 2868 in
1095 2823 1134 2867 ea
1162 2807 1309 2886 peractum

253 2897 450 2976 nesciebant,
479 2898 596 2963 marito
618 2898 721 2962 tribui
740 2906 860 2981 posset.
903 2899 977 2964 Jam
998 2920 1073 2965 vero
1095 2901 1124 2964 si
1149 2923 1174 2965 s.
1196 2916 1309 2984 spomus

169 2987 171 2994 ’
253 2996 371 3061 fuisset
401 3003 469 3060 tam
505 2997 704 3080 decrepitus,
742 3019 836 3063 nemo
872 2998 921 3062 illi
957 2999 1161 3082 ascripsisset
1191 3003 1308 3082 partum.
1355 2991 1356 2994 ’

254 3095 358 3162 Maria
386 3116 461 3179 ergo
490 3118 530 3160 ex
556 3096 717 3162 adulterio
745 3097 930 3180 concepisse
958 3098 1096 3181 ideoque
1124 3098 1240 3162 crimen
1256 3094 1309 3158 for-

255 3195 418 3260 nicatione
439 3196 542 3278 majus
563 3197 760 3261 commisisse
783 3197 907 3261 credita
927 3196 1052 3262 fuisset.

318 3301 346 3376 β.
378 3292 544 3371 Quomodo
566 3316 661 3378 porro
689 3295 872 3360 consultum
896 3303 981 3361 esset
1008 3287 1162 3360 honori*
1177 3288 1309 3360 Domini

255 3392 406 3458 nostri?
447 3391 560 3457 Nonne
595 3393 754 3458 increduli
787 3395 905 3459 Judaei
941 3395 1131 3459 calumniari
1167 3414 1235 3459 eum
1264 3409 1309 3472 po·

154 3501 155 3504 ’
256 3491 411 3570 tuissent,
445 3491 532 3574 quod
558 3514 624 3557 non
652 3493 693 3557 de
722 3493 842 3558 semine
865 3493 969 3558 David
998 3500 1083 3560 esset
1113 3493 1242 3578 ideoque
1260 3507 1308 3552 nec

257 3611 351 3655 verus
372 3589 506 3654 Messias
527 3590 561 3654 in
580 3591 651 3674 lege
672 3592 870 3675 promissus?

318 3717 346 3774 y.
373 3689 473 3754 Juxta
490 3690 673 3754 unanimem
694 3711 734 3755 ss.
752 3690 886 3755 Patrum
904 3691 1089 3774 opinionem
1107 3693 1194 3756 Deus
1213 3689 1239 3752 b.
1250 3685 1309 3750 Vir-

163 3802 166 3808 '
258 3788 365 3872 ginem
385 3788 590 3853 matrimonio
608 3788 700 3872 jungi
727 3790 831 3855 voluit
857 3812 881 3854 s.
903 3790 1060 3874 Josepho,
1090 3798 1129 3878 nt
1148 3791 1196 3854 hic
1216 3787 1245 3850 in
1264 3803 1309 3848 ue·

324 4002 343 4069 ¹)
361 4003 494 4084 Apparet,
510 4001 557 4068 lx,
574 4020 600 4057 u.
619 4004 658 4056 26.
693 4015 695 4018 ·
