2728 4560
564 379 625 440 225

63 542 267 608 creandorum
288 560 387 604 causa
408 559 530 603 marem
551 537 770 623 feminamque
788 541 1018 625 conjungunt.“
1051 542 1136 620 Quo·

63 642 148 706 modo
180 662 255 724 ergo
295 640 358 704 erit
389 637 559 721 possibile,
600 646 805 704 contractum
843 641 1062 706 essentialiter
1093 642 1135 706 ad

64 741 202 824 copulam
230 739 418 804 ordinatum
444 737 614 802 intendere
644 739 858 822 copulamque
887 739 1044 822 implicite
1071 763 1136 806 non

63 839 241 904 intendere?
263 837 373 920 Ligari
392 842 504 918 potest
525 836 656 919 quidem
675 837 728 920 jus
749 837 825 915 tale,
847 837 878 901 vi
898 844 1010 903 tamen
1031 845 1133 918 actus

64 961 119 1021 quo
134 939 184 1022 jus
204 937 372 1020 implicite,
392 935 471 1000 licet
488 935 699 1000 inefficaciter
718 935 868 1014 intendit,
888 959 983 1002 usum
1005 959 1134 1022 quoque

65 1037 200 1102 intendat
232 1055 363 1100 necesse
398 1041 457 1098 est.
511 1034 562 1097 Ad
593 1035 836 1099 matrimonium
866 1038 1049 1102 necessario
1085 1059 1135 1101 re-

65 1137 193 1219 quiritur
219 1155 395 1199 consensus
428 1132 462 1196 in
489 1138 637 1197 mutuam
664 1132 799 1196 dominii
827 1155 999 1216 corporum
1028 1143 1134 1200 trans·

64 1236 219 1314 lationem3
250 1233 308 1298 sed
336 1233 416 1297 haec
437 1231 610 1298 translatio
632 1232 774 1297 refertur
796 1232 838 1296 ad
860 1234 1023 1316 copulam,
1058 1257 1133 1318 ergo

66 1335 152 1399 etiam
171 1335 226 1398 ille
249 1353 425 1397 consensus
448 1331 563 1396 saltem
591 1330 749 1413 implicite
771 1330 814 1395 ad
835 1332 986 1415 copulam
1007 1332 1134 1400 feratur

66 1441 190 1516 oportet.

117 1532 144 1596 b.
174 1531 249 1597 Non
276 1529 458 1612 requiritur
486 1530 529 1594 ad
557 1530 700 1595 valorem
730 1530 931 1594 matrimonii
958 1552 1064 1614 neque
1093 1553 1133 1598 ex

66 1637 147 1711 parte
167 1628 445 1706 contrahentium,
468 1649 574 1711 neque
597 1633 751 1711 exparte
774 1635 975 1708 contractus,
998 1637 1037 1695 ut
1058 1653 1134 1696 con-

67 1749 164 1793 sensus
196 1729 296 1793 etiam
328 1727 484 1810 implicite
519 1728 554 1791 in
589 1727 790 1792 actualem
827 1726 1060 1809 obligationem
1090 1730 1133 1794 ad

67 1828 201 1910 copulam
223 1827 359 1892 feratur.
399 1826 433 1891 Si
456 1825 542 1891 enim
560 1817 627 1890 duo
646 1827 680 1890 in
700 1847 736 1890 re
754 1826 826 1909 ipsa
844 1833 921 1891 sunt
938 1828 1133 1910 separabilia

68 1933 94 1991 et
111 1929 293 1992 nullatenus
315 1925 357 1990 ad
378 1925 515 1989 invicem
534 1926 716 2008 conjuncta,
736 1947 837 1989 unum
858 1947 969 1991 amare
990 1948 1130 2009 possum,

68 2027 132 2110 quin
151 2048 256 2092 amem
276 2025 328 2089 vel
346 2023 503 2106 implicite
521 2024 572 2089 vel
591 2024 743 2106 explicite
764 2024 863 2088 aliud.
894 2023 958 2090 Sed
976 2025 1131 2108 obligatio

66 2125 207 2190 reddendi
237 2123 384 2188 debitum
406 2123 544 2188 actualis
570 2130 680 2206 potest
701 2124 735 2188 in
761 2133 797 2188 re
824 2145 845 2188 a
871 2124 998 2188 vinculo
1020 2126 1132 2190 matri-

67 2225 159 2302 monii,
176 2223 273 2288 sicuti
290 2222 331 2286 ab
349 2221 547 2304 obligatione
564 2222 701 2287 radicali
718 2224 877 2305 separari;
899 2225 1131 2291 consentiendo

68 2341 129 2404 ergo
155 2325 188 2388 in
215 2323 307 2406 prius
335 2341 401 2385 non
429 2321 597 2385 consentio
627 2342 665 2385 eo
691 2321 761 2402 ipso
790 2321 824 2384 in
845 2321 1018 2404 posteriue.
1061 2323 1131 2388 Hoc
1207 2358 1211 2367 ·

66 2420 120 2502 jam
139 2445 176 2488 ex
198 2444 236 2488 eo
257 2427 367 2504 patet,
398 2419 501 2503 quod,
531 2420 581 2484 uti
604 2421 638 2483 in
660 2421 810 2502 sequenti
830 2420 1010 2486 videbimus
1035 2423 1130 2502 thesi,

69 2540 127 2583 cum
156 2521 353 2603 obligatione
389 2518 525 2583 radicali
559 2518 681 2600 optime
713 2514 910 2584 concordare
942 2521 1046 2603 possit
1077 2542 1132 2586 ex-

68 2640 179 2699 pressus
208 2641 383 2686 consensus
412 2624 545 2683 mutuus
575 2639 634 2682 nec
654 2618 788 2700 petendi
809 2640 868 2682 nec
896 2619 1055 2707 reddendi
1076 2621 1130 2686 de·

67 2716 166 2783 bitum.
205 2721 255 2784 Ex
277 2719 372 2784 dictis
394 2719 481 2783 clare
504 2718 624 2796 elucet,
654 2718 896 2784 distinctionem
917 2741 937 2784 a
959 2719 1075 2786 Pontio
1097 2729 1131 2787 et

68 2817 191 2884 Sanchez
213 2819 375 2903 prolatam
398 2818 510 2901 quovis
530 2839 664 2900 prorsus
686 2839 796 2882 carere
818 2817 1077 2901 fundamental)

116 2918 375 3000 Respondeamus
396 2917 438 2982 ad
459 2918 594 2983 Pontii
615 2924 819 3000 argumenta:

117 3016 203 3093 Quod
225 3017 255 3081 d.
278 3017 493 3100 Augustini
513 3017 703 3081 testimonia
724 3017 854 3095 attinet,
875 3039 898 3082 s.
918 3019 1041 3084 Doctor
1063 3039 1129 3085 non

68 3113 124 3178 vult
142 3117 201 3180 nisi
223 3117 375 3196 innuere,
404 3117 610 3181 matrimonio
639 3137 705 3179 non
733 3115 838 3180 solum
863 3117 931 3200 jam
960 3124 1128 3183 contracto

69 3214 200 3298 conjuges
222 3217 275 3280 ab¹
294 3216 363 3299 ejus
383 3238 444 3280 usu
466 3209 630 3280 abstinere
662 3225 771 3297 posse,
804 3215 861 3279 sed
883 3217 983 3280 etiam
1004 3217 1128 3299 inipso

70 3310 124 3391 ejus
152 3322 322 3380 contractu
357 3336 549 3380 consensum
585 3314 627 3378 ad
659 3315 727 3396 ejus
760 3336 854 3378 usum
886 3321 920 3379 et
951 3315 993 3379 ad
1024 3315 1129 3398 ipsam

70 3413 198 3492 copulam
224 3410 388 3479 carnalem
416 3436 481 3478 non
510 3435 580 3478 esse
608 3413 834 3498 necessarium.
885 3413 949 3479 Sed
975 3414 1036 3478 hoc
1064 3436 1129 3479 non

70 3508 239 3578 adversatur
261 3501 433 3578 communi
450 3514 648 3591 sententiae,
679 3535 762 3596 quae
790 3535 856 3578 non
884 3535 1073 3596 expressum
1095 3521 1128 3578 et

69 3602 229 3691 formalem,
260 3613 317 3676 sed
338 3612 532 3695 implicitum
561 3611 762 3676 solummodo
791 3634 829 3676 ac
858 3612 1030 3677 virtualem
1053 3634 1129 3678 con-

73 3763 244 3782 *Q—

123 3857 139 3922 ¹)
160 3859 211 3914 Cir.
228 3860 326 3915 (louet.
343 3857 465 3929 'Clypeus
490 3859 646 3928 theologiae
672 3858 821 3913 themistio.
843 3862 901 3915 tom
929 3859 965 3926 V,
991 3859 1061 3928 disp.
1079 3859 1127 3914 lv.

72 3929 139 4020 ΙΡετρι
159 3943 235 3996 tract.
258 3943 292 3997 de
317 3945 493 4000 matrimonio
519 3942 589 4012 disp.
609 3941 686 4007 XIII,
714 3941 838 4009 Vasquez
857 3942 1038 3998 commentat.
1057 3942 1130 4011 disp.

71 4017 188 4092 1n111‚p¹
205 4029 270 4080 tom.
288 4025 323 4091 Il,
343 4025 411 4094 disp.
429 4026 535 4081 CXXV.
931 4108 963 4161 15
