2730 4564
548 355 604 414 171

99 517 127 580 d.
166 515 213 581 Ut
250 499 459 597 ignominiam
499 513 589 578 illam
628 535 701 578 cum
740 512 915 579 sterilitate
954 513 1116 597 conjugali

47 615 242 698 conjunctam
280 613 395 678 melius
434 612 636 695 judicemus,
678 612 742 676 duo
782 612 987 678 considerare
1023 609 1116 696 juvat

47 713 250 792 commoda,
284 733 368 795 quae
397 711 556 776 Hebraeis
589 731 629 774 ex
659 710 875 775 matrimoniis
905 709 1115 795 prolibusque
1147 707 1149 716 '

46 817 267 894 provenerunt:
297 811 341 876 Iis
369 811 455 874 enim
475 810 616 894 populus
646 809 848 875 dilatabatur
873 808 978 874 fidelis
1006 809 1117 874 simul·

47 932 98 992 que
135 931 209 993 spes
249 911 504 989 concedebatur,
547 917 585 976 ut
625 911 712 975 inter
749 916 897 993 posteros
939 908 1114 993 aliquando

46 1015 224 1074 nasceretur
260 1007 404 1074 Messias.
460 1010 598 1074 Attento
635 1009 697 1074 1100
735 1008 901 1073 commodo
938 1008 1116 1090 ignominia

46 1129 93 1171 seu
112 1107 299 1172 maledictio
326 1129 366 1172 ex
394 1099 571 1173 sterilitate
592 1108 801 1191 proveniente
830 1108 1016 1190 negativa
1045 1128 1114 1172 esse

45 1206 171 1286 videtur,
192 1208 332 1290 privatio
355 1208 442 1271 enim
464 1208 543 1290 spei,
563 1207 633 1272 fore
654 1214 693 1272 ut
710 1206 847 1271 Messias
869 1227 908 1270 ex
929 1206 1115 1288 posteribus

44 1312 231 1371 nasceretur.
283 1303 318 1372 Si
348 1306 439 1389 prius
471 1306 656 1371 attenditur
687 1305 905 1381 commodum,
937 1303 1116 1387 ignominia

44 1402 133 1470 habet
154 1405 290 1488 aliquod
315 1405 546 1488 positivum,
576 1405 702 1470 tamdiu
724 1405 930 1482 duraturum,
960 1405 1116 1487 quamdiu

45 1502 226 1570 imminebat
253 1505 445 1583 necessitas,
478 1510 517 1569 ut
543 1504 682 1587 populns
710 1511 955 1586 propagaretur.
968 1505 991 1587 ¹)
1039 1504 1115 1568 Per-

44 1601 119 1667 belle
141 1603 214 1669 ideo
245 1603 274 1668 d.
298 1604 559 1687 Augustinus:
592 1604 662 1686 „Ex
684 1625 748 1687 quo
769 1602 941 1686 colligitur,
964 1602 1114 1686 inquite)

45 1702 147 1782 primis
177 1703 379 1786 temporibus
407 1704 534 1786 generis
562 1703 696 1768 humani
724 1703 863 1767 maxime
891 1708 1026 1784 propter
1053 1701 1115 1766 Dei

44 1803 192 1884 populum
222 1803 481 1886 propagandum,
514 1824 573 1885 per
604 1825 701 1886 quem
733 1808 766 1866 et
797 1801 1050 1885 prophetaretur
1082 1807 1116 1865 et

45 1907 226 1973 nasceretur
245 1901 400 1984 Princeps
429 1909 462 1967 et
486 1903 635 1968 Salvator
663 1901 807 1966 omnium
827 1899 1035 1983 populorum,
1065 1899 1116 1965 uti

45 1997 184 2065 debuisse
216 2008 346 2067 sanctos
379 2002 459 2067 istos
491 2023 556 2066 non
587 2007 723 2085 propter
754 2021 789 2064 se
821 1999 1018 2082 expetendo,
1057 1998 1116 2064 sed

45 2105 171 2180 propter
192 2099 291 2179 alind,
315 2101 496 2166 necessario
517 2101 602 2166 bono
624 2099 844 2183 nuptiarum.“

99 2198 203 2276 Quum
225 2221 301 2283 ergo
323 2197 463 2284 populus
488 2200 639 2283 judaicus
659 2221 724 2264 11011
753 2199 858 2264 solum
877 2196 1037 2263 Judaeam
1057 2195 1116 2258 im·

44 2294 201 2377 plevisset,
235 2299 294 2364 sed
322 2299 422 2364 etiam
449 2319 508 2383 per
537 2299 617 2364 alias
646 2298 783 2363 diffusus
811 2296 928 2362 fuisset
958 2296 1114 2378 regiones,

45 2392 212 2474 ignominia
239 2396 313 2475 illa,
346 2418 443 2481 quam
471 2397 610 2462 diximus
638 2397 824 2480 positivam,
851 2395 919 2478 jam
950 2393 1048 2460 desiit
1076 2414 1114 2458 eo

46 2498 199 2578 tempore,
233 2518 297 2580 quo
328 2495 517 2561 beatissima
548 2496 646 2578 Virgo
678 2493 759 2559 vixit
788 2492 927 2577 ideoque
958 2492 1113 2570 homines

45 2591 138 2660 afflati
164 2595 359 2679 praesertim
391 2595 498 2661 divino
528 2595 669 2678 Spiritu,
702 2592 923 2676 virginitatem
951 2591 1115 2656 custodire

45 2711 76 2754 ac
96 2694 290 2778 virginitatis
312 2694 544 2760 custodiendae
564 2693 768 2776 propositum
790 2711 905 2774 capere
926 2695 1114 2773 potuerunt.

44 2789 180 2872 Etenim,
210 2801 248 2859 ut
276 2794 410 2877 exponit
437 2793 586 2858 Doctor
612 2790 868 2874 Angelicus,³)
897 2809 981 2870 ,non
1010 2787 1115 2852 solum

40 2893 252 2958 ‚necessarium
281 2900 332 2958 est
352 2893 492 2957 humano
520 2890 645 2974 generi,
675 2891 763 2974 quod
783 2889 1020 2972 multiplicetur
1045 2907 1115 2952 001·-

44 2990 207 3070 poraliter,
237 2992 295 3057 sed
316 2992 416 3057 etiam
442 2990 660 3072 spiritualiter
679 2989 829 3072 proficiat
850 2995 885 3053 et
905 2988 978 3052 ideo
1000 2985 1116 3050 suffici·

46 3093 131 3151 enter
150 3089 340 3172 providetur
360 3091 520 3155 humanae
542 3089 760 3168 multitudini,
791 3090 819 3154 si
840 3087 973 3171 quidam
993 3085 1116 3150 carnali

45 3188 237 3264 generationi
260 3209 393 3271 operam
410 3188 497 3266 dent,
517 3187 650 3271 quidam
670 3209 745 3252 vero
767 3187 809 3252 ab
830 3187 891 3251 hac
913 3185 1115 3250 abstinentes

46 3287 305 3369 contemplationi
322 3288 504 3354 divinorum
525 3294 640 3352 vacent
658 3288 700 3352 ad
718 3288 820 3352 totius
838 3285 972 3351 humani
988 3283 1115 3368 generis

45 3383 311 3463 pulchritudinem
338 3394 372 3452 et
392 3387 540 3452 salutem.
585 3387 676 3453 Sicut
697 3387 797 3451 etiam
816 3385 851 3450 in
878 3383 1023 3450 exercitu
1045 3383 1115 3466 qui-

46 3478 114 3547 dam
145 3494 250 3552 castra
287 3487 490 3565 custodiunt,
529 3485 661 3568 quidam
694 3485 786 3567 signa
816 3484 943 3562 ferunt,
982 3482 1116 3566 quidam

45 3582 153 3663 gladiis
174 3586 358 3666 decertant3
388 3607 471 3670 quae
498 3591 608 3649 tamen
635 3584 742 3649 omnia
769 3582 881 3648 debita
909 3586 986 3646 sunt
1005 3580 1116 3645 multi-

46 3683 154 3765 tudini,
176 3687 233 3752 sed
253 3707 313 3770 per
334 3707 434 3750 unum
456 3683 585 3767 impleri
605 3705 670 3748 non
690 3682 857 3766 1101111111.α
899 3680 997 3746 Unde
1016 3680 1115 3746 etiam

47 3831 233 3848 *—

108 3918 126 3984 ι)
150 3918 202 3974 Cfr.
223 3917 408 3972 Trombellius
432 3916 450 3971 l.
475 3931 500 3969 0.
522 3933 548 3985 p.
574 3915 595 3972 1.
619 3916 729 3971 dissert.
754 3915 803 3982 IX,
827 3933 854 3970 11.
873 3917 911 3969 14.
944 3911 1115 3979 1)Ι)1110110

47 3999 177 4069 conjugali
193 4017 235 4070 cp.
254 3999 301 4055 lx.
334 3998 355 4066 ⁸)
373 4001 396 4054 9.
413 4002 437 4053 2.
454 4014 480 4066 q.
498 3996 579 4062 (ihil,
597 4003 648 4052 art.
666 3997 702 4063 11,
719 3996 755 4052 ad
772 4001 795 4052 1.
