2728 4554
566 323 624 384 391

57 482 180 563 ,Mittit
207 483 296 550 Deus
322 483 484 548 medicum
512 483 554 548 ad
582 487 767 566 aegrotum,
800 481 907 566 inquit
934 453 1132 548 Maidona-

58 584 169 666 tus,1)
205 605 266 648 neo
297 590 474 666 antequam
505 583 656 666 incipiat,
690 604 749 646 neo
781 589 955 667 postquam
985 589 1132 648 mortuus

56 681 181 747 desinat
212 690 391 766 aegrotare.
446 682 563 746 Divina
594 683 679 746 enim
712 687 762 746 est
792 681 1010 764 providentia,
1048 701 1132 768 quae

57 787 221 863 aegrotare
248 803 349 846 unum
379 781 543 864 permittit
570 781 747 858 hominem,
780 787 819 844 nt
848 780 959 845 multis
991 801 1031 844 ex
1063 781 1132 861 ejus

59 879 165 945 morbo
202 881 397 945 medicinam
435 879 545 944 saciat.
599 880 647 942 Ea
685 878 765 958 fuit,
806 901 890 962 quae
925 879 1059 943 Petrum
1098 886 1131 943 et

56 969 206 1044 Thomani
227 980 375 1063 permisit
396 979 482 1042 eirca
510 977 607 1064 fidem
630 977 758 1054 cadere,
789 999 829 1041 ne
851 999 909 1043 nos
932 978 1129 1042 caderemus.

57 1076 101 1140 Ea
122 1079 319 1162 expectavit,
349 1077 451 1141 donec
472 1077 593 1159 Joseph
615 1075 654 1140 de
676 1075 799 1140 Mariae
821 1075 1016 1158 Virginitate
1039 1075 1131 1139 dnbi-

56 1181 149 1256 taret,
170 1199 211 1242 ne
232 1178 296 1260 ipsi
317 1177 573 1242 dubitaremus.“
637 1219 639 1224 ,

472 1607 601 1740 cap.
634 1606 678 1714 ΙΙ.

57 1822 108 1891 DE
137 1825 824 1994 ΟΙΒΟΠΜὸΤᾹΝΤΠῖΙΒἜΒΙΙΝΤΙΔΒΤΙΟΝΙθ
852 1827 1127 1895 Bnnrlssnhn

546 2144 578 2228 5.
600 2142 628 2209 1.

248 2291 304 2355 De
332 2291 469 2356 causis
500 2290 619 2374 hujus
647 2288 925 2354 visitationm.

114 2437 180 2520 ,Et
211 2438 401 2504 discessit
437 2439 483 2504 ab
516 2461 560 2504 ea
590 2435 802 2522 Angelus,“
833 2438 937 2503 refert
967 2459 992 2502 s.
1021 2438 1126 2504 Lucas

59 2529 303 2620 Evangelista.²)
353 2537 576 2621 ,Exurgens
605 2545 736 2603 autem
764 2537 889 2602 Maria
917 2537 956 2601 in
985 2534 1126 2603 diebus

60 2627 135 2698 illis
162 2635 264 2701 abiit
285 2637 325 2700 in
352 2642 539 2702 montana
561 2659 645 2702 oum
672 2635 947 2715 festinatione,
970 2637 1009 2700 in
1036 2637 1127 2701 eivi-

60 2733 171 2798 tatem
201 2735 221 2799 J
227 2735 333 2799 uda.“
387 2735 492 2800 Unica
522 2757 655 2819 prorsus
687 2757 725 2800 ao
757 2735 929 2818 singularis
959 2735 1040 2800 haec
1072 2736 1127 2800 be-

60 2829 212 2897 atissimae
234 2833 377 2916 Virginis
405 2834 566 2913 visitatio,
596 2835 662 2899 sive
691 2833 938 2898 considerentur
958 2856 1125 2917 personae,

61 2932 90 2990 ot
106 2931 236 2996 visitans
265 2939 298 2996 et
318 2932 452 2997 visitata
473 2970 513 2979 -
533 2939 640 2997 mater
668 2933 754 2997 enim
776 2933 837 2996 Dei
857 2933 1017 2998 Altissimi
1037 2936 1125 3000 uenit

60 3024 96 3088 ad
123 3037 257 3095 matrem
288 3031 443 3113 Ejusdem
474 3032 694 3115 praecursoris
722 3068 771 3111 -,
801 3033 866 3097 sive
897 3034 1038 3098 maxima
1068 3035 1126 3100 illa

61 3129 254 3194 attendamus
282 3129 454 3208 beneficia,
488 3152 571 3215 quae
600 3130 697 3214 hujus
728 3131 924 3196 visitationis
957 3123 1125 3198 occasione

62 3227 251 3310 omnipotens
292 3228 477 3296 exhibuerit
512 3229 608 3293 Deus.
661 3230 741 3294 Jure
780 3251 855 3314 ergo
895 3233 1125 3314 expendendae

61 3331 126 3390 sunt
155 3328 311 3406 rationes,
346 3328 463 3410 quibus
491 3335 640 3411 permota
667 3328 728 3393 hoo
759 3329 890 3412 longum
922 3331 1124 3414 arduumque

61 3421 182 3506 triginta
210 3426 377 3491 leucarum
405 3428 468 3493 iter
497 3450 520 3493 s.
544 3427 687 3510 Deipara
715 3429 902 3511 susceperit.
946 3430 1125 3496 Audiamus

62 3524 152 3598 primo
173 3527 316 3592 rationes
337 3548 357 3591 a
379 3528 542 3592 nonnullis
564 3528 723 3610 theologis
750 3527 918 3592 catholicis
939 3551 999 3594 nec
1020 3549 1084 3594 non
1106 3552 1125 3595 a

62 3623 241 3700 quibusdam
268 3626 441 3692 haereticis
473 3626 647 3706 adductas,
681 3648 764 3710 quae
792 3627 908 3698 honori
938 3629 969 3693 b.
999 3629 1124 3714 Virgini

63 3716 157 3790 debito
178 3726 381 3808 apertissime
402 3734 593 3811 repugnant.
937 3748 940 3753 ·

64 3867 244 3885 3—

117 3956 134 4022 ¹)
151 3957 215 4026 Sup.
232 3956 331 4012 Matth.
348 3973 391 4026 cp.
410 3957 430 4012 1.
463 3959 484 4024 ²)
502 3957 523 4024 1,
541 3960 581 4013 39.
