2814 4548
486 394 491 400 .
590 345 649 407 633

69 505 148 588 ipsa
169 504 359 570 definitione
380 504 517 571 ferenda
546 506 708 571 sentirent
729 505 846 589 quidve
874 511 1082 588 exoptarent,
1112 514 1161 586 ut,

70 625 141 687 quo
161 603 234 668 fieri
262 604 437 670 solemnius
459 612 586 688 posset,
616 624 804 688 supremum
825 603 983 672 Nostrum
1000 604 1162 688 judicium

68 703 307 786 proferremus.

138 801 212 867 Non
232 803 389 868 mediocri
411 810 499 869 certe
522 803 639 869 solatio
662 803 773 869 affecti
793 804 924 882 fuimus,
954 804 1012 869 ubi
1034 823 1161 868 eorum-

70 902 152 966 dem
179 902 423 968 Venerabilium
451 903 603 966 Fratrum
635 901 678 966 ad
705 901 772 966 Nos
804 923 961 985 responsa
991 908 1161 967 venerunt.

69 999 161 1064 Nam
192 1000 292 1065 iidem
319 1001 505 1066 incredibili
538 1000 680 1083 quadam
705 1001 927 1083 jucunditate,
961 1001 1090 1067 laetitia
1122 1021 1161 1066 ac

69 1098 185 1163 studio
207 1099 309 1164 Nobis
330 1099 547 1165 rescribentes
568 1120 635 1163 non
655 1098 768 1184 'solum
789 1099 986 1182 singularem
1013 1120 1106 1164 suam
1127 1104 1162 1162 et

69 1195 201 1279 proprii
221 1197 379 1280 cujusque
397 1197 477 1262 oleri
494 1198 673 1281 populique
690 1197 795 1263 fidelis
818 1219 894 1280 erga
912 1198 1163 1263 Immaculatum

69 1295 285 1360 beatissimae
323 1297 467 1379 Virginis
510 1296 710 1378 Conceptum
753 1297 913 1379 pietatem
953 1303 1161 1379 mentemque

73 1393 191 1460 denuo.
213 1394 463 1474 confirmarunt,
492 1417 604 1460 verum
633 1395 733 1459 etiam
765 1395 928 1460 communi
955 1395 1057 1459 veluti
1086 1401 1161 1458 voto

72 1514 97 1558 a
129 1492 229 1558 Nobis
262 1493 529 1577 expostularunt,
566 1501 604 1558 ut
637 1494 852 1558 Immaculata
885 1493 989 1576 ipsius
1020 1493 1162 1575 Virginis

75 1590 255 1675 Conceptio
284 1613 435 1674 supremo
463 1592 583 1657 Nostro
608 1592 731 1675 jndicio
760 1599 795 1657 et
820 1592 1020 1657 auctoritate
1049 1590 1194 1655 defini-¹

74 1696 178 1754 retur.
220 1689 289 1755 Nec
316 1691 437 1754 minori
465 1697 554 1755 certe
583 1691 717 1755 interim
745 1690 864 1772 gaudio
886 1688 1012 1772 pertusi
1041 1710 1161 1766 sumus,

75 1809 178 1870 quum
205 1789 272 1854 VV.
301 1789 361 1854 FF.
388 1787 456 1852 NN.
488 1789 519 1853 S.
544 1789 581 1851 R.
604 1789 641 1852 E.
670 1787 860 1854 cardinales
889 1793 1162 1852 commemoratae

74 1888 251 1970 peculiaris
268 1887 545 1970 Congregationis,
567 1894 601 1952 et
617 1887 780 1969 praedicti
798 1885 942 1968 theologi
960 1884 1162 1950 consultores

76 2007 98 2050 a
118 1984 221 2050 Nobis
243 1986 340 2051 electi
360 1985 433 2068 pari
461 1984 634 2050 alacritate
666 1991 699 2048 et
721 1983 830 2049 studio
852 1990 928 2066 post
957 2004 1093 2048 examen
1114 1982 1162 2045 di-

75 2085 218 2168 ligenter
249 2084 433 2150 adhibitum
459 2084 544 2148 hanc
577 2083 617 2149 de
644 2081 860 2148 Immaculata
887 2082 1050 2164 Deiparae
1080 2080 1162 2144 Con-

77 2184 228 2265 ceptione
250 2183 473 2248 definitionem
494 2205 514 2247 a
535 2183 637 2247 Nobis
660 2181 916 2265 efflagitaverint.

138 2281 219 2346 Post
246 2282 327 2347 haec
355 2282 540 2347 illustribus
567 2281 860 2345 Praedeoessorum
886 2279 1082 2344 Nostrorum
1109 2297 1162 2340 ve-

77 2380 183 2462 stigiis
204 2380 429 2460 inhaerentes,
459 2403 498 2447 ac
526 2382 590 2446 rite
620 2388 775 2464 recteque
801 2379 978 2463 procedere
1008 2383 1163 2461 optantes

77 2477 254 2544 indiximus
283 2486 317 2546 et
337 2480 511 2546 habuimus
533 2481 785 2558 Consistorium,
818 2480 852 2544 in
875 2499 939 2561 quo
961 2475 1163 2542 venerabiles

77 2577 211 2642 Fratres
239 2577 377 2642 Nostros
409 2579 548 2644 Sanctae
577 2581 742 2645 Romanae
773 2577 940 2644 Ecclesiae
972 2574 1162 2641 Cardinales

77 2675 242 2758 alloquuti
262 2698 373 2741 snmus
395 2698 516 2761 eosque
538 2700 664 2742 summa
685 2677 786 2742 animi
806 2677 919 2742 Nostri
940 2675 1163 2741 consolatione

46 2793 49 2799 '
78 2774 261 2840 audivimus
285 2797 305 2840 a
326 2775 428 2841 Nobis
457 2797 648 2858 exposcere,
678 2782 717 2840 ut
738 2775 955 2858 dogmaticam
984 2774 1024 2840 de
1046 2775 1164 2838 Imma-

78 2873 191 2938 culata
202 2875 363 2957 Deiparae
374 2874 517 2957 Virginis
534 2874 753 2958 Conceptione
771 2873 994 2939 definitionem
1013 2873 1164 2938 emittere

79 2972 244 3037 vellemus.

142 3071 258 3154 Itaque
285 3071 463 3154 plurimum
495 3072 528 3136 in
557 3072 695 3137 Domino
724 3071 852 3151 confisi,
886 3070 1054 3136 advenisse
1083 3077 1164 3134 tem·

78 3189 196 3252 porum
222 3171 503 3252 opportunitatem
531 3191 590 3253 pro
612 3170 828 3235 Immaculata
856 3169 1080 3234 sanctissimae
1102 3168 1165 3232 Dei

79 3268 255 3333 Genitricis
276 3268 420 3351 Virginis
441 3268 565 3333 Mariae
587 3268 807 3352 Conceptione
836 3267 1036 3346 definienda,
1065 3287 1164 3349 quam

79 3366 191 3431 divina
218 3367 364 3449 eloquia,
397 3368 581 3433 veneranda
609 3368 761 3446 traditio,
794 3375 973 3450 perpetuus
998 3364 1165 3432 Ecclesiae

79 3487 209 3543 sensus,
247 3466 422 3548 singularis
455 3467 689 3533 catholicorum
721 3467 918 3532 antistitum
949 3486 987 3530 ac
1017 3463 1165 3529 fidehum

79 3564 279 3646 conspiratio
308 3571 343 3630 et
370 3565 510 3648 insignia
537 3566 829 3634 Praedecessorum
857 3565 1052 3630 Nostrorum
1080 3568 1163 3643 acta,

80 3663 341 3729 Constitutiones
369 3663 505 3728 mirifice
534 3665 703 3730 illustrant
733 3670 832 3747 atque
854 3662 1039 3742 declaraut;
1066 3662 1165 3736 rebus

80 3761 231 3826 omnibus
263 3762 508 3845 diligentissime
535 3763 704 3846 perpensis
736 3770 770 3827 et
797 3761 936 3827 assiduis
968 3760 1165 3843 fervidisque

79 3862 124 3926 ad
156 3862 262 3925 Deum
293 3862 446 3944 precibus
481 3861 608 3941 effilsis,
645 3862 778 3926 minime
814 3862 1032 3926 cunctandum
1063 3859 1166 3924 Nobis

80 3979 152 4024 esse
192 3959 376 4024 censuimus
416 3981 567 4043 supremo
603 3959 724 4024 Nostro
760 3959 884 4043 judicio
918 3958 1166 4024 Immaculatam
