2726 4560
761 353 799 413 72

237 535 240 541 ·
304 519 330 578 1.
364 530 404 579 ex
424 513 590 580 Ecclesiae
619 511 802 578 oratione
819 509 888 577 'sub
915 511 983 577 Pio
1011 511 1070 579 IV.
1097 511 1188 578 hisce
1215 511 1328 578 verbis

241 619 414 696 concepta:
448 613 558 695 „Deus
587 611 644 695 qui
672 619 818 677 sanctam
849 617 941 676 tuam
968 611 1181 690 Genitrioem,
1215 611 1352 676 taber-³

240 713 393 778 naculum
414 735 437 778 s.
463 711 602 795 Spiritus
623 717 698 793 post
719 709 897 775 triennium
922 709 1100 793 intemplo
1121 709 1331 794 praesentari
1351 719 1352 798 l

240 811 403 876 voluisti.“
446 810 558 876 Oratio
580 809 662 874 haec
683 830 704 873 a
723 809 834 874 Sixto
850 809 899 887 V„
918 810 952 873 in
973 815 1165 892 sequentem
1185 806 1330 872 formam
1351 809 1352 886 l

240 911 391 989 redacta,
432 910 611 974 etiamnum
644 907 741 972 hodie
781 908 815 972 in
854 929 945 973 sacro
984 914 1018 972 et
1050 906 1182 990 publico
1220 906 1329 972 officio

243 1015 401 1091 usurpata
430 1015 494 1073 est:
528 1006 652 1089 „Deus,
687 1005 744 1088 qui
771 1005 802 1069 b.
829 1005 968 1070 Mariam
995 1026 1123 1089 semper
1147 1005 1329 1088 Virginem,
1351 1027 1352 1104 p

243 1107 384 1190 Spiritus
406 1106 511 1171 sancti
531 1105 763 1184 habitaculum,
782 1105 941 1170 hodierna
962 1106 1015 1192 die
1035 1107 1070 1171 in
1090 1107 1213 1189 templo
1232 1127 1331 1189 prae·
1351 1107 1352 1157 i

170 1206 174 1215 '
242 1205 366 1270 sentari
387 1205 533 1269 voluisti:
562 1195 693 1287 praesta
716 1225 921 1287 quaesumus,
944 1211 982 1269 ut
1003 1205 1072 1288 ejus
1093 1205 1331 1270 intercessione

242 1306 289 1368 in²
298 1304 420 1386 templo
443 1303 564 1386 gloriae
592 1309 670 1367 tuae
691 1304 895 1385 praesentari
920 1307 1133 1369 mereamur.“
1176 1305 1241 1369 Hic
1263 1325 1352 1380 nont

243 1403 372 1482 dicitur,
396 1402 483 1485 quod
505 1379 695 1484 seipsam
719 1404 986 1484 praesentaverit,
1009 1405 1060 1468 uti
1079 1402 1163 1468 falso
1185 1403 1331 1468 asseruit

243 1502 377 1585 Sem-pst)
399 1501 456 1566 sed
475 1501 562 1585 quod
577 1508 788 1584 praesentata
805 1501 915 1567 luerit.
948 1503 1096 1568 Ecclesia
1112 1524 1212 1586 porro
1228 1502 1330 1567 Prae·

242 1600 435 1666 sentationis
459 1599 581 1665 festum
602 1600 796 1666 celebrando
825 1600 1019 1683 approbavit
1045 1603 1145 1667 etiam
1167 1602 1238 1685 ejus
1269 1602 1352 1672 obt

240 1701 398 1784 jectum,
417 1701 533 1782 nempe
551 1699 582 1763 b.
599 1700 698 1782 Virgo
717 1699 891 1782 intemplo
909 1707 1127 1783 praesentata.
1149 1693 1331 1765 'Probatur

305 1804 333 1863 2.
370 1799 511 1865 testibus
544 1799 631 1864 omni
664 1798 855 1881 exceptione
886 1799 1072 1882 majoribus.
1121 1799 1214 1864 Inter
1246 1799 1330 1864 alios

244 1921 267 1963 s.
300 1898 483 1964 Joannes
515 1897 795 1962 Damascenus
828 1898 994 1963 Ecclesiae
1030 1899 1244 1964 traditionem
1283 1901 1331 1964 ita

246 1999 415 2081 exprimit:
429 1998 455 2081 2)
496 1997 637 2079 „Verum
675 1997 948 2081 quemadmodum
985 1998 1093 2081 prisca
1130 1999 1188 2063 illa
1222 1999 1352 2077 Annas

244 2119 345 2181 quum
372 2097 557 2163 sterilitatis
585 2095 698 2161 morbo
729 2096 910 2177 laboraret,
942 2095 1030 2163 facto
1062 2105 1137 2163 voto
1165 2120 1225 2182 per
1254 2121 1330 2181 pro

244 2197 430 2262 missionem
462 2195 645 2262 Samuelem
676 2197 804 2278 genuit3
841 2196 955 2261 eodem
986 2196 1081 2262 modo
1112 2197 1194 2262 haec
1226 2197 1352 2286 etiami

243 2315 303 2379 per
324 2295 583 2360 obsecrationem
604 2301 637 2360 et
658 2296 905 2378 promissionem
923 2297 984 2361 Dei
1005 2298 1196 2380 genitricem
1217 2319 1237 2362 a
1258 2299 1329 2362 Deo
1351 2289 1352 2320 ¹

246 2394 404 2478 accepit.“
456 2393 635 2460 Audiamus
668 2416 750 2459 ven.
781 2396 995 2461 (lanicium
1027 2397 1115 2462 hisce
1148 2396 1188 2460 de
1220 2397 1352 2479 verbis}

246 2495 440 2560 Damasceni
466 2494 687 2559 disserentem.
731 2495 831 2577 „Tam
850 2495 985 2578 pulchre
1011 2495 1133 2561 matres
1158 2496 1221 2561 hae
1244 2497 1329 2560 duae

160 2675 162 2679 Ι
246 2593 376 2678 (Anna,'
400 2593 559 2660 Samuelis
591 2599 625 2660 et
652 2592 761 2672 Anna,
794 2593 825 2658 b.
854 2594 995 2678 Virginis
1023 2594 1144 2678 Mater)
1176 2595 1267 2660 inter
1296 2615 1329 2659 se

246 2693 455 2759 consentiunt
475 2699 592 2776 totque
613 2693 717 2759 modis
739 2693 858 2758 similia
877 2693 1012 2774 faciunt,
1035 2695 1180 2779 inquit,³)
1202 2703 1240 2760 ut
1263 2717 1329 2760 non

245 2793 370 2858 frustra
395 2792 516 2857 eodem
548 2794 648 2858 etiam
682 2794 746 2858 dici
777 2795 923 2872 nomine,
964 2802 998 2860 et
1029 2795 1123 2878 quasi
1154 2815 1329 2878 germanae

246 2913 388 2971 sorores,
419 2898 453 2956 et
481 2892 625 2976 ejusdem
651 2891 720 2957 fere
750 2893 862 2958 classis
890 2914 960 2980 esse
988 2892 1185 2958 viderentur.
1233 2893 1329 2971 Quod

246 2992 336 3074 prior
363 2991 458 3056 Anna
486 2991 527 3056 ob
556 2991 765 3057 sterilitatem
793 2998 995 3075 contempta,
1028 2992 1180 3074 precibus
1208 3014 1229 3057 a
1258 2993 1352 3070 Deol

246 3089 415 3156 contendit
442 3096 476 3154 et
503 3092 662 3170 exoravit,
692 3097 730 3155 ut
751 3091 821 3156 Deo
849 3111 960 3156 carum
985 3089 1124 3156 haberet
1144 3089 1328 3174 offeretque

315 3339 335 3405 ¹)
355 3336 387 3390 ln
405 3337 519 3393 exercit.
538 3337 628 3393 critic.
645 3354 736 3392 exerc.
751 3339 782 3392 19
798 3356 825 3392 n.
840 3340 865 3403 7,
878 3337 927 3391 ubi
943 3337 1097 3404 contendit,
1111 3337 1185 3407 quod
1201 3339 1329 3394 Ecclesia
1351 3309 1352 3386 i

247 3419 277 3473 in
294 3419 365 3474 festo
384 3420 615 3474 Praesentstionis
639 3421 681 3474 nil
697 3419 773 3473 aliud
797 3420 933 3487 celebret,
957 3437 1037 3489 quam
1054 3419 1199 3475 heroicum
1217 3423 1329 3477 virtutis
1351 3391 1352 3454 i

247 3507 349 3568 sctum,
364 3519 419 3571 quo
432 3502 493 3571 ipsa
507 3503 594 3571 Virgo
610 3507 708 3557 tenera
722 3502 813 3556 adhuc
830 3506 920 3556 aetate
938 3519 967 3556 se
980 3503 1038 3557 Deo
1056 3505 1176 3560 sacravit
1192 3513 1329 3574 concepto

248 3585 417 3654 virginitatis
438 3591 517 3652 voto,
542 3591 571 3640 et
592 3590 721 3654 suscepta
742 3586 816 3640 vitae
838 3586 873 3640 ab
898 3585 974 3639 omni
994 3585 1138 3642 hominum
1159 3589 1328 3642 commercio
1351 3602 1352 3673 p

248 3671 372 3722 secretae
388 3667 573 3737 professione,
598 3669 674 3737 qnod
696 3669 761 3738 quia
783 3669 935 3738 intemplo
958 3669 1062 3724 factum
1080 3669 1218 3736 creditur,
1244 3672 1326 3725 etism

248 3751 437 3819 praesentatio
454 3752 483 3804 iu
501 3744 606 3820 templo
623 3751 727 3806 dicitur
744 3751 828 3818 factm
846 3751 920 3805 unde
936 3751 1011 3821 quod
1027 3752 1057 3804 in
1074 3752 1179 3821 templo
1197 3753 1234 3808 sit
1249 3771 1327 3822 prse-
1351 3777 1352 3826 p

248 3837 356 3887 senata
372 3850 388 3886 a
404 3834 566 3902 parentibus
583 3838 613 3888 et
629 3833 760 3902 deinceps
774 3849 825 3902 per
841 3832 999 3900 quindecim
1018 3850 1104 3887 annos
1121 3834 1150 3886 in
1167 3835 1273 3903 templo
1291 3835 1328 3890 sit
1351 3829 1352 3902 l

248 3911 427 3983 commorata,
439 3915 509 3969 haec
525 3916 577 3970 ists
593 3915 706 3971 criticus
719 3920 801 3970 vocat
817 3920 982 3970 commenta
1014 3917 1035 3984 ⁹)
1052 3916 1092 3969 De
1105 3914 1162 3970 fide
1173 3916 1327 3972 orthodoxa
1351 3909 1352 3982 ξ

247 3999 296 4054 lib.
314 3998 360 4066 Ν,
379 4015 421 4067 op.
440 3997 515 4053 XIII.
548 3998 570 4065 ⁸)
588 3997 620 4052 L.
638 4013 662 4053 c.
679 4015 742 4067 pers
759 3997 807 4065 IV,
825 4002 892 4053 sect.
910 3997 946 4064 ll,
964 4014 1007 4067 cp.
1026 3997 1086 4052 ΧΠ.
