2726 4560
270 921 290 1004 ⁵
367 969 652 1111 ‘sucuro
688 973 729 1109 1.

64 1199 107 1286 bu
135 1204 168 1289 S.
200 1203 413 1288 DEIPARAE
443 1203 751 1286 columborum
786 1204 1097 1305 imbuturum,

13 1357 14 1366 ¹
110 1318 381 1403 Nlulvluuuu
407 1319 494 1402 NEC
520 1319 612 1402 NON
638 1317 1032 1406 PRmsuuuuulouu

488 1497 591 1630 dap.
623 1497 660 1637 l.¹

137 1700 190 1768 uu
212 1701 506 1772 iuuucunuru
526 1701 632 1770 urus
653 1667 1000 1783 coucurmormr)

619 1882 727 1948 „Salva
745 1882 833 1937 Verbi
849 1898 929 1937 sacra
945 1899 1055 1951 parens,
1108 1883 1110 1888 “

649 1967 714 2020 Flos
731 1965 766 2019 de
784 1965 883 2033 spinis,
905 1966 986 2034 spina
1002 1981 1111 2032 carens,

647 2049 712 2103 Flos
728 2047 832 2117 spineti
848 2048 964 2117 gloria.“

616 2131 691 2198 „Nos
708 2131 856 2200 spinetum,
873 2147 924 2184 nos
941 2131 1050 2200 peceati

652 2215 738 2283 Spina
754 2231 847 2267 sumus
864 2214 1010 2278 cruentati,

449 2345 450 2350 ,
648 2296 705 2358 Sed
721 2302 753 2350 tu
770 2297 865 2366 spinae
882 2297 1002 2351 nescia“

52 2375 141 2436 ddum.
158 2380 192 2436 de
210 2383 238 2438 S.
259 2382 400 2438 Victore
417 2380 490 2451 apud
509 2379 648 2449 Raynsud.
665 2379 696 2432 in
712 2378 829 2434 Glossar.
845 2382 912 2434 tom.
929 2378 993 2436 VII.
1009 2397 1036 2449 p.
1052 2383 1110 2436 424.

101 2558 182 2644 Quae
203 2579 319 2662 lingua
340 2579 447 2644 dicere
468 2579 520 2643 vel
541 2578 614 2661 quis
634 2577 821 2652 intellectus
842 2599 959 2660 capere
981 2577 1107 2657 sufficit,

51 2681 112 2750 quot
129 2679 305 2761 qualesque
326 2678 413 2742 iuter
430 2677 589 2760 procellas
608 2677 794 2742 universum
815 2697 916 2759 genus
934 2677 1109 2760 jactaverit

49 2770 125 2848 primi
140 2774 281 2841 hominis
300 2777 491 2859 peccatum?
513 2776 669 2854 Quisnam
690 2774 783 2840 effari
804 2776 935 2858 poterit,
954 2776 988 2840 in
1010 2798 1108 2860 quam

50 2866 193 2951 deplorato
226 2899 267 2941 ac
299 2875 478 2941 miserrimo
511 2881 601 2940 statu
631 2880 711 2939 tuno
742 2872 844 2939 fuerit
875 2881 980 2953 terra,
1017 2875 1108 2958 cujus

48 2964 127 3036 facies
161 2974 341 3058 sacrilegiis
378 2974 473 3038 nimis
509 2973 649 3056 maguis,
688 2973 876 3038 idololatria
909 2973 1106 3052 detestabili,

48 3064 248 3149 impietatibus
271 3073 458 3152 innumeris,
477 3072 649 3156 apostasiis
675 3071 910 3137 execrabilibus
931 3073 1107 3156 multisque

48 3165 102 3233 aliis
120 3173 245 3238 milenis
267 3175 490 3239 contaminata
509 3173 575 3238 fuit
592 3171 843 3255 iniquitatibus?
864 3171 1105 3254 „Maledictum
1180 3167 1186 3176 '

47 3263 132 3350 iuquit
146 3271 321 3355 Propheta,
330 3273 355 3355 2)
377 3279 411 3337 et
427 3270 632 3336 mendacium
651 3277 685 3335 et
701 3269 912 3334 homicidium
932 3276 966 3335 et
981 3269 1107 3334 furtum

48 3371 72 3427 ct
88 3368 278 3436 adulterium
289 3370 538 3436 inundaverunt
556 3377 590 3435 et
608 3369 738 3452 sanguis
757 3369 949 3460 sauguinem
965 3369 1106 3452 tetigit.“

49 3459 107 3536 Quis
133 3467 315 3535 describere
347 3476 446 3553 queat
473 3471 662 3536 aterrimam
687 3467 778 3534 illam
805 3474 950 3547 noctem,
981 3489 1064 3550 quae
1085 3490 1107 3534 a

49 3613 221 3631 *-

96 3697 112 3765 ι)
131 3700 183 3756 Cir.
206 3701 249 3754 De
272 3700 453 3756 Immaculato
478 3701 615 3770 Deiparae
638 3717 748 3769 semper
769 3699 893 3769 Virginis
917 3699 1060 3766 conceptu
1077 3699 1107 3752 G.

47 3773 162 3850 Passaqlia
186 3784 415 3839 commentarius.
448 3783 566 3851 Neapoli
587 3785 683 3837 18553
705 3786 772 3836 tom.
813 3779 1009 3835 L’immaculde
1037 3780 1106 3834 Con·

48 3861 137 3927 ception
159 3865 193 3919 de
218 3866 247 3919 la
270 3865 471 3921 bienheureuse
495 3866 600 3934 Vierge
622 3865 711 3920 Marie
735 3881 786 3933 par
809 3863 916 3930 Melon,
942 3863 1045 3931 aveque
1070 3862 1106 3916 de

13 3979 14 4019 q
47 3938 137 4014 Bruges.
148 3948 295 4004 Bruxelles
309 3950 403 4004 18572
417 3952 484 4003 tom.
508 3947 550 4002 De
565 3948 746 4002 Immaculato
757 3946 789 4002 B.
799 3946 833 4002 V.
842 3947 948 4000 Mariae
963 3946 1106 4013 conceptu

13 4031 14 4108 J
47 4021 175 4095 disquisitio
192 4032 353 4102 theologica
369 4029 633 4086 Varrone-Toruaci.
666 4029 688 4098 ²)
705 4031 758 4086 0se
776 4029 823 4096 IV,
839 4032 863 4084 2.
906 4108 937 4165 l.
