2728 4554
516 339 578 398 475

28 517 93 563 trem
126 499 225 564 morti
255 498 452 582 proximam,
489 499 559 581 ejus
594 497 695 564 morti
724 497 914 564 interfuisse
950 500 1084 584 ejusque

28 618 123 679 :orpus
151 598 186 660 in
206 597 302 664 horto
324 597 541 664 Gethsemene
572 597 765 680 sepelivisse.
808 597 931 663 Narrat
951 599 1088 666 Damas-

28 717 105 761 renus
137 718 280 781 quoque,
309 697 499 762 Juvenalem
510 697 534 778 1)
566 696 732 760 Marciano
766 703 800 761 et
828 696 1018 763 Pulcheriae
1045 698 1088 774 ¹(le

28 796 192 878 retegendo,
215 796 273 860 ubi
294 803 389 876 esset,
412 796 536 860 Mariae
557 817 693 878 corpore
715 795 851 861 solicitis
873 798 1088 880 respondisse,

28 914 81 957 eam
100 895 331 979 Hierosolymis
357 902 520 961 mortuam
548 894 648 960 fuisse
675 902 775 977 atque
806 896 982 978 sepultam.
1016 897 1090 962 Ple-

28 992 139 1058 rissime
161 995 325 1060 consentit
352 995 557 1060 Barouius.
600 994 718 1076 ,Haud
739 994 880 1059 multum
909 1002 986 1060 ante
1007 1002 1089 1061 tem-

27 1114 89 1172 pore
108 1093 291 1173 luvenalis,
321 1095 470 1177 inquit,²)
501 1093 684 1176 sepulcrum
706 1092 831 1158 Mariae
852 1094 994 1177 Virginis
1024 1095 1091 1160 fuit

27 1199 183 1273 repertum.
238 1193 309 1270 Qua
341 1193 427 1258 enim
462 1193 590 1257 ratione
621 1191 824 1274 Epiphanius
856 1193 1089 1277 Hierosolymis

27 1312 105 1374 saepe
126 1299 283 1371 versatus
313 1293 365 1374 (ut
386 1292 489 1357 tradit
510 1292 725 1374 Hieronymus
755 1291 848 1373 epist.
872 1296 909 1354 61
933 1292 975 1356 ad
995 1292 1089 1356 Pam-

27 1391 202 1472 machium,)
235 1413 269 1458 se
298 1391 462 1474 ambigere
491 1391 552 1468 ait,
585 1412 627 1454 an
656 1396 785 1454 mortua
811 1389 929 1469 fuerit,
963 1391 991 1454 si
1020 1393 1090 1474 ejus

27 1491 195 1572 sepulcrum
215 1491 256 1556 ob
279 1490 390 1555 oculos
412 1490 555 1555 omnium
577 1490 729 1572 positum,
758 1489 966 1572 perspicuum
987 1491 1090 1555 omni·

27 1609 72 1652 ous
92 1589 216 1655 factum
238 1590 344 1655 esset?
375 1589 436 1654 Vel
458 1588 619 1672 quomodo
642 1588 682 1652 de
704 1610 742 1652 eo
764 1588 960 1653 mentionem
981 1589 1090 1654 facere

27 1686 225 1770 Hieronymus
247 1689 339 1771 epist.
363 1692 402 1752 27
424 1686 705 1770 praetermisisset,
728 1687 784 1768 qui
805 1687 951 1770 relegens
973 1696 1092 1754 cuncta

27 1784 215 1852 Palaestinae
236 1787 317 1867 loca,
347 1809 431 1871 quae
459 1809 485 1851 s.
505 1787 608 1852 Paula
629 1787 731 1850 Roma
752 1787 883 1851 veniens
904 1787 1023 1865 invisit,
1048 1794 1090 1866 et,

27 1891 52 1949 rt
71 1894 196 1951 taceam
225 1888 265 1952 de
287 1887 409 1954 Christi
438 1887 602 1969 sepulcro,
633 1885 699 1950 alia
728 1891 860 1963 cuncta,
890 1907 974 1968 quae
996 1893 1091 1952 erant

27 1983 59 2047 ibi
79 1986 233 2050 memoria
254 1987 359 2070 digna,
382 1994 592 2052 monumenta
612 1984 802 2050 recenset?“
825 2033 832 2046 .
856 2033 863 2047 .
887 2033 894 2048 .
918 2034 925 2047 .

75 2084 124 2148 Ad
150 2085 293 2149 rationes
322 2107 343 2150 a
370 2086 576 2150 Tillemontio
607 2090 640 2148 et
663 2084 758 2166 Serry
785 2082 931 2164 prolatas
958 2104 1091 2166 respon·

26 2181 124 2247 lemus
145 2206 218 2248 oum
240 2185 461 2266 Sandino,³)
484 2205 567 2268 quae
589 2195 786 2266 sequuntur:

74 2284 120 2348 ed
147 2305 177 2347 a.
209 2272 359 2349 Labbeus
374 2291 423 2350 'et
443 2284 631 2348 Harduinus
659 2288 776 2346 notent
803 2280 845 2344 ad
874 2281 995 2345 citatae
1024 2281 1092 2363 epi·

26 2381 116 2446 stolae
136 2384 330 2466 marginem,
367 2383 628 2448 subaudiendum
664 2401 734 2445 esse
768 2377 963 2467 ,aliquando
998 2378 1092 2443 habi-

26 2482 144 2546 tarunt“
172 2519 212 2528 —
239 2483 296 2546 alii
327 2482 445 2564 ,aedes
477 2480 693 2546 habuerunt.“
747 2479 781 2543 Si
812 2477 858 2542 ibi
888 2476 920 2541 b.
949 2477 1091 2559 Virginis

26 2580 196 2662 sepulcrum
217 2579 342 2657 fuisset,
360 2567 485 2646 tradita
504 2579 692 2664 posteritati
713 2600 733 2642 a
749 2576 902 2642 Patribus
919 2576 1091 2659 Ephesinis

26 2677 147 2744 iuraret
175 2680 282 2744 adhuc
309 2680 378 2763 ejus
406 2679 494 2744 fama
521 2699 580 2744 nec
609 2701 632 2742 s.
655 2676 858 2760 Epiphanius
886 2675 998 2758 paulo·
1014 2682 1091 2741 ante

26 2776 191 2843 Concilium
219 2779 418 2862 Ephesinum
447 2779 571 2856 vivens,
605 2777 764 2842 celebrem
793 2776 859 2840 suis
889 2775 1092 2857 temporibus

26 2896 86 2940 rem
105 2879 256 2960 ignorans
278 2878 318 2942 de
340 2877 463 2943 Mariae
484 2882 590 2941 morte
611 2874 804 2939 dubitasset.

76 2977 122 3040 ad
149 2976 180 3041 b.
220 2978 290 3043 Hoc
324 2999 449 3046 merum
484 2977 614 3042 videtur
648 2975 854 3058 figmentum
896 2973 1092 3039 Sozomenus

26 3074 99 3137 enim
126 3081 276 3155 testatur,
285 3078 312 3160 4)
342 3078 523 3160 imperante
553 3075 692 3140 Arcadio
722 3071 1004 3155 Constantinopoli
1031 3072 1092 3137 Eo-

26 3173 145 3239 clesiam
164 3174 265 3241 fuisse
294 3198 317 3241 s.
342 3175 514 3258 Stephani,
544 3181 719 3257 antequam
742 3193 858 3254 corpus
886 3171 955 3254 ejus
976 3171 1011 3234 in
1031 3171 1092 3236 Pa-

26 3273 153 3340 laestina
174 3277 382 3358 reperiretur.

77 3375 122 3439 ad
148 3397 175 3439 o.
209 3375 239 3440 S.
261 3375 328 3442 Leo
356 3395 527 3440 recensens
552 3372 626 3437 loca
657 3376 770 3436 sancta
795 3367 1092 3450 Hierosolymorum

26 3475 137 3539 nullam
164 3475 362 3539 mentionem
383 3473 523 3556 sepulcri
549 3471 580 3535 b.
602 3469 745 3552 Virginis
769 3467 859 3532 fecit.
883 3466 988 3531 —At
1015 3466 1095 3549 quid

26 3572 89 3637 inde
119 3575 295 3658 sequetur?
325 3572 435 3638 Verba
462 3572 571 3636 facere
600 3571 640 3634 de
668 3568 742 3646 illo,
771 3586 836 3630 non
861 3565 1023 3664 pertinuit
1051 3564 1094 3629 ad

26 3730 214 3742 ¹—----.--—---

81 3822 100 3888 ¹)
115 3821 274 3884 luvenalis,
297 3821 417 3891 primum
439 3820 596 3889 Episcopus
620 3815 788 3886 Ephesinus,
810 3813 876 3869 dein
896 3811 1094 3879 Hierosolymi-

26 3907 95 3961 tanus
117 3903 247 3959 interfuit
270 3904 352 3958 Cone.
375 3901 447 3971 Eph.
463 3904 511 3955 431
537 3905 566 3954 et
587 3899 715 3956 chalced.
732 3901 790 3952 451.
831 3899 852 3963 2)
874 3894 918 3949 Au
941 3910 1044 3947 aunum
1061 3894 1096 3946 48

26 3983 44 4050 5.
61 3989 90 4041 18
105 4004 145 4055 sq.
179 3987 201 4053 ⁸)
221 3985 251 4040 1..
264 4001 292 4040 c.
309 4001 372 4053 pag.
389 3985 446 4038 393.
478 3985 500 4050 ⁴)
518 3982 589 4037 Hist.
606 3983 674 4038 eccl
691 3981 740 4036 lib.
757 3979 951 4048 v111,0p.24.
