2718 4556
741 323 804 400 'aaa

188 526 190 532 ·
229 500 424 564 honoremus
461 505 592 582 oportet
635 521 658 562 s.
697 500 876 583 Josepbum
920 521 994 564 oum
1030 501 1218 570 beatissima
1249 505 1297 569 illa

230 599 362 682 Virgine
383 599 559 663 tenerrimo
582 598 783 663 matrimonii
809 599 937 664 vinculo
964 599 1216 667 familiarissime
1235 626 1296 668 oon·
1357 601 1358 656 l

228 699 399 782 junctum?
436 699 483 780 ,0
512 698 661 762 miranda
688 720 836 780 prorsus,
865 699 1002 781 loseph,
1033 701 1215 767 sublimitas
1240 709 1295 788 tua,

231 799 392 864 exclamat
420 798 570 863 Gerson
584 797 608 879 1)
640 795 904 862 sublimissimam
935 797 1021 862 bano
1052 799 1216 865 admirans
1242 802 1297 884 dig·

230 899 385 975 nitatem,
408 918 427 961 o
450 895 590 978 dignitas
612 895 891 977 incomparabilis,
914 902 952 961 ut
974 903 1080 960 mater
1103 898 1181 977 Dei,
1203 901 1298 982 regine

231 996 322 1074 ooeli,
343 995 474 1060 domina
491 993 611 1073 mundi,
632 993 798 1077 appellare
817 1002 851 1061 te
870 997 1046 1061 Dominum
1064 1018 1131 1061 non
1149 999 1298 1082 indignum
1357 985 1358 1016 ¹

231 1096 426 1179 putaverit.“
474 1094 542 1158 Nec
570 1094 688 1158 mirum
715 1093 880 1177 profecto!
920 1096 997 1161 Fuit
1026 1097 1113 1160 enim
1143 1119 1166 1162 s.
1194 1099 1297 1181 Joseph

232 1196 281 1258 vir
308 1193 411 1272 illius,
441 1213 525 1276 quae
554 1193 588 1256 in
617 1193 714 1258 rebus
743 1195 863 1260 creatis
884 1195 1256 1278 principatumobtinet
1272 1198 1298 1261 in

232 1294 321 1358 coelo
345 1300 379 1358 et
400 1293 433 1356 in
455 1298 553 1356 terra.
596 1291 701 1356 Verus
727 1291 792 1357 fuit
813 1299 937 1371 eustos,
966 1315 1062 1359 verus
1085 1302 1179 1361 tutor
1198 1319 1233 1362 ao
1252 1320 1298 1362 nu-

231 1393 352 1470 tritius,
370 1411 465 1456 verus
484 1389 606 1454 Christi
626 1395 730 1471 pater,
751 1390 869 1473 quibus
890 1391 1080 1458 ministeriis
1098 1395 1181 1458 nihil
1201 1398 1298 1478 majus,

231 1491 314 1556 nibil
336 1488 547 1554 excellentius
569 1488 748 1570 excogitari
765 1495 884 1571 potest,
905 1489 1089 1574 quibusque
1112 1493 1298 1575 apertissime
1356 1499 1357 1544 f

233 1591 484 1667 demonstratur,
498 1609 521 1651 s.
533 1586 554 1651 J
555 1586 712 1669 osephum
724 1588 884 1670 optimum
895 1587 996 1653 fuisse
1010 1591 1298 1676 sanctissimumque

232 1691 262 1754 b.
285 1689 427 1772 Virginis
456 1686 633 1770 conjugem.
678 1687 734 1768 ,si
763 1687 849 1751 enim
876 1688 910 1751 in
931 1688 1149 1754 matrimoniis
1171 1693 1299 1768 caeteris

232 1789 340 1873 inquit
365 1786 634 1852 Bellarminus
663 1806 762 1868 super
782 1786 916 1866 Missus,
945 1787 1123 1870 prudentia
1151 1789 1299 1855 hominum

232 1887 391 1970 imprimis
413 1884 560 1967 requirit,
580 1891 618 1949 ut
639 1885 688 1948 vir
709 1891 743 1950 et
763 1885 881 1949 mulier
901 1885 968 1949 sint
988 1885 1114 1968 opibus,
1133 1888 1298 1966 nobilitate,

233 1993 342 2056 aetate
380 1982 593 2066 omnibusque
629 1983 728 2048 rebus
766 1983 855 2061 ahis,
894 1990 1054 2066 quantum
1090 1985 1164 2050 fieri
1197 1995 1299 2071 potest,

243 2145 439 2155 -----

233 2232 383 2302 respondet
407 2231 443 2285 ad
467 2221 670 2299 quaestionemt
696 2227 766 2295 „Qui
789 2233 908 2297 cognata
925 2228 1110 2296 (Elisabeth),
1135 2249 1219 2301 quum
1242 2238 1300 2288 esset

233 2335 268 2371 ex
284 2315 360 2368 tribu
376 2313 459 2379 Levi,
485 2312 574 2365 Maria
592 2327 627 2364 ex
643 2310 720 2364 tribu
737 2310 825 2365 duda!
851 2327 874 2365 a.
893 2312 1017 2379 Cognata
1033 2311 1091 2364 diei
1107 2319 1218 2381 poterat
1233 2333 1300 2370 sensu

232 2397 372 2467 generali,
401 2399 433 2449 ut
458 2395 559 2448 Paulus
588 2397 670 2449 vocat
701 2410 797 2447 omnes
823 2393 964 2448 Israelitas
996 2402 1182 2465 „cognatos
1212 2399 1299 2454 suos.“

232 2478 414 2548 „Optabam
439 2477 527 2530 enim
558 2493 619 2544 ego
644 2477 717 2544 ipse
743 2477 922 2531 anathema
953 2494 1024 2532 esse
1051 2495 1068 2534 a
1093 2479 1228 2537 Christo
1251 2498 1299 2551 pro

232 2561 397 2616 fratribus
419 2559 508 2620 meis,
523 2561 581 2630 qui
603 2556 683 2614 sunt
704 2561 843 2626 cognati
859 2561 924 2614 mei
946 2562 1131 2616 secundum
1156 2565 1299 2620 earnem.“

231 2645 312 2700 Rom.
330 2642 378 2707 IX,
393 2646 418 2696 3.
450 2643 477 2696 b.
495 2641 642 2696 Elisabeth
657 2642 750 2710 potuit
766 2659 826 2696 esse
847 2659 882 2696 ex
898 2642 976 2696 tribu
993 2643 1062 2697 Levi
1078 2662 1183 2712 genere
1199 2653 1299 2714 paterno

232 2732 261 2781 et
279 2743 313 2780 ex
330 2725 407 2779 tribu
420 2724 510 2778 dudae
528 2727 556 2777 et
570 2723 692 2777 familiae
705 2723 822 2779 Davidis
839 2741 941 2793 genere
958 2730 1085 2781 materno
1103 2735 1132 2783 et
1146 2731 1187 2784 ita
1200 2737 1300 2802 cognata

232 2808 348 2863 Mariae.
394 2806 448 2861 cn.
475 2807 586 2860 Toletus
614 2806 645 2858 in
670 2805 737 2861 Luo.
774 2822 819 2875 op.
844 2810 857 2860 l
890 2812 983 2862 annot.
1009 2811 1065 2864 108.
1111 2813 1259 2868 Audiamus
1284 2831 1300 2867 s.

233 2891 388 2946 Thomam
411 2888 463 2954 111,
487 2907 513 2957 p.
538 2905 564 2956 q.
586 2887 688 2953 XXXI,
712 2891 796 2942 art2
818 2889 854 2942 ad
870 2892 886 2943 2
902 2889 956 2943 hae
980 2890 1015 2943 de
1042 2895 1210 2961 cognatione
1232 2896 1300 2951 disse

232 2977 355 3028 rentem:
380 2971 493 3038 „Potuit
509 2970 578 3037 fieri,
600 2973 634 3024 ut
649 2973 730 3038 pater
746 2969 893 3026 Elisabeth
916 2972 1036 3041 aliquam
1052 2992 1172 3030 uxorem
1190 2977 1300 3032 babuerit
1356 3013 1357 3016 ,

233 3056 268 3110 de
286 3055 374 3120 stirpe
391 3053 494 3118 David,
519 3053 628 3106 ratione
645 3053 722 3121 eujus
738 3052 765 3107 b.
783 3053 871 3122 Virgo
888 3053 993 3121 Maria,
1018 3072 1088 3124 quae
1105 3057 1161 3114 fuit
1178 3061 1212 3114 de
1228 3061 1299 3128 stirpe

233 3136 332 3200 David,
356 3139 429 3188 esset
446 3133 594 3188 Elisabeth
611 3138 744 3202 cognata:
770 3136 814 3189 vel
831 3135 923 3204 potius
941 3152 956 3190 e
974 3152 1122 3205 converso,
1147 3143 1222 3207 quod
1236 3139 1300 3212 pater

233 3219 260 3272 b.
285 3216 391 3271 Mariae
423 3216 459 3270 de
489 3217 576 3285 stirpe
601 3215 692 3270 David
717 3216 839 3272 existens
869 3234 986 3272 uxorem
1010 3219 1142 3278 habuerit
1171 3226 1206 3280 de
1229 3225 1300 3292 stirpe

233 3300 353 3356 Aaron.“

300 3381 329 3436 Si
354 3380 467 3436 tandem
493 3382 651 3450 quaeritur,
682 3398 732 3436 our
756 3382 939 3452 Evangeliste
967 3401 1025 3440 non
1054 3388 1189 3456 explicite
1212 3388 1299 3444 Maria

233 3464 423 3534 genealogiam
441 3464 630 3531 descripserit,
647 3464 853 3533 respondemus,
871 3467 914 3521 uti
928 3467 987 3535 jam
1006 3485 1096 3537 supra,
1114 3473 1179 3539 quia
1194 3471 1299 3526 moribus

233 3547 424 3600 Hebraeorum
448 3551 592 3615 receptum
613 3564 671 3601 non
693 3550 749 3614 est,
772 3551 804 3600 ut
825 3564 877 3615 per
899 3550 1044 3615 mulieres,
1069 3553 1119 3606 sed
1142 3558 1247 3608 tantum
1261 3566 1300 3620 par

234 3631 308 3683 viros
332 3629 510 3698 genealogiae
542 3628 714 3684 ordinentur.
755 3629 884 3696 Quamvis
913 3649 934 3686 a.
957 3631 1064 3701 Joseph
1089 3635 1229 3691 Christum
1255 3646 1299 3688 non

233 3713 376 3779 genuerit,
401 3716 491 3766 mater
510 3715 606 3766 temen
622 3710 726 3766 Christi
748 3727 816 3768 vera
839 3729 860 3766 s.
877 3713 994 3783 Josepbi
1011 3717 1114 3784 conjux
1131 3717 1185 3773 fuit
1200 3720 1300 3783 ideoque

234 3794 360 3850 Christus
375 3795 454 3850 velut
470 3811 585 3864 germen
601 3794 632 3848 in
644 3794 758 3863 Josephi
775 3795 862 3851 fundo
879 3802 977 3852 natum
994 3799 1030 3853 ad
1044 3799 1137 3867 ipsum
1151 3797 1299 3869 pertinebat

234 3876 290 3932 cn.
307 3877 423 3931 Calmeti
440 3877 551 3931 dissert.
568 3876 602 3931 de
619 3877 783 3947 genealogia
799 3879 867 3934 Jesu
883 3879 994 3936 Christi.

302 3978 322 4042 ¹)
341 3977 374 4031 In
390 3993 471 4030 serm.
489 3976 524 4030 de
542 3976 634 4034 Nativ.
651 3976 730 4046 Vir-g.
