2728 4560
669 451 670 455 Ν
759 369 821 428 204

312 557 341 593 a.
382 534 533 612 respectu
573 528 832 593 intentionis
874 549 914 592 ex
955 528 1072 612 majori
1109 527 1308 611 provenientis
1363 566 1364 591 t

246 629 353 710 gratia
375 635 409 693 et
430 627 615 706 sanctitate,
638 649 703 711 qua
721 628 864 710 Daipara
885 647 995 691 omnes
1018 628 1191 709 superavit.
1226 627 1308 709 ,Prae

249 727 398 791 omnibus
428 727 513 790 enim
541 726 614 790 aliis
643 727 766 810 angelis
796 734 829 792 et
854 726 1039 791 hominibus
1067 727 1193 808 gratiae
1212 726 1309 791 habuit

244 824 497 907 plenitudinem,
536 827 614 908 quia
649 833 771 909 quanto
807 825 932 909 aliquid
965 826 1068 908 magis
1100 825 1255 908 principio
1282 825 1308 887 in

245 923 355 1007 aliquo
393 944 526 1006 genere,
566 931 660 990 tanto
699 924 802 1008 magis
837 925 1016 1007 participat
1054 923 1207 990 effectum
1239 924 1308 988 illius

244 1023 404 1105 principii.
449 1023 493 1088 At
520 1023 669 1088 Christus
698 1029 748 1087 est
774 1023 969 1106 principium
996 1024 1122 1105 gratiae
1152 1025 1309 1089 secundun

157 1181 159 1186 .
245 1122 450 1187 divinitatem
471 1122 602 1206 quidem
627 1123 866 1201 auctoritative,
889 1121 1068 1186 secundum
1087 1122 1308 1188 humanitatem

244 1225 320 1285 'vero
342 1221 635 1286 instrumentaliter
665 1228 698 1286 et
723 1221 754 1285 b.
777 1221 874 1303 Virgo
895 1220 946 1284 illi
966 1219 1031 1285 fuit
1050 1212 1310 1305 propin'quissima

244 1320 423 1384 secundum
453 1321 707 1399 humanitatem,
741 1321 819 1404 quia
850 1341 890 1384 ex
923 1341 961 1384 ea
992 1320 1120 1403 accepit
1153 1321 1309 1386 humanam

244 1421 429 1483 naturam.“
443 1421 468 1503 1)

308 1525 336 1601 β.
370 1520 534 1602 Respectu
566 1521 758 1603 temporis
789 1520 970 1599 vovendi,
1001 1511 1219 1604 quia'vctum
1244 1540 1309 1583 nun·

244 1621 375 1701 cupavit
395 1619 459 1698 vel,
490 1625 528 1684 ut
550 1619 670 1684 Suaren
692 1619 819 1697 scribit,
849 1619 953 1701 primo
981 1619 1118 1684 rationis
1140 1641 1219 1684 usus
1238 1619 1310 1702 priu-

244 1717 328 1799 cipio
350 1717 410 1797 vel,
430 1719 481 1783 uti
493 1718 641 1801 Vasquez
663 1723 768 1800 putat,
789 1718 961 1783 maturiori
982 1725 1100 1797 aetate,
1121 1718 1199 1783 dum
1221 1718 1309 1783 adhuc

243 1816 421 1899 intemplo
444 1818 585 1900 degeret.

306 1943 334 1999 y.
367 1916 532 1998 Respeotu
564 1915 880 1996 immobilitatis,
915 1917 992 1999 quia
1019 1918 1225 1999 propositum
1255 1917 1311 1999 ejus

240 2015 438 2097 virginitatis
467 2014 644 2078 servandae
664 2036 730 2078 non
759 2016 863 2080 solum
891 2023 966 2080 voto
997 2016 1238 2096 confirmatum,
1266 2013 1312 2080 sed

243 2114 344 2178 etiam
373 2115 480 2197 gratia
508 2115 556 2178 ita
578 2113 761 2177 stabilitum
789 2113 868 2192 fuit,
898 2121 936 2179 ut
964 2116 1015 2179 vel
1043 2116 1206 2180 levissimo
1234 2121 1312 2180 motu

242 2213 405 2276 contrario
428 2235 462 2277 se
483 2213 622 2276 liberam
644 2213 791 2277 senserit.

304 2318 343 2378 sl.¹
365 2313 488 2378 Votum
510 2313 579 2395 ejus
600 2313 807 2377 matrimonio
828 2334 893 2378 non
914 2314 1066 2379 obstante
1087 2313 1312 2396 perfectissime

243 2419 407 2477 servatum
431 2419 570 2477 etcum
592 2411 664 2476 Dei
685 2413 946 2477 maternitate
968 2413 1033 2491 fuit
1054 2414 1269 2496 conjunctum.

304 2510 401 2575 Dicet
438 2511 510 2593 quis
549 2510 703 2575 forsitan:
744 2511 908 2594 ,Deipara
947 2519 1058 2577 votum
1098 2510 1312 2578 tantummodo

241 2608 410 2692 simplex
444 2609 567 2688 emisit3
600 2616 636 2674 at
662 2608 838 2691 perfectior
867 2616 917 2675 est
944 2611 1113 2694 virginitas
1145 2619 1236 2677 voto
1268 2631 1313 2673 so·

204 2765 206 2770 ,
240 2707 360 2773 lemni
383 2710 453 2774 Deo
476 2710 681 2773 consecrata!
1077 2719 1080 2724 '
1203 2768 1206 2776 .

304 2807 548 2889 Respondemus
565 2830 639 2872 cum
656 2809 896 2892 Sedlmayr,²)
915 2829 974 2892 per
989 2831 1024 2874 se
1037 2810 1199 2894 loquendo
1212 2817 1314 2875 votum

240 2906 383 2970 solemne
416 2908 609 2990 neutiquam
639 2906 818 2989 perfectius
850 2929 920 2972 esse
951 2916 1026 2974 voto
1059 2910 1212 2993 simplici,
1246 2907 1315 2992 quia

239 3005 428 3071 solemnitas
455 3005 645 3071 introducta
677 3012 728 3070 est
756 3005 797 3070 ab
831 3006 967 3071 ecclesia
997 3029 1063 3072 non
1090 3017 1225 3092 propter
1256 3029 1315 3072 ma-

236 3103 341 3186 jorem
369 3107 437 3170 voti
457 3105 708 3189 perfectionem,
739 3105 797 3170 sed
825 3105 868 3169 ad
889 3107 1119 3172 stabiliendam
1140 3110 1249 3191 potius
1273 3108 1315 3170 in·

238 3205 456 3270 constantiam
485 3206 687 3283 voventium,
717 3207 773 3288 qui
801 3206 897 3270 facile
918 3209 1039 3271 mutari
1060 3216 1205 3290 possunt.
1248 3208 1315 3273 Jam

238 3323 314 3366 vero
337 3304 494 3387 Deipara,
525 3290 625 3388 quum
652 3306 796 3369 animum
816 3306 851 3369 in
879 3307 1001 3370 virtute
1023 3327 1150 3390 semper
1169 3305 1316 3371 habuerit

236 3400 450 3482 immobilem,
483 3404 671 3480 extrinseca
687 3405 751 3469 ista
773 3406 840 3470 voti
868 3405 1074 3471 solemnitate
1096 3428 1161 3471 uon
1182 3406 1316 3488 indiguit

237 3507 411 3586 votumque
430 3505 498 3586 ejus
516 3523 556 3566 ex
572 3503 801 3568 ardentissima
818 3505 964 3592 caritate,
981 3505 1078 3569 sicuti
1096 3525 1135 3569 ex
1150 3506 1316 3588 purissima

242 3602 400 3681 processit
421 3602 611 3666 intentione.
962 3598 966 3607 ’
1221 3623 1225 3632 ·

299 3699 405 3764 Aliam
441 3701 618 3779 rationem,
661 3723 718 3766 cur
755 3708 866 3766 votum
904 3702 935 3767 b.
973 3702 1132 3785 Virginis,
1175 3701 1315 3786 quamvis

237 3796 387 3880 simplex,
419 3819 485 3862 non
513 3799 737 3883 imperfectius
769 3801 871 3882 fuerit
899 3803 1048 3882 solemni,
1082 3802 1203 3886 allegat
1229 3802 1316 3866 Vas-

303 4014 323 4078 ¹)
341 4012 468 4068 Billuart,
481 4017 561 4070 tract.
580 4014 615 4069 de
629 4016 768 4084 mysteriis
783 3974 884 4072 Christi
904 4019 967 4072 diss.
983 4017 1003 4073 l.
1020 4036 1043 4072 a.
1057 4017 1077 4074 1.
1111 4017 1132 4086 ²)
1149 4018 1180 4075 L.
1195 4035 1217 4073 c.
1231 4036 1256 4072 a.
1274 4017 1315 4088 ll.
