2728 4560
756 355 813 416 192

243 521 305 587 bus
334 517 492 601 conspici,
525 538 585 582 nec
616 516 670 580 lex
701 537 762 580 neo
794 516 936 598 gravitas
965 517 1189 598 permittebat.
1238 519 1310 584 Deli·

243 619 397 684 berantes
418 617 519 700 igitur
539 616 574 680 in
593 616 678 680 hano
700 615 898 680 sententiam
920 615 1074 680 divinitus
1097 625 1309 696 convenerunt,

244 725 283 784 ut
301 737 374 782 eam
391 714 545 780 connubii
561 715 691 779 nomine
713 713 854 798 cuipiam
873 713 1122 797 desponderent,
1142 717 1199 798 qui
1218 724 1310 782 tamen

243 817 287 882 ad
305 815 488 881 custodiam
508 813 577 896 ejus
595 812 767 877 dumtaxat
785 819 871 878 esset
888 812 1032 878 idoneus.
1067 813 1119 877 Ad
1137 815 1198 879 hoc
1217 823 1310 880 autem

245 935 361 978 munus
390 912 576 995 aptissimus
604 911 755 976 inventus
784 917 840 976 est'
859 911 996 995 Joseph,
1026 933 1067 976 ex
1095 913 1210 978 eadem
1229 915 1311 994 ‚tribu

246 1020 280 1078 11
311 1012 435 1096 patria,
474 1031 540 1093 qua
575 1015 647 1074 erat
677 1010 776 1092 virgo.
831 1010 1045 1075 sacerdotum
1080 1033 1155 1096 ergo
1193 1013 1311 1078 consilio

243 1111 366 1194 Joseph
384 1109 526 1193 puellam
544 1129 695 1191 sponsam
715 1108 865 1191 11111111.α
898 1108 1022 1186 Quibus
1043 1111 1151 1176 verbis
1168 1112 1311 1177 Baronius

244 1211 371 1276 subdit:
394 1209 473 1292 ,His
494 1207 732 1273 consentientia
753 1207 884 1289 scripsit
906 1229 930 1272 s.
953 1209 1199 1293 Epiphanius.¹)
1237 1211 1312 1276 Idem

247 1311 347 1375 etiarn
368 1310 408 1374 de
430 1307 623 1372 Fulberto
645 1305 836 1388 Abbatel)
860 1306 968 1372 dicere
989 1329 1176 1390 possumus:
1199 1310 1312 1391 ,Duota

246 1407 503 1491 Hierosolymas,
533 1406 654 1490 inquit,
684 1405 718 1469 in
746 1405 868 1488 templo
899 1406 1030 1471 Domini
1058 1415 1249 1474 conversata
1274 1415 1313 1474 111

246 1528 349 1589 usque
371 1506 414 1570 ad
435 1511 589 1589 quartum
610 1504 770 1569 decimum
788 1525 908 1567 annum
923 1504 1055 1588 jejuniis
1074 1513 1107 1571 et
1126 1507 1312 1573 orationibus

245 1607 388 1670 serviens
410 1605 462 1669 die
484 1626 521 1668 ac
541 1610 638 1668 nocte
668 1609 701 1668 et
724 1603 944 1685 virginitatem
965 1625 1057 1668 suam
1078 1627 1210 1686 vovens,
1242 1605 1313 1691 quod

246 1711 324 1770 ante
344 1704 434 1786 virgo
457 1703 525 1767 ulla
545 1725 610 1766 non
631 1702 786 1790 fecerat.“

182 1794 207 1836 ·’
308 1808 337 1867 4.
370 1801 563 1866 Beatissimo
584 1801 683 1884 Virgo
713 1800 821 1865 emisit
848 1800 910 1864 hoo
936 1807 1048 1866 votum
1076 1826 1097 1868 a
1124 1806 1313 1889 principio

245 1924 340 1968 usus
367 1901 548 1966 rationis

308 2001 463 2084 „Plurimi
490 1999 619 2078 Patres,
653 1999 760 2082 inquit
793 2000 987 2081 Suarez‚³)
1020 2002 1183 2082 sentiunt,
1217 2011 1315 2069 votum

245 2101 409 2167 castitatis
437 2100 471 2164 in
493 2099 624 2182 Virgine
653 2119 717 2162 non
746 2098 851 2162 minus
880 2099 1051 2180 antiquum
1079 2099 1196 2179 fuisse,
1231 2123 1316 2186 quam

246 2200 485 2284 propositum?
523 2199 567 2263 At
587 2197 790 2280 propositum
813 2197 962 2262 servandi
982 2206 1178 2280 perpetuam
1199 2201 1317 2285 virgini·

245 2306 351 2364 tatem
379 2299 419 2362 ab
449 2319 525 2363 usus
554 2298 690 2362 rationis
711 2297 871 2380 principio
892 2297 1022 2374 habuit,
1053 2298 1103 2361 uti
1132 2299 1166 2362 in
1188 2298 1316 2365 articulo

246 2398 351 2481 primo
373 2397 631 2461 demonstratum
658 2401 715 2460 est.
760 2395 823 2476 ,Et
844 2416 879 2460 re
900 2417 977 2460 vera
1003 2401 1054 2460 est
1074 2418 1135 2478 par
1156 2400 1318 2482 utriusque

245 2497 347 2575 ratio,
376 2495 453 2578 quia
474 2495 558 2560 sicut
579 2501 691 2559 votum
712 2494 826 2558 debuit
848 2515 917 2558 esse
940 2494 979 2558 de
1001 2493 1129 2559 meliori
1150 2497 1251 2576 bono,
1277 2498 1317 2560 ita

246 2596 348 2660 etiam
384 2594 448 2659 fuit
478 2593 689 2677 propositum.
745 2591 867 2670 Quodsi
904 2592 1131 2671 admittamus,
1170 2595 1259 2678 leges
1291 2600 1318 2658 et

247 2715 352 2758 mores
374 2692 461 2757 illius
479 2691 599 2756 aetatis
619 2712 684 2754 non
700 2691 885 2773 permisisse
906 2691 1126 2773 virginitatem
1144 2694 1195 2758 vel
1213 2695 1318 2760 saltem

246 2813 312 2858 non
332 2785 524 2856 aestimasse
545 2790 636 2854 illam
657 2789 839 2868 meliorem,
869 2789 920 2854 vel
941 2781 1125 2872 negandum
1146 2793 1226 2872 erit,
1256 2792 1319 2858 Vir·

246 2893 354 2976 ginem
375 2891 527 2956 habuisse
550 2896 583 2954 et
603 2889 807 2972 propositum
833 2895 867 2953 et
887 2896 1007 2967 votum,
1028 2910 1094 2953 non
1116 2891 1222 2956 solum
1243 2899 1319 2967 ante,

247 2990 305 3056 sed
321 2990 421 3055 etiam
436 2995 512 3072 post
528 2994 732 3054 contractum
748 2987 998 3065 matrimonium,
1017 2988 1109 3070 quod.
1119 2989 1321 3056 falsissimum

173 3133 176 3138 >
247 3095 313 3168 est,
342 3088 394 3152 vel
416 3094 505 3152 certo
529 3086 700 3152 dicendum
721 3093 772 3150 111
792 3087 827 3149 in
850 3107 888 3150 ea
910 3086 1086 3165 sententia,
1116 3088 1224 3155 divino
1247 3096 1321 3154 nutu

248 3193 281 3252 et
302 3186 437 3253 consilio
458 3185 679 3269 virginitatem
701 3185 876 3268 appetiisse
899 3191 933 3250 et
953 3184 1086 3250 vovisse
1129 3187 1200 3265 Quo
1222 3189 1322 3272 posito

248 3285 450 3369 probabilius
473 3291 507 3350 et
527 3285 629 3368 magis
651 3290 887 3367 consequenter
908 3283 1050 3362 dicetur,
1071 3284 1225 3352 habuisse
1246 3289 1322 3352 hanc

247 3385 389 3450 divinam
405 3384 636 3448 revelationem
652 3390 727 3448 ante
744 3383 986 3448 matrimonium
1002 3389 1216 3464 contractum,
1233 3407 1323 3470 quam

246 3490 322 3568 post
349 3483 440 3547 illud.
491 3483 617 3547 Deinde
650 3483 735 3547 sicut
766 3488 876 3546 votum
904 3503 964 3564 per
995 3503 1029 3546 se
1059 3490 1093 3548 11
1121 3492 1242 3550 natura
1271 3504 1323 3549 sua

245 3604 428 3666 repugnare
449 3582 578 3647 videtur
598 3581 751 3646 fidelitati
773 3589 806 3646 11
825 3581 973 3663 justitiae
994 3582 1203 3662 matrimonii,
1226 3585 1274 3649 ita
1295 3588 1323 3646 11

246 3682 450 3766 propositum
481 3703 546 3746 non
583 3680 741 3746 reddendi
778 3679 926 3745 debitum
957 3688 1077 3745 natura
1114 3704 1174 3747 sua
1204 3686 1323 3765 pugnat

315 3916 333 3981 ¹)
356 3914 460 3967 Haeres
485 3911 628 3969 LXXVIII.
670 3913 691 3980 2)
716 3913 802 3969 Serm.
826 3913 866 3980 ll,
892 3913 926 3968 dc
951 3913 1043 3968 Nativ.
1067 3915 1191 3984 Virginis
1216 3915 1323 3970 Mariae.

244 3996 267 4064 ³)
285 3995 316 4051 L.
334 4013 357 4050 c.
375 3996 462 4050 sectio
480 3995 516 4051 11.
