2718 4556
551 384 610 443 285

55 546 129 609 omni
147 546 267 610 virtute
290 543 523 608 consolationis
545 549 579 607 et
599 541 664 606 fide
687 541 877 622 devotionis,
900 544 961 610 hoo
982 551 1120 629 uterque

55 645 91 708 sit
109 644 208 722 alteri,
232 641 320 727 quod
340 643 410 726 ipse
432 643 503 722 sibi,
522 649 562 707 ut
583 642 720 725 quisque
742 641 884 706 alterum
905 645 999 726 quasi
1020 665 1121 710 unum

55 765 149 808 secum
176 742 300 808 factum
329 741 496 821 attendat,
529 749 598 806 tam
629 742 664 805 in
691 741 800 820 bonis,
835 763 932 824 quam
963 744 998 807 in
1025 745 1120 810 malis

54 843 195 921 omnihus,
218 843 304 906 siout
326 840 558 906 consolationis
579 840 705 905 socium
726 861 764 904 ac
785 835 994 924 participem,
1017 843 1065 907 ita
1088 850 1121 909 et

53 943 261 1007 tribulationis
284 948 317 1006 et
338 940 549 1005 sufferentiae
576 941 750 1005 indivisum
772 940 925 1005 exhibeat
927 991 1119 1006 .......

53 1041 128 1106 Haeo
155 1047 231 1106 sunt
256 1041 344 1104 bona
374 1039 516 1122 conjugii
545 1046 579 1104 et
607 1039 748 1103 felicitas
777 1045 902 1103 castam
929 1039 1121 1105 societatem

54 1141 231 1218 amantium,
255 1159 338 1222 quae
360 1138 446 1202 bona
467 1138 578 1202 videre
599 1159 666 1202 non
685 1143 823 1219 possunt
848 1137 880 1216 ii,
911 1138 968 1220 qui
989 1138 1023 1201 in
1045 1159 1119 1203 con-

51 1239 127 1321 jugio
147 1240 193 1303 nil
213 1244 346 1321 praeter
372 1236 456 1301 male
486 1236 614 1301 dulcem
642 1237 749 1300 carnis
777 1236 980 1319 voluptatem
1008 1239 1120 1321 exqui-

53 1345 125 1402 mnt.
176 1339 260 1402 Ecce
292 1336 381 1402 vides
420 1336 570 1418 (excepto
604 1336 710 1400 carnis
748 1336 970 1418 commercio),
1010 1337 1120 1420 qualia

53 1441 148 1500 tamen
169 1444 203 1502 et
224 1441 349 1520 quanta
368 1435 455 1500 bona
476 1435 625 1518 conjugio
647 1435 893 1518 relinquuntur:
921 1435 986 1500 imo
1010 1436 1120 1518 potius

54 1536 188 1620 (excepto
218 1537 324 1601 carnis
353 1536 560 1617 commercio)
590 1535 702 1618 qualia
730 1541 764 1600 et
791 1539 915 1618 quanta
941 1534 1028 1598 mala
1049 1535 1069 1598 i.
1091 1556 1118 1599 e.

54 1634 145 1715 qualis
164 1634 303 1700 servitus
326 1641 359 1699 et
383 1641 524 1718 quantus
545 1633 639 1699 dolor
659 1657 679 1699 a
700 1635 850 1718 conjugio
873 1632 1120 1698 excludantur.“

105 1733 176 1812 Sed,
205 1737 244 1797 ut
272 1732 315 1796 ad
340 1732 550 1798 beatissimae
570 1732 713 1816 Virginis
743 1739 777 1797 et
805 1755 829 1798 s.
851 1731 987 1814 Josephi
1007 1733 1120 1797 matri-

54 1832 180 1896 monium
216 1832 488 1897 considerandum
521 1832 709 1911 redeamuS,
748 1831 854 1916 qualis
891 1832 1121 1897 ardentissima

55 1929 188 2009 charitas,
208 1931 379 2014 qualisque
398 1952 490 1996 amor
506 1931 541 1995 in
559 1953 597 1996 oo
616 1932 724 1996 elucet
741 1932 956 2014 purissimus?
978 1931 1120 1996 Ubinam
1168 1963 1172 1969 ·

55 2030 179 2110 reperies
200 2029 458 2108 matrimonium,
487 2031 588 2094 etiam
608 2030 670 2094 hac
697 2031 824 2095 ratione
853 2031 903 2094 illi
930 2051 1120 2113 comparan-

55 2126 138 2191 dum?
176 2128 328 2194 Amorem
354 2128 407 2192 hic
435 2129 563 2192 mireris
591 2129 808 2211 purissimum.
858 2129 1005 2212 Uterque
1034 2129 1120 2192 enim

55 2233 117 2291 roto
136 2227 332 2309 virginitatis
354 2227 507 2292 astrictus
530 2228 644 2292 eodem
669 2227 763 2292 ardet
784 2248 903 2306 amore,
928 2248 991 2310 quo
1013 2226 1121 2310 angeli

54 2323 177 2407 flagrant
197 2327 232 2390 in
254 2326 361 2392 coelis.
401 2326 561 2409 Josephus
583 2325 721 2390 Mariam
741 2325 815 2409 plus
838 2348 936 2410 quam
957 2347 991 2390 se
1012 2325 1119 2408 ipsum

55 2424 161 2508 diligit,
194 2427 344 2492 omnibus
373 2447 446 2490 eam
472 2425 689 2508 praeferendo
717 2426 880 2490 thesauris
912 2447 950 2490 ao
979 2424 1118 2504 divitiis3

54 2523 143 2590 llaria
172 2527 206 2590 in
238 2547 270 2591 1.,
291 2524 432 2608 Josepho
465 2531 555 2589 amat
585 2531 775 2608 patronum,
813 2545 891 2589 suae
921 2524 1120 2607 virginitatis

56 2621 241 2690 defensorem
262 2645 300 2689 ac
318 2624 418 2707 prolis
440 2625 622 2689 nutritium.
660 2623 728 2688 Neo
747 2623 884 2701 fructus,
901 2644 967 2687 non
987 2623 1119 2706 quidem

56 2741 91 2783 ex
114 2723 180 2788 hoc
210 2723 432 2801 matrimonio,
462 2723 519 2786 1011
547 2723 586 2786 in
616 2743 658 2786 eo
688 2729 799 2801 natus,
830 2722 944 2787 defuit.
995 2723 1118 2805 ,Omne
1164 2804 1167 2812 Ι

55 2821 139 2901 enim,
166 2822 275 2906 inquit
304 2822 334 2886 d.
362 2822 660 2904 Augustinus,¹)
692 2822 883 2904 nuptiarum
911 2822 1032 2886 bonum
1060 2821 1118 2885 im·

54 2918 162 3000 pletum
183 2928 234 2986 est
255 2921 290 2984 in
317 2920 382 2985 illis
403 2920 595 3003 parentibus
617 2919 752 2985 Christi:
781 2921 906 3004 proles,
934 2920 1029 2999 fides,
1061 2921 1118 2986 Sa-

55 3023 277 3103 cramentum.2)
308 3018 437 3084 Prolem
455 3019 677 3102 cognoscimus
693 3019 799 3102 ipsum
816 3021 991 3084 Dominum
1006 3019 1026 3084 J
1028 3041 1119 3084 esum

108 3202 180 3268 ι1111
196 3199 303 3269 nuptiis
319 3199 368 3253 lib.
386 3197 407 3262 I,
425 3215 468 3267 cp.
487 3200 526 3253 11.
564 3199 584 3265 ²)
602 3199 749 3253 Terminus
766 3200 1011 3267 „Saoramentum“
1029 3201 1119 3270 dupli·

54 3280 112 3336 citor
125 3287 284 3352 usurpatur:

106 3382 127 3419 a.
151 3367 183 3419 ln
200 3383 283 3419 sensu
301 3363 502 3433 improprio,
521 3367 656 3431 quatenus
673 3364 821 3431 cujuslibet
837 3367 879 3419 rei
897 3381 990 3420 sacrae
1007 3367 1118 3436 signum

55 3440 240 3504 sacramentum
257 3449 315 3502 lato
332 3447 415 3502 modo
433 3447 548 3514 dicitur;

107 3531 130 3585 b.
154 3533 183 3585 in
206 3547 288 3584 sensu
311 3531 465 3598 proprio,
491 3534 626 3597 quatenus
650 3529 760 3597 signum
783 3531 939 3598 practicam
965 3535 994 3585 at
1018 3529 1118 3584 efficax

54 3615 143 3676 gratiae
159 3613 367 3680 sanctificantis,
384 3629 450 3667 vere
468 3619 497 3666 ot
513 3613 627 3681 proprio
645 3613 853 3667 Sacramentum
870 3618 920 3669 est.
977 3675 980 3684 ,

105 3696 261 3752 Notandum
283 3712 360 3765 crgo,
388 3696 462 3764 quod
485 3713 506 3750 1.
523 3695 694 3763 Augustinus
717 3696 779 3749 loco
800 3696 887 3750 citato
908 3697 1118 3751 matrimonium

54 3774 114 3831 inter
138 3780 242 3848 loseph
271 3784 300 3833 et
325 3779 444 3832 Mariam
470 3779 500 3832 in
530 3795 612 3832 sensu
639 3778 731 3832 latiori
760 3783 789 3833 et
815 3777 968 3847 improprio
996 3779 1119 3847 appellet

55 3857 259 3929 Sacramentum,
286 3861 350 3930 quia
375 3861 527 3916 secundum
545 3877 719 3915 communem
746 3862 914 3917 sententiam
942 3862 1119 3926 (Ambrosius

55 3941 200 4001 Catharinns
231 3946 363 4016 opusculo
395 3946 430 4000 da
459 3945 638 3999 matrimonio
668 3948 697 3997 et
722 3944 861 4000 Launoius
888 3944 942 4002 lib.
974 3945 1009 3999 da
1040 3945 1119 4013 regia

54 4031 173 4089 potestate
196 4031 226 4084 in
242 4030 362 4085 matrim.
380 4047 406 4098 p.
426 4031 439 4083 1
458 4046 483 4085 a.
499 4031 515 4081 2
532 4044 595 4082 cum
613 4027 753 4096 nonnullis
775 4029 836 4083 aliis
858 4032 997 4095 asserunt,
1022 4028 1118 4082 matri·
