2730 4564
762 353 821 412 128

247 540 307 584 cur
327 517 362 582 in
381 517 597 588 intemeratae
614 512 757 596 Virginis
777 519 876 596 partu
897 511 988 576 illam
1009 512 1207 596 denegabis?
1230 515 1334 594 Quae·

247 638 324 683 nam
360 616 424 682 erit
460 613 563 679 stulta
599 611 657 676 illa
692 612 863 676 vesania?“
908 611 1112 692 ,Quomodm
1149 613 1333 698 interrogat

248 739 273 782 s.
309 713 587 799 Epiphanius,
603 712 626 794 ¹)
667 712 827 794 quomodo
867 711 991 776 audent
1029 711 1188 794 impetere
1228 713 1334 779 incor-

246 822 381 898 ruptam
408 812 642 896 virginitatem,
672 831 766 907 quae
785 810 884 894 digna
911 810 1002 903 facta
1031 816 1081 874 est
1107 810 1334 878 habitaculum

246 914 307 980 filii
329 913 430 979 Deru
1348 964 1349 1000 ,

310 1015 358 1080 Ss.
391 1011 505 1076 Patres
537 1030 603 1074 non
633 1013 784 1092 possunt,
820 1006 900 1091 quin
931 1007 1218 1091 pulcherrimis
1257 1009 1349 1084 suis}

246 1113 393 1196 elogiis
429 1111 491 1176 hcc
522 1107 772 1192 grandissimum
803 1106 995 1190 praedicent
1026 1109 1237 1191 mysterium,
1276 1134 1334 1196 quo

248 1214 278 1279 b.
301 1212 400 1294 Virgo
427 1207 587 1274 ineffabili
610 1207 751 1290 Spiritus
778 1206 883 1271 sancti
910 1208 1101 1288 operatione
1128 1209 1336 1293 unigenitum

248 1313 312 1387 Dei
336 1310 457 1378 Filium
481 1309 516 1373 in
542 1314 637 1372 utero
664 1305 851 1389 conceperit
875 1304 1026 1388 virginali
1053 1313 1087 1372 et
1114 1308 1336 1392 ,virginitatis

199 1431 201 1434 ·
246 1412 351 1496 gloria
366 1414 578 1494 permanente
594 1407 705 1472 lumen
721 1412 891 1471 aeternum
907 1405 1027 1470 mundo
1045 1405 1209 1487 effuderit,
1221 1410 1246 1476 J
1247 1433 1336 1476 esum

247 1510 413 1576 Christum
436 1506 611 1572 Dominum
632 1506 809 1572 nostrum.“
823 1505 848 1588 ²)
877 1567 879 1572 .

310 1608 417 1690 ,Quid
444 1607 576 1690 loquar,
609 1605 717 1688 inquit
749 1603 779 1668 d.
809 1604 1104 1690 Ambrosius,³)
1138 1617 1271 1692 quanta
1299 1612 1350 1675 siu

246 1706 443 1790 virginitatis
465 1705 584 1788 gloria,
615 1725 698 1787 quae
720 1704 841 1768 meruit
861 1725 881 1768 a
903 1703 1033 1769 Christo
1062 1706 1158 1789 erigi,
1190 1715 1230 1774 ut
1256 1717 1337 1774 esset

247 1808 349 1874 etiam
377 1804 545 1888 corporale
574 1804 636 1868 Dei
664 1803 862 1886 templum?“
900 1804 950 1867 An
979 1804 1228 1888 coinquinatum
1262 1809 1350 1893 quib

245 1908 282 1972 in
303 1927 343 1970 ea
363 1904 488 1988 poterit
508 1903 660 1981 inveniri,
690 1924 788 1986 quam
815 1902 941 1985 ,Deus,
971 1909 1009 1968 ut
1031 1903 1165 1987 dignum
1186 1906 1270 1972 Filii
1291 1909 1336 1972 sui

247 2004 471 2071 babitaculum
500 2002 582 2068 effici
609 2008 806 2082 mereretur,
836 2001 960 2084 Spiritu
992 2009 1105 2068 sancto
1135 2016 1335 2088 cooperante

241 2103 497 2189 ,praeparavit?“
538 2101 610 2166 Nisi
636 2122 734 2184 porro
762 2100 848 2164 idem
878 2101 1032 2166 sensisset
1060 2123 1084 2165 s.
1115 2102 1337 2187 Gregorius

247 2203 454 2286 Nyssenus,
477 2222 543 2267 non
563 2200 643 2270 baec
665 2199 904 2284 tradidisset:4)
931 2200 978 2282 ,O
1001 2222 1069 2265 rem
1090 2200 1335 2270 admirandam!

246 2302 346 2384 Virgo
373 2307 478 2366 mater
508 2298 645 2365 efficitur
674 2305 707 2362 et
728 2304 899 2381 permanet
919 2299 1027 2382 Virgo.
1072 2299 1186 2366 Cernis
1214 2298 1351 2388 novum)

246 2408 385 2466 naturae
418 2400 580 2476 ordinem3
617 2397 652 2462 iu
684 2397 757 2462 aliis
788 2397 993 2476 mulieribus,
1033 2399 1191 2482 quamdiu
1223 2404 1337 2488 aliqua

248 2507 298 2566 est
324 2501 438 2584 Virgo,
471 2521 536 2564 non
565 2503 616 2561 est
644 2496 759 2562 Mater.
808 2497 892 2562 Nam
920 2505 1136 2581 posteaquam
1164 2500 1263 2568 facta
1294 2511 1338 2568 est

247 2605 367 2678 mater,
406 2598 626 2682 virginitatem
661 2618 726 2661 non
757 2596 866 2662 habet.
920 2597 982 2660 Hic
1014 2604 1125 2663 autem
1156 2606 1336 2687 utrumque

246 2721 364 2764 nomen
385 2700 420 2764 in
441 2698 528 2762 idem
550 2697 722 2761 concurrit.
758 2696 882 2761 Eadem
903 2698 990 2761 enim
1011 2704 1044 2762 et
1060 2704 1167 2763 mater
1188 2707 1223 2766 et
1249 2705 1336 2785 virgo

245 2806 312 2863 est:
335 2820 394 2862 neo
412 2795 583 2880 virginitas
599 2802 732 2877 partum
750 2794 881 2874 ademit,
899 2818 959 2860 neo
976 2803 1091 2880 partus
1109 2798 1338 2881 virginitatem

246 2897 374 2963 solvit.“
418 2896 536 2980 ,Virgo
557 2895 700 2978 peperit,
732 2895 894 2961 exclamat
915 2895 1108 2961 mirabunde
1137 2919 1161 2962 s.
1190 2897 1338 2965 Petrus

248 2995 570 3080 Chrysologus35)
604 2993 691 3080 quod
718 3001 838 3059 natura
869 3017 935 3059 nou
962 2993 1076 3074 habet,
1110 3019 1190 3062 usus
1218 3001 1336 3078 nescit,

247 3098 377 3180 ignorat
398 3095 492 3172 ratio,
512 3115 603 3157 mens
622 3115 688 3158 non
709 3093 806 3176 capit,
826 3100 923 3176 pavet
945 3094 1079 3174 coelum,
1099 3101 1212 3180 stupet
1235 3105 1336 3165 terra.

244 3201 399 3261 creatura
419 3194 566 3273 miratur,
590 3194 751 3277 quomodo
774 3216 880 3259 sermo
902 3194 1051 3260 narrabit
1071 3196 1284 3264 humanus'?“

310 3294 513 3378 Stupendum
526 3294 586 3358 hoc
601 3294 868 3380 miraculuml)
883 3294 977 3360 aliis
994 3294 1205 3361 miraculis
1219 3296 1339 3363 Patres

314 3511 334 3575 ι)
352 3508 465 3563 Haeres.
482 3507 635 3564 LXXVIII.
676 3510 698 3577 2)
717 3509 805 3565 Praef.
823 3510 853 3564 in
869 3509 948 3564 festis
964 3511 995 3566 B.
1013 3509 1051 3566 M.
1071 3511 1102 3566 V.
1144 3513 1166 3578 ³)
1184 3511 1284 3581 Epist
1301 3516 1339 3568 82.

244 3591 268 3658 ⁴)
287 3591 363 3645 Orat.
381 3591 410 3644 in
434 3591 507 3645 diem
526 3591 648 3646 natalem
667 3592 778 3649 Christi.
822 3594 842 3661 ⁵)
862 3593 948 3650 Serm.
967 3591 1075 3650 CXLII.
1116 3593 1138 3660 6)
1159 3593 1244 3660 „Non
1264 3597 1339 3666 eqni·

242 3673 310 3726 dem
338 3674 534 3743 congruentius
563 3673 632 3728 mibi
656 3676 755 3729 videor
779 3693 859 3745 posse
885 3676 939 3732 hoc
964 3677 1122 3746 prodigium
1148 3683 1247 3733 menta
1276 3697 1339 3734 con-

246 3757 350 3824 cipere,
367 3757 466 3810 scribit
482 3757 517 3810 ol.
534 3758 680 3811 Franzelin
700 3760 728 3824 (l.
743 3777 766 3814 c.
781 3777 843 3829 pag.
859 3761 929 3827 119),
946 3777 1026 3830 quam
1045 3761 1068 3813 si
1086 3761 1339 3830 participationem

241 3839 366 3907 aliquam
383 3840 598 3908 proprietatum,
622 3842 716 3910 quales
734 3849 798 3897 sunt
815 3860 964 3912 corporum
981 3843 1204 3912 glorificatorum
1223 3847 1340 3916 corpori

245 3921 378 3988 virginali
398 3921 494 3976 matris
515 3939 532 3975 a
552 3923 611 3978 filio
638 3926 871 3981 communicatam
893 3932 922 3982 et
943 3928 973 3981 in
996 3944 1029 3980 ea
1050 3927 1128 3982 velut
1150 3929 1339 3998 anticipatam

241 4003 416 4071 intelligam,
442 4021 498 4058 nou
520 4006 634 4073 quidem
656 4006 854 4077 habitualiter,
879 4010 928 4064 aad
944 4015 1121 4066 transeunter
1143 4010 1174 4064 in
1196 4011 1261 4080 ipso
1280 4019 1341 4068 tan·
