2782 4554
751 366 811 441 562

308 544 425 610 Gracci
435 543 518 608 illud
527 542 672 626 ιῖπιὲιτην
684 563 742 608 seu
753 541 949 626 ὕπαπὰντην
961 542 981 606 i.
992 563 1018 607 e.
1031 563 1206 608 occursum
1217 552 1330 610 vocant

244 651 381 728 propter
401 663 572 709 occursum
593 650 672 708 tunc
693 662 714 706 a
733 642 883 707 Simeone
906 661 983 706 senc
1005 648 1039 706 et
1058 642 1098 706 ab
1119 642 1217 708 Anna
1238 643 1329 707 vidua

245 742 379 808 factum.
391 743 415 825 ¹)
457 743 495 807 ln
523 741 709 807 calendario
733 741 903 824 Syrorum,
933 740 1021 824 quod
1043 747 1094 806 est
1116 741 1150 805 in
1171 742 1328 806 breviario

246 842 499 920 Maronitarum,
539 841 728 906 nominatur
763 841 947 923 ,ingressus
980 839 1112 904 Domini
1155 841 1265 906 nostri
1299 840 1328 904 in

246 941 436 1025 templum.“
478 941 565 1006 Loco
594 939 723 1024 ὑπάντη
753 938 842 1022 apud
868 939 1002 1004 Latinos
1031 939 1162 1020 saepius
1190 938 1329 1022 Hyponti
1378 981 1379 990 .

246 1041 383 1124 legitur,
414 1040 513 1104 utin
542 1041 797 1106 sacramentario
827 1062 851 1104 s.
880 1039 1038 1122 Gregorii.
1095 1038 1265 1121 ,Hypanti
1293 1038 1329 1103 ad
1378 1035 1379 1102 i

249 1161 273 1204 s.
305 1138 482 1218 Mariam,“
515 1140 690 1222 genuinam
722 1159 791 1205 esse
820 1137 1010 1216 lectionem,
1047 1136 1171 1201 ibidem
1199 1143 1330 1202 annotat
1378 1123 1379 1208 i

246 1239 389 1305 lacobus
407 1238 570 1304 Pamclius
591 1238 755 1304 referente
775 1237 1003 1320 colvenerio.²)
1046 1235 1194 1300 Vocatur
1216 1236 1329 1301 festum

248 1337 331 1407 illud
360 1359 459 1421 porro
488 1336 632 1420 ,festum
651 1336 931 1402 Praesentationis
958 1335 1091 1401 Domini
1118 1335 1153 1399 in
1180 1335 1328 1418 templo,“

247 1435 370 1502 festum
398 1436 579 1518 ,Simeonis
612 1444 646 1502 et
674 1436 825 1516 Annae,“
857 1434 1018 1500 festivitas
1046 1433 1244 1500 candelaria
1275 1442 1329 1498 etc.

249 1535 367 1618 „Patet
386 1535 448 1599 hoc
471 1535 511 1600 de
532 1535 619 1601 festo
640 1534 891 1614 Purificationis,
915 1532 1031 1599 scribit
1051 1533 1163 1617 quoad
1183 1533 1330 1599 nltimam

249 1633 519 1717 significationem
538 1635 559 1700 J
566 1655 713 1725 oannes
741 1635 903 1712 Gerson,
917 1635 943 1715 8)
965 1633 1054 1716 qnod
1075 1632 1149 1697 ideo
1176 1631 1330 1698 Candela-

248 1734 299 1798 ria
319 1733 414 1816 vulgo
437 1732 573 1808 dicitur,
609 1727 687 1817 qnia
714 1739 890 1816 portantur
918 1733 1073 1797 candelae
1102 1731 1258 1797 ardentes
1279 1731 1330 1795 illa

249 1831 302 1896 die
321 1832 354 1895 in
373 1827 529 1897 hunorem
547 1832 740 1915 purissimae
759 1838 793 1895 et
810 1829 1030 1896 lucidissimae
1041 1830 1185 1913 Virginis
1201 1829 1330 1906 Mariae,

249 1953 332 2016 qnae
360 1932 452 2014 prius
482 1931 608 2015 portari
636 1930 724 2013 apud
754 1930 893 2012 gentiles
920 1935 1160 1994 consueverunt
1180 1929 1216 1992 in
1243 1949 1331 1992 vene·

249 2031 411 2095 rationem
429 2030 597 2113 cujusdam
618 2029 698 2094 deae
718 2037 751 2094 et
767 2030 801 2092 in
817 2029 1013 2094 lustratione
1031 2028 1123 2093 urbis
1138 2028 1331 2092 Romanae.“

311 2134 340 2194 2.
375 2129 468 2207 Quod
511 2129 608 2212 hujus
650 2127 728 2193 festi
769 2128 891 2192 attinet
930 2127 1150 2206 exordium,
1192 2127 1331 2210 duplex

251 2229 429 2312 praecipue
437 2230 464 2310 4)
487 2229 599 2293 existit
621 2227 742 2310 opinio.

313 2349 342 2392 a.
375 2327 508 2391 Festum
528 2325 769 2391 Purificationis
797 2325 837 2389 in
859 2325 1023 2390 Oriente
1045 2324 1207 2390 celebrari
1228 2326 1331 2408 coepit

251 2426 311 2491 sub
337 2426 574 2510 -Justiniano
605 2426 809 2508 Imperatore
841 2445 926 2490 anuo
957 2429 1025 2488 541.
1070 2425 1176 2509 Hujus
1208 2433 1331 2490 senten·

252 2526 319 2590 tiae
347 2531 506 2608 patronus
535 2525 724 2607 principalis
751 2523 894 2589 habetur
924 2523 1107 2589 Cardiualis
1139 2524 1330 2590 Batonius

252 2625 396 2708 allegans
403 2627 428 2707 ⁵)
450 2623 674 2690 testimoninm
693 2622 869 2706 Nicephori
887 2623 1021 2688 callixti
1043 2622 1221 2706 dicentisl)
1253 2623 1329 2705 ,Im-

252 2730 438 2807 peratorem
459 2723 682 2788 Justinianum
710 2721 892 2787 instituisse
914 2729 985 2786 tum
1004 2723 1147 2805 primum
1168 2730 1238 2789 toto
1259 2722 1329 2786 orbe

252 2830 424 2901 terrarum,
454 2822 538 2887 festo
567 2821 619 2886 die
641 2821 801 2886 celebrari
821 2821 1051 2905 Hypapantem
1072 2821 1092 2885 i.
1116 2843 1142 2886 e.
1168 2841 1328 2887 occursum

254 2922 416 2988 Domini.“
473 2922 583 2987 Etiam
619 2920 853 3003 sigebertus
891 2911 981 2985 illius
1004 2920 1257 2986 institutionem
1289 2917 1328 2982 ad
1378 3005 1379 3008 Ἴ

252 3022 431 3088 lustiniani
466 3029 615 3104 tempora
650 3019 762 3084 refert.
819 3019 907 3102 „Sub
942 3019 1144 3098 Justiniauo,
1181 3019 1326 3103 inquit,⁷)

255 3120 539 3204 Constantinopoli
580 3119 783 3184 mortalitate
823 3139 941 3202 magna
980 3119 1169 3208 insurgente
1209 3121 1326 3183 statuta

321 3371 341 3436 ¹)
358 3369 412 3424 cfr.
430 3369 589 3436 Duoangius
607 3369 635 3420 in
654 3368 794 3422 Glossario
817 3385 838 3422 s.
855 3386 880 3422 v.
899 3368 1060 3438 Hypapenti
1076 3385 1104 3436 p.
1123 3371 1188 3423 1275
1203 3372 1265 3423 tom
1281 3363 1325 3418 111.

252 3454 274 3520 ²)
292 3453 323 3508 L.
347 3468 372 3508 e.
397 3456 463 3506 tom.
486 3451 509 3518 1,
533 3450 568 3505 ad
592 3451 666 3505 diem
691 3454 713 3506 l.
735 3451 882 3505 Februarii
905 3467 968 3520 pag.
990 3453 1032 3506 90.
1073 3452 1094 3517 ³)
1118 3452 1160 3506 De
1184 3450 1324 3506 directione

253 3535 347 3591 cordis
371 3534 481 3589 Conrid.
504 3535 534 3588 21
559 3539 627 3590 tom.
652 3532 702 3588 111.
744 3533 766 3600 4)
782 3533 939 3588 Reusnerus
964 3535 994 3588 in
1018 3534 1107 3588 diario
1133 3552 1181 3588 suo
1205 3532 1323 3588 historico

254 3617 354 3673 scribit
370 3617 529 3672 institutum
547 3633 564 3670 a
580 3616 679 3685 Sergio
697 3632 769 3685 papa
786 3632 858 3669 anno
876 3617 939 3682 6803
961 3615 1103 3671 Gedrenus
1127 3617 1157 3672 in
1173 3613 1322 3685 compendio

254 3699 442 3766 historiarum,
467 3715 539 3752 auno
566 3715 640 3754 nono
665 3697 770 3752 Justini
795 3697 903 3767 Magni,
934 3697 1087 3753 Justiniaui
1117 3694 1322 3770 praedecessoris

254 3781 445 3836 introductum
461 3781 545 3835 fnisse
566 3782 676 3848 asserit3
702 3781 750 3834 alii
770 3781 917 3836 inveniunt
933 3780 1014 3848 hujus
1036 3781 1102 3837 festi
1125 3783 1266 3838 exordium
1280 3776 1321 3832 snb

255 3863 430 3918 Pontificatu.
464 3864 566 3918 celasii
583 3881 679 3918 versus
696 3882 799 3918 annum
815 3867 876 3932 4943
895 3864 945 3919 clr.
962 3865 1140 3920 colvenerius
1157 3859 1321 3924 l.c.tom.1‚

255 3963 319 4013 pag.
335 3946 376 3999 97.
416 3947 438 4009 ⁵)
457 3945 488 3999 ln
505 3945 600 4000 Notat.
623 3947 659 4000 ad
676 3946 820 4016 Martyrol.
837 3947 916 4002 Rom.
957 3947 979 4015 ὅ)
996 3947 1069 4004 Hist.
1093 3948 1163 4002 eccl.
1184 3947 1232 4002 lib.
1247 3941 1321 4008 XVII,

256 4043 300 4095 cp.
313 4028 354 4080 28.
386 4027 406 4093 ἵ)
419 4027 451 4080 ln
466 4027 594 4083 chronic.
606 4029 645 4082 ad
660 4047 763 4085 annum
777 4031 838 4098 5423
856 4030 930 4099 apud
944 4029 1137 4085 colvenerium
1155 4031 1173 4085 l.
1186 4047 1210 4085 e.
1222 4045 1280 4098 pag.
1290 4025 1321 4078 96
1378 4107 1379 4110 ¹
