2782 4554
728 325 787 386 552

214 484 443 552 inflammatus.
494 487 586 551 Duae
618 485 720 568 ipsius
753 484 794 550 de
826 485 1087 568 desponsationis
1118 485 1306 552 festivitate

215 583 374 668 epistolae
395 590 527 660 exstant
548 597 622 650 cum
647 584 750 651 officio
772 606 833 668 pro
854 584 916 650 hac
938 584 1204 669 festivitateper
1230 607 1308 652 eum

216 683 405 768 composito.
442 682 583 766 „Nostro
602 683 742 763 saeculo,
762 683 870 767 inquit
893 683 1168 764 colvenerius,
1185 683 1308 750 Petrus

215 783 360 872 duratus
393 782 517 849 ordinis
545 782 813 848 Praedicatorum
845 783 937 848 aliud
965 783 1230 866 desponsationis
1260 783 1310 850 of·

215 880 325 946 ficium
346 883 529 965 composuit
557 886 592 947 et
611 882 778 948 Paulum
796 881 865 948 III.
895 903 981 948 anno
1005 888 1085 948 1546
1113 883 1223 949 literis
1242 885 1308 950 sol·

216 981 371 1060 licitavit‚
405 987 444 1046 ut
475 982 510 1046 id
542 1003 601 1047 sua
632 982 831 1047 auctoritate
863 981 1047 1064 approbare
1080 982 1305 1066 dignaretur.“

216 1078 447 1144 verisimiliter
467 1079 620 1145 Pontifex
647 1081 737 1146 hisce
766 1081 883 1146 annuit
909 1081 1078 1164 precibus3
1115 1086 1306 1147 ann01537
1387 1141 1388 1152 2

218 1179 304 1244 enim
321 1178 409 1244 idem
424 1178 545 1244 Paulus
559 1181 628 1263 jam
643 1181 763 1246 Joanni
780 1180 889 1259 Calvo,
905 1181 1135 1246 Commissario
1151 1181 1308 1245 Fratrum

218 1277 389 1356 Minorum‚
410 1278 482 1348 viva
502 1300 580 1344 voce
602 1287 825 1359 concesserat,
856 1279 944 1362 quod
966 1279 1230 1362 desponsationis
1259 1278 1307 1343 of-

218 1375 328 1442 ficium
362 1399 383 1443 a
414 1378 586 1444 Fratribus
622 1386 656 1445 et
686 1380 886 1446 Monialibus
922 1379 1067 1463 ejusdem
1103 1378 1236 1444 Ordinis
1274 1384 1309 1442 et

219 1476 385 1542 sororibus
414 1477 474 1542 sub
504 1499 617 1542 eorum
645 1500 724 1543 cura
756 1478 949 1562 degentibus
970 1499 1030 1562 per
1057 1484 1168 1543 totum
1196 1477 1310 1542 orbem

221 1575 272 1639 die
308 1576 448 1658 septima
481 1577 595 1643 Martii
629 1578 689 1642 sub
726 1579 793 1643 ritu
832 1577 956 1660 duplici
990 1576 1107 1660 majori
1147 1575 1310 1642 celebrari
1387 1613 1388 1660 p

220 1680 339 1756 posset.
383 1674 523 1756 „Utrum
551 1681 662 1742 autem
690 1675 831 1742 officium
851 1676 949 1755 illud,
978 1675 1095 1740 scribit
1115 1674 1310 1740 Benedic·
1387 1663 1388 1684 ¹

128 1771 131 1779 ’
220 1779 285 1838 tus
307 1773 413 1853 XIV.,
423 1774 447 1856 ¹)
480 1775 523 1840 ad
550 1776 767 1840 universalem
788 1775 968 1840 Ecclesiam
995 1781 1168 1840 extensum
1196 1772 1310 1851 fuerit,

104 1905 106 1909 ·
221 1877 398 1955 antequam
418 1871 624 1940 Breviarium
642 1873 826 1940 Romanum
846 1872 1062 1939 reformatum
1083 1879 1181 1951 esset,
1203 1893 1312 1956 neque

221 1991 341 2052 negare
368 1992 556 2053 possumus,
584 1993 691 2055 neque
720 1971 889 2038 affirmare.
939 1972 1026 2037 Illud
1055 1993 1095 2036 ex
1125 1993 1150 2036 s.
1172 1971 1313 2036 Rituum

223 2068 490 2152 Congregationis
518 2071 656 2154 regestis
685 2077 839 2155 apparet,
868 2078 945 2154 post
965 2070 1125 2135 Breviarii
1151 2069 1314 2135 reforma-

222 2167 329 2232 tiones
350 2169 499 2251 pluribus
520 2169 676 2235 Ecclesiis
703 2170 792 2234 intra
813 2169 944 2236 ltaliam
973 2176 1007 2235 et
1029 2176 1123 2234 extra
1144 2169 1312 2234 recitandi

223 2267 292 2350 ejus
314 2266 409 2332 officii
428 2267 623 2334 facultatem
652 2289 722 2334 ease
748 2288 950 2345 concessam,
979 2273 1079 2350 atque
1101 2267 1137 2331 in
1159 2267 1315 2332 omnibns
1387 2317 1388 2352 3

222 2366 464 2432 ecclesiasticae
492 2367 626 2433 ditionis
648 2366 835 2450 regionibus
862 2367 996 2432 recitari
1023 2387 1063 2430 ex
1091 2365 1222 2431 indulto
1249 2366 1314 2432 Be·
1387 2357 1388 2380 ¹

223 2465 349 2532 nedioti
368 2465 456 2531 XIII.
479 2466 532 2532 die
554 2471 603 2531 22.
626 2466 767 2550 Augusti
790 2466 901 2530 1725]ί

285 2569 313 2628 2.
348 2564 397 2631 De
424 2563 522 2629 anni
548 2571 753 2648 tempore,
784 2585 848 2648 quo
870 2561 1059 2633 beatissima
1080 2563 1326 2647 Virgo-adom

224 2664 325 2748 sepho
359 2663 484 2729 sociata
516 2671 566 2729 est
595 2664 759 2748 conjugio,
792 2662 908 2728 scribit
934 2662 1087 2727 Petrus
1118 2661 1314 2728 Auratus

222 2765 291 2848 jam
312 2786 411 2848 supra
431 2764 596 2844 laudatus,
626 2764 687 2830 hoc
708 2763 833 2828 factum
855 2783 925 2828 esse
947 2762 1000 2826 die
1029 2765 1079 2826 22.
1101 2761 1154 2826 vel
1182 2766 1232 2828 23.
1256 2763 1315 2828 Ja-

225 2865 333 2931 nuarii
364 2866 384 2929 i.
414 2886 441 2929 e.
474 2863 601 2929 duobus
629 2862 794 2927 mensibus
826 2867 904 2927 ante
933 2859 1094 2947 Gabrielis
1122 2860 1314 2940 adventurn,
1387 2907 1388 2918 η

226 2987 323 3050 quem
343 2964 558 3048 praecessisse
585 2961 884 3026 demonstravimus.
929 2959 1177 3041 cedrenum)
1208 2960 1315 3024 anim-
1387 2953 1388 2970 ¹

226 3063 382 3143 advertit,
415 3061 446 3127 b.
476 3062 644 3145 Virginem
675 3081 732 3126 sex
763 3059 929 3125 mensibus
960 3065 1036 3143 post
1067 3059 1315 3125 matrimonium

227 3165 344 3229 initum
366 3185 387 3228 a
403 3161 555 3229 Gabriele
576 3161 700 3228 laetum
722 3159 762 3225 de
783 3159 897 3225 muudi
918 3158 1024 3225 salute
1045 3159 1209 3241 accepisse
1229 3179 1315 3224 nun·
1387 3173 1388 3188 ¹

227 3263 311 3328 tium
339 3268 372 3326 et
392 3262 529 3343 proinde
550 3262 689 3328 totidem
715 3261 880 3326 mensibus
902 3259 1198 3345 Desponsationem
1217 3280 1314 3343 prae-

229 3362 371 3427 cessisse.
421 3361 543 3426 Verum
572 3368 740 3444 tamquam
771 3359 952 3443 antiquiori
979 3359 1081 3442 magis
1113 3358 1315 3426 credendum

228 3460 358 3526 videtur
393 3460 566 3540 Evodio,
601 3460 641 3534 in
676 3461 769 3542 cujus
807 3459 947 3542 epistola
955 3459 982 3541 3)
1021 3459 1103 3524 haec
1140 3457 1312 3542 leguntur:

230 3558 394 3642 „Trimula
416 3580 516 3640 quum
538 3564 624 3624 esset
652 3557 688 3622 B.
710 3557 825 3636 Maria,
854 3557 890 3621 in
909 3557 1070 3640 templum
1090 3562 1142 3621 est
1161 3575 1314 3640 praesen·

229 3664 302 3723 tata
324 3661 358 3721 et
378 3656 426 3720 ibi
446 3657 480 3720 in
502 3657 623 3722 sanctis
650 3661 838 3721 sanctorum
858 3655 1008 3721 traduxit
1028 3675 1130 3720 annos
1150 3653 1311 3720 undecim.

230 3809 425 3819 ...----

299 3890 318 3951 ¹)
336 3888 378 3942 De
395 3887 474 3942 festis
490 3887 521 3942 B.
534 3885 571 3941 M.
583 3885 708 3956 Virginis
724 3902 768 3955 cp.
782 3877 804 3953 t
821 3903 848 3942 n.
862 3887 903 3942 14.
935 3885 956 3952 ²)
973 3885 1019 3940 sd
1035 3901 1139 3940 annum
1154 3885 1188 3939 43
1201 3881 1312 3952 imperii

231 3970 349 4036 August.
380 3969 401 4036 ³)
419 3969 502 4038 Apud
518 3967 708 4037 Nicephorum
723 3968 774 4024 lib.
791 3969 826 4036 ll,
844 3984 887 4037 cp.
904 3971 920 4024 3
937 3967 1001 4023 hist.
1019 3967 1088 4023 eccl.
