2730 4564
543 390 581 448 95

39 555 210 632 reddense
232 549 315 615 coeli
336 547 440 630 gloria
461 548 613 631 cuiquam
630 551 679 614 rei
700 551 836 617 similior
857 555 928 620 erit.
962 556 1105 626 Climaco

38 653 185 718 consentit
205 647 394 733 planissime
416 648 446 711 d.
470 647 659 712 Basilius:
692 650 831 734 ,Magna
854 660 904 719 111
925 655 1102 738 virginitas,

37 753 177 834 inquit,¹)
217 768 301 832 quae
331 747 497 811 hominem
528 747 770 831 incorruptibili
803 750 872 815 Deo
905 753 1104 820 simillimum

37 853 109 916 11111.
167 849 223 915 Sic
258 846 363 910 fidelis
401 846 510 910 anima
546 847 768 930 virginitatem
807 869 899 913 suam
937 852 978 916 ab
1018 854 1106 918 omni

36 950 170 1014 sordidae
208 945 418 1029 cogitationis
451 946 525 1010 labe
558 968 673 1028 puram
709 948 1016 1035 immaculatamque
1051 974 1105 1018 cu-

36 1050 177 1127 stodiens,
213 1046 257 1110 ad
287 1045 321 1108 id
352 1044 556 1127 provehitur,
589 1052 627 1111 ut
659 1046 905 1112 similitudinem
937 1050 1105 1135 incorrup-

35 1149 119 1212 tibilis
140 1146 205 1211 Dei
233 1145 267 1208 in
294 1165 329 1208 se
356 1144 445 1209 velut
470 1144 505 1207 in
531 1145 662 1226 speculo
684 1142 910 1227 mundissimo,
940 1150 1011 1232 ipso
1036 1151 1104 1234 jam

34 1248 130 1327 gratiis
148 1244 220 1310 suis
236 1243 418 1308 suavissimi
435 1241 521 1307 radii
536 1243 571 1306 in
586 1265 710 1308 morem
725 1245 774 1310 illi
789 1244 947 1313 influente
964 1251 1106 1332 speciem

35 1354 60 1409 et
81 1346 214 1410 laudem
242 1364 336 1407 suam
363 1344 612 1435 consequatur.“
654 1343 763 1426 Atque
789 1345 870 1410 haec
893 1347 934 1410 de
955 1348 1106 1430 pulcher-

35 1445 119 1509 rimae
137 1443 232 1507 illius
252 1441 384 1506 virtutis
408 1441 562 1506 encomiis
579 1447 618 1521 11
635 1442 790 1525 epithetis
815 1444 934 1510 dixisse
956 1448 1103 1515 sufficiat.
1135 1499 1137 1503 -

83 1543 170 1620 Quae
199 1541 230 1605 si
256 1561 335 1623 prae
363 1539 657 1619 111111111111111,
685 1541 840 1607 facillime
862 1547 1107 1628 comprehendi·

34 1664 99 1720 nus,
122 1662 227 1724 quare
254 1640 524 1721 Imperatores
552 1641 746 1705 catholici
774 1641 889 1707 edictis
917 1651 950 1708 et
971 1647 1106 1711 statutis

34 1742 86 1804 suis
111 1741 190 1805 tuiti
221 1739 289 1804 sint
314 1739 455 1821 virgines
482 1759 520 1802 ac
547 1741 727 1822 generatim
755 1746 878 1806 statum
905 1743 1104 1826 virginalem,

35 1842 140 1919 eodem,
163 1847 205 1904 ut
227 1839 277 1903 ita
298 1837 412 1916 dicam,
435 1838 508 1902 sinu
534 1846 734 1922 conceptum,
759 1862 823 1923 quo
845 1841 914 1924 ipse
937 1842 998 1906 Dei
1018 1843 1115 1909 filius

35 1944 245 2021 assumpserat
277 1958 415 2002 carnem.
466 1937 653 2019 ,Jovianua
687 1938 795 2022 inquit
824 1940 1103 2025 Sozomenus,2)

34 2038 168 2117 generale
202 2037 295 2101 misit
324 2036 482 2114 edictum,
515 2056 578 2119 quo
605 2036 759 2118 jubebat,
792 2045 830 2103 ut
859 2039 916 2122 qui
944 2047 1107 2106 sacratam

34 2137 174 2220 virginem
197 2136 252 2200 vel
273 2135 316 2200 ad
336 2135 469 2217 nuptias
494 2135 733 2200 contrahendas
754 2136 908 2218 pellicere
930 2147 1109 2204 conaretur

35 2236 74 2298 rel
88 2237 208 2300 lascivo
232 2235 337 2299 solum
353 2233 472 2298 obtutu
485 2233 654 2316 aspiceret,
672 2235 810 2300 maxime
833 2237 985 2317 omnium,
1004 2239 1032 2303 si
1046 2261 1106 2322 per
1142 2289 1145 2297 .

36 2334 86 2398 iim
102 2357 224 2418 rapere
245 2339 404 2410 tentaret,
438 2333 554 2415 capitis
575 2333 734 2416 supplicio
756 2335 1003 2400 1111111111111.α
1044 2339 1064 2404 J
1070 2361 1109 2403 u-

36 2435 226 2498 stinianus
252 2433 448 2514 Imperator:
482 2433 677 2514 ,Raptorem
701 2433 817 2516 inquit,
825 2436 851 2517 ³)
873 2436 1034 2518 virginum
1055 2438 1106 2502 vel

35 2532 189 2598 viduarum
212 2531 265 2596 rel
286 2531 550 2609 diaconissarum,
581 2553 664 2614 quae
687 2532 756 2596 Deo
778 2532 904 2598 fuerint
925 2533 1106 2614 dedicatae,

36 2633 158 2711 pessima
181 2631 357 2696 criminum
378 2636 565 2711 peccantes,
595 2630 712 2712 capitis
734 2633 894 2715 supplicio
915 2633 1109 2716 plectendos

35 2751 91 2795 esse
125 2729 365 2795 (1111111111.α
418 2728 597 2793 Audiamus
635 2730 750 2808 etiam,
790 2753 873 2814 quae
908 2733 1108 2798 Eusebius

35 2830 300 2896 Caesariensis
327 2828 480 2893 retulerit
508 2829 547 2893 de
569 2850 686 2911 magno
712 2830 936 2922 Constantino.
981 2833 1107 2915 ,Impe-

35 2936 123 3009 rator,
156 2929 326 3011 scribit,4)
361 2928 510 2992 maximis
543 2950 597 2992 eos
629 2929 807 2994 honoribus
835 2930 1104 3013 prosequebatur,

36 3030 79 3108 qui
102 3031 206 3094 vitam
234 3049 327 3092 suam
353 3028 488 3092 coelesti
508 3027 733 3110 philosophiae
761 3029 981 3093 dedicassent:
1014 3052 1109 3094 sanc-¹

35 3127 181 3194 tissimum
211 3149 287 3210 ergo
314 3133 547 3209 perpetuarum
573 3127 734 3209 virginum
761 3134 890 3192 coetum
918 3135 1109 3194 constanter

36 3227 162 3306 colebat,
195 3225 284 3310 quod
313 3225 347 3288 in
374 3247 486 3288 earum
514 3226 679 3312 mentibus
707 3226 812 3290 Deum
840 3227 961 3310 ipsum,
992 3227 1044 3291 cui
1071 3249 1106 3292 se

36 3333 260 3404 consecrarant,
284 3324 470 3389 inhabitare
493 3324 672 3388 11111111.α

84 3427 218 3491 Nullum
246 3423 395 3508 profecto
425 3423 537 3488 existit
566 3422 710 3487 divinum
735 3423 916 3502 oraculum,
947 3423 990 3487 ad
1019 3424 1107 3506 quod
1171 3473 1173 3477 -

36 3523 224 3606 inplendum
255 3523 405 3587 diabolus
433 3522 535 3604 magis
564 3522 758 3601 elaboravit,
789 3545 887 3606 quam
915 3522 1011 3601 illud,
1042 3544 1106 3606 quo

34 3626 226 3701 praedictum
258 3621 382 3701 fuerat,
418 3626 604 3703 serpentem
635 3623 833 3704 virginitatis
865 3621 1039 3703 signiferae
1073 3629 1108 3686 et

34 3725 196 3806 magistrae
216 3721 369 3787 calcaneo
387 3720 625 3784 insidiaturum.
654 3720 1107 3801 1111111111111111111111111

37 3876 219 3887 *Q*-

89 3959 107 4025 ¹)
127 3958 190 4012 Lib.
215 3958 250 4011 de
272 3955 378 4024 Virgin.
421 3952 593 4020 2)11111.111,
618 3968 661 4020 cp.
684 3956 708 4006 3.
750 3954 770 4019 3)
792 3951 823 4006 L.
845 3953 982 4019 Raptores
1006 3969 1048 4020 cp.
1070 3949 1108 4005 de

35 4037 167 4110 Episcopis
186 4044 217 4093 11
234 4037 355 4094 clericis.
390 4039 410 4104 ⁴)
428 4036 534 4091 Invita
552 4035 725 4090 Constantini
743 4033 791 4089 lib.
808 4035 858 4102 lV,
877 4051 920 4103 cp.
937 4037 976 4088 28.

1283 2669 1292 2695 0
