<?xml version="1.0" encoding="UTF-8"?>
<!DOCTYPE html PUBLIC "-//W3C//DTD XHTML 1.0 Transitional//EN"
    "http://www.w3.org/TR/xhtml1/DTD/xhtml1-transitional.dtd">
<html xmlns="http://www.w3.org/1999/xhtml" xml:lang="en" lang="en">
 <head>
  <title>
</title>
<meta http-equiv="Content-Type" content="text/html;charset=utf-8" />
  <meta name='ocr-system' content='tesseract 3.04.00' />
  <meta name='ocr-capabilities' content='ocr_page ocr_carea ocr_par ocr_line ocrx_word'/>
</head>
<body>
  <div class='ocr_page' id='page_1' title='image "./mariologiaseupo00stamgoog_0489.png"; bbox 0 0 2728 4554; ppageno 0'>
   <div class='ocr_carea' id='block_1_1' title="bbox 506 388 567 448">
    <p class='ocr_par' dir='ltr' id='par_1_1' title="bbox 506 388 567 448">
     <span class='ocr_line' id='line_1_1' title="bbox 506 388 567 448; baseline 0.016 -1"><span class='ocrx_word' id='word_1_1' title='bbox 506 388 567 448; x_wconf 88' lang='grc'><strong>463</strong></span> 
     </span>
    </p>
   </div>
   <div class='ocr_carea' id='block_1_2' title="bbox 23 548 1078 637">
    <p class='ocr_par' dir='ltr' id='par_1_2' title="bbox 23 548 1078 637">
     <span class='ocr_line' id='line_1_2' title="bbox 23 548 1078 637; baseline 0.008 -27"><span class='ocrx_word' id='word_1_2' title='bbox 23 549 164 631; x_wconf 84' lang='lat' dir='ltr'><strong>aquiens:</strong></span> <span class='ocrx_word' id='word_1_3' title='bbox 178 550 203 631; x_wconf 86' lang='lat'><strong>¹)</strong></span> <span class='ocrx_word' id='word_1_4' title='bbox 244 549 423 632; x_wconf 74' lang='lat' dir='ltr'><strong>„Ordinato</strong></span> <span class='ocrx_word' id='word_1_5' title='bbox 454 548 564 613; x_wconf 82' lang='lat' dir='ltr'><strong>volens</strong></span> <span class='ocrx_word' id='word_1_6' title='bbox 595 548 686 631; x_wconf 85' lang='lat' dir='ltr'><strong>prius</strong></span> <span class='ocrx_word' id='word_1_7' title='bbox 725 549 795 615; x_wconf 90' lang='lat' dir='ltr'><strong>vult</strong></span> <span class='ocrx_word' id='word_1_8' title='bbox 825 550 938 632; x_wconf 87' lang='lat' dir='ltr'>finem,</span> <span class='ocrx_word' id='word_1_9' title='bbox 979 576 1078 637; x_wconf 90' lang='lat' dir='ltr'><strong>quam</strong></span> 
     </span>
    </p>
   </div>
   <div class='ocr_carea' id='block_1_3' title="bbox 23 647 1204 730">
    <p class='ocr_par' dir='ltr' id='par_1_3' title="bbox 23 647 1204 730">
     <span class='ocr_line' id='line_1_3' title="bbox 23 647 1204 730; baseline 0.007 -20"><span class='ocrx_word' id='word_1_10' title='bbox 23 648 137 712; x_wconf 83' lang='lat' dir='ltr'><strong>nodia.“</strong></span> <span class='ocrx_word' id='word_1_11' title='bbox 194 648 279 730; x_wconf 87' lang='lat' dir='ltr'><strong>Ergo</strong></span> <span class='ocrx_word' id='word_1_12' title='bbox 320 648 408 712; x_wconf 87' lang='lat' dir='ltr'><strong>Deus</strong></span> <span class='ocrx_word' id='word_1_13' title='bbox 449 647 692 712; x_wconf 83' lang='lat' dir='ltr'><strong>ordinatissima</strong></span> <span class='ocrx_word' id='word_1_14' title='bbox 729 648 897 716; x_wconf 89' lang='lat' dir='ltr'><strong>voluntate</strong></span> <span class='ocrx_word' id='word_1_15' title='bbox 935 652 1080 719; x_wconf 76' lang='lat' dir='ltr'><strong>intendit</strong></span> <span class='ocrx_word' id='word_1_16' title='bbox 1201 697 1204 704; x_wconf 91' lang='lat'>-</span> 
     </span>
    </p>
   </div>
   <div class='ocr_carea' id='block_1_4' title="bbox 18 746 1079 3108">
    <p class='ocr_par' dir='ltr' id='par_1_4' title="bbox 22 746 1079 1026">
     <span class='ocr_line' id='line_1_4' title="bbox 23 746 1078 829; baseline 0.007 -19"><span class='ocrx_word' id='word_1_17' title='bbox 23 747 131 811; x_wconf 88' lang='lat' dir='ltr'><strong>lecreto</strong></span> <span class='ocrx_word' id='word_1_18' title='bbox 165 769 224 811; x_wconf 84' lang='lat' dir='ltr'><strong>suo</strong></span> <span class='ocrx_word' id='word_1_19' title='bbox 255 747 285 811; x_wconf 92' lang='lat' dir='ltr'><strong>b.</strong></span> <span class='ocrx_word' id='word_1_20' title='bbox 318 746 445 829; x_wconf 84' lang='lat' dir='ltr'><strong>Virgini</strong></span> <span class='ocrx_word' id='word_1_21' title='bbox 478 747 569 829; x_wconf 85' lang='lat' dir='ltr'><strong>priua</strong></span> <span class='ocrx_word' id='word_1_22' title='bbox 599 747 844 814; x_wconf 87' lang='lat' dir='ltr'><strong>Matemitatem</strong></span> <span class='ocrx_word' id='word_1_23' title='bbox 880 757 914 815; x_wconf 91' lang='lat' dir='ltr'><strong>et</strong></span> <span class='ocrx_word' id='word_1_24' title='bbox 948 758 1078 816; x_wconf 90' lang='lat' dir='ltr'><strong>tantam</strong></span> 
     </span>
     <span class='ocr_line' id='line_1_5' title="bbox 22 838 1079 933; baseline 0 -25"><span class='ocrx_word' id='word_1_25' title='bbox 22 846 135 926; x_wconf 75' lang='lat' dir='ltr'><strong>gloriam</strong></span> <span class='ocrx_word' id='word_1_26' title='bbox 161 838 343 910; x_wconf 84' lang='lat' dir='ltr'><strong>concedere</strong></span> <span class='ocrx_word' id='word_1_27' title='bbox 360 851 527 928; x_wconf 80' lang='lat' dir='ltr'><strong>tamquam</strong></span> <span class='ocrx_word' id='word_1_28' title='bbox 553 845 659 924; x_wconf 88' lang='lat' dir='ltr'><strong>finem,</strong></span> <span class='ocrx_word' id='word_1_29' title='bbox 682 867 779 929; x_wconf 89' lang='lat' dir='ltr'><strong>quam</strong></span> <span class='ocrx_word' id='word_1_30' title='bbox 806 849 984 914; x_wconf 86' lang='lat' dir='ltr'><strong>intenderit</strong></span> <span class='ocrx_word' id='word_1_31' title='bbox 1005 850 1079 933; x_wconf 83' lang='lat' dir='ltr'><strong>ipsa.</strong></span> 
     </span>
     <span class='ocr_line' id='line_1_6' title="bbox 22 944 382 1026; baseline 0.011 -22"><span class='ocrx_word' id='word_1_32' title='bbox 22 945 231 1026; x_wconf 86' lang='lat' dir='ltr'><strong>pecialissima</strong></span> <span class='ocrx_word' id='word_1_33' title='bbox 251 944 382 1010; x_wconf 85' lang='lat' dir='ltr'><strong>auxilia.</strong></span> 
     </span>
    </p>

    <p class='ocr_par' dir='ltr' id='par_1_5' title="bbox 20 1043 1077 1623">
     <span class='ocr_line' id='line_1_7' title="bbox 63 1043 1076 1127; baseline 0.004 -20"><span class='ocrx_word' id='word_1_34' title='bbox 63 1044 114 1122; x_wconf 73' lang='lat' dir='ltr'><strong>Aa,</strong></span> <span class='ocrx_word' id='word_1_35' title='bbox 142 1044 280 1127; x_wconf 64' lang='lat' dir='ltr'><strong>inquieto,</strong></span> <span class='ocrx_word' id='word_1_36' title='bbox 310 1066 349 1108; x_wconf 86' lang='lat' dir='ltr'><strong>ss.</strong></span> <span class='ocrx_word' id='word_1_37' title='bbox 372 1043 487 1108; x_wconf 86' lang='lat' dir='ltr'><strong>Patres</strong></span> <span class='ocrx_word' id='word_1_38' title='bbox 515 1043 545 1106; x_wconf 91' lang='lat' dir='ltr'><strong>b.</strong></span> <span class='ocrx_word' id='word_1_39' title='bbox 567 1043 694 1126; x_wconf 82' lang='lat' dir='ltr'><strong>Virgini</strong></span> <span class='ocrx_word' id='word_1_40' title='bbox 714 1045 868 1109; x_wconf 91' lang='lat' dir='ltr'><strong>meritum</strong></span> <span class='ocrx_word' id='word_1_41' title='bbox 888 1046 1076 1112; x_wconf 90' lang='lat' dir='ltr'><strong>attribuunt</strong></span> 
     </span>
     <span class='ocr_line' id='line_1_8' title="bbox 22 1141 1076 1225; baseline 0.006 -21"><span class='ocrx_word' id='word_1_42' title='bbox 22 1141 103 1206; x_wconf 81' lang='lat' dir='ltr'><strong>elate</strong></span> <span class='ocrx_word' id='word_1_43' title='bbox 139 1143 181 1208; x_wconf 92' lang='lat' dir='ltr'><strong>ad</strong></span> <span class='ocrx_word' id='word_1_44' title='bbox 215 1142 461 1207; x_wconf 87' lang='lat' dir='ltr'><strong>Matemitatem</strong></span> <span class='ocrx_word' id='word_1_45' title='bbox 496 1142 567 1206; x_wconf 92' lang='lat' dir='ltr'><strong>Dei.</strong></span> <span class='ocrx_word' id='word_1_46' title='bbox 623 1143 708 1224; x_wconf 89' lang='lat' dir='ltr'><strong>Ergo</strong></span> <span class='ocrx_word' id='word_1_47' title='bbox 744 1143 999 1225; x_wconf 75' lang='lat' dir='ltr'><strong>praedestinatio</strong></span> <span class='ocrx_word' id='word_1_48' title='bbox 1033 1145 1076 1210; x_wconf 91' lang='lat' dir='ltr'><strong>ad</strong></span> 
     </span>
     <span class='ocr_line' id='line_1_9' title="bbox 21 1241 1077 1328; baseline 0.008 -26"><span class='ocrx_word' id='word_1_49' title='bbox 21 1263 81 1304; x_wconf 73' lang='lat' dir='ltr'><strong>iano</strong></span> <span class='ocrx_word' id='word_1_50' title='bbox 103 1241 295 1323; x_wconf 88' lang='lat' dir='ltr'><strong>dignitatem</strong></span> <span class='ocrx_word' id='word_1_51' title='bbox 317 1241 521 1324; x_wconf 76' lang='lat' dir='ltr'><strong>dependebat</strong></span> <span class='ocrx_word' id='word_1_52' title='bbox 539 1263 559 1305; x_wconf 93' lang='lat' dir='ltr'><strong>a</strong></span> <span class='ocrx_word' id='word_1_53' title='bbox 579 1242 704 1306; x_wconf 84' lang='lat' dir='ltr'><strong>meritis</strong></span> <span class='ocrx_word' id='word_1_54' title='bbox 725 1242 855 1326; x_wconf 87' lang='lat' dir='ltr'><strong>illisque</strong></span> <span class='ocrx_word' id='word_1_55' title='bbox 877 1251 949 1310; x_wconf 90' lang='lat' dir='ltr'><strong>erat</strong></span> <span class='ocrx_word' id='word_1_56' title='bbox 968 1251 1077 1328; x_wconf 84' lang='lat' dir='ltr'><strong>poste·</strong></span> 
     </span>
     <span class='ocr_line' id='line_1_10' title="bbox 21 1339 1076 1424; baseline 0.007 -23"><span class='ocrx_word' id='word_1_57' title='bbox 21 1339 80 1402; x_wconf 85' lang='lat' dir='ltr'><strong>ior!</strong></span> <span class='ocrx_word' id='word_1_58' title='bbox 108 1339 214 1420; x_wconf 79' lang='lat' dir='ltr'><strong>„Talis</strong></span> <span class='ocrx_word' id='word_1_59' title='bbox 237 1340 368 1423; x_wconf 90' lang='lat' dir='ltr'><strong>eligitur</strong></span> <span class='ocrx_word' id='word_1_60' title='bbox 387 1340 487 1424; x_wconf 89' lang='lat' dir='ltr'><strong>Virgo</strong></span> <span class='ocrx_word' id='word_1_61' title='bbox 509 1341 549 1404; x_wconf 89' lang='lat' dir='ltr'><strong>de</strong></span> <span class='ocrx_word' id='word_1_62' title='bbox 571 1347 641 1405; x_wconf 91' lang='lat' dir='ltr'><strong>toto</strong></span> <span class='ocrx_word' id='word_1_63' title='bbox 664 1341 793 1420; x_wconf 86' lang='lat' dir='ltr'><strong>mundo,</strong></span> <span class='ocrx_word' id='word_1_64' title='bbox 818 1343 932 1408; x_wconf 86' lang='lat' dir='ltr'><strong>scribit</strong></span> <span class='ocrx_word' id='word_1_65' title='bbox 953 1343 982 1407; x_wconf 93' lang='lat' dir='ltr'><strong>d.</strong></span> <span class='ocrx_word' id='word_1_66' title='bbox 1005 1345 1076 1407; x_wconf 86' lang='lat' dir='ltr'><strong>Au·</strong></span> 
     </span>
     <span class='ocr_line' id='line_1_11' title="bbox 21 1439 1076 1523; baseline 0.006 -22"><span class='ocrx_word' id='word_1_67' title='bbox 21 1439 232 1521; x_wconf 55' lang='lat' dir='ltr'><strong>:ustinuab</strong></span> <span class='ocrx_word' id='word_1_68' title='bbox 261 1461 344 1523; x_wconf 90' lang='lat' dir='ltr'><strong>quae</strong></span> <span class='ocrx_word' id='word_1_69' title='bbox 373 1446 502 1505; x_wconf 89' lang='lat' dir='ltr'><strong>tantum</strong></span> <span class='ocrx_word' id='word_1_70' title='bbox 528 1439 667 1504; x_wconf 88' lang='lat' dir='ltr'><strong>haberet</strong></span> <span class='ocrx_word' id='word_1_71' title='bbox 693 1441 861 1520; x_wconf 87' lang='lat' dir='ltr'><strong>meritum,</strong></span> <span class='ocrx_word' id='word_1_72' title='bbox 892 1449 930 1506; x_wconf 92' lang='lat' dir='ltr'><strong>ut</strong></span> <span class='ocrx_word' id='word_1_73' title='bbox 957 1442 1076 1507; x_wconf 87' lang='lat' dir='ltr'><strong>Filium</strong></span> 
     </span>
     <span class='ocr_line' id='line_1_12' title="bbox 20 1539 574 1623; baseline 0.007 -23"><span class='ocrx_word' id='word_1_74' title='bbox 20 1539 61 1601; x_wconf 74' lang='lat' dir='ltr'><strong>Jei</strong></span> <span class='ocrx_word' id='word_1_75' title='bbox 81 1539 115 1602; x_wconf 93' lang='lat' dir='ltr'><strong>in</strong></span> <span class='ocrx_word' id='word_1_76' title='bbox 136 1539 343 1622; x_wconf 84' lang='lat' dir='ltr'><strong>semetipsam</strong></span> <span class='ocrx_word' id='word_1_77' title='bbox 364 1540 574 1623; x_wconf 76' lang='lat' dir='ltr'><strong>susciperet.“</strong></span> 
     </span>
    </p>

    <p class='ocr_par' dir='ltr' id='par_1_6' title="bbox 18 1628 1079 3108">
     <span class='ocr_line' id='line_1_13' title="bbox 60 1628 1078 1722; baseline 0.003 -22"><span class='ocrx_word' id='word_1_78' title='bbox 60 1636 253 1702; x_wconf 84' lang='lat' dir='ltr'><strong>Nullatenns</strong></span> <span class='ocrx_word' id='word_1_79' title='bbox 274 1659 428 1720; x_wconf 83' lang='lat' dir='ltr'><strong>negamus</strong></span> <span class='ocrx_word' id='word_1_80' title='bbox 448 1640 602 1703; x_wconf 90' lang='lat' dir='ltr'><strong>meritum</strong></span> <span class='ocrx_word' id='word_1_81' title='bbox 626 1639 668 1703; x_wconf 92' lang='lat' dir='ltr'><strong>ad</strong></span> <span class='ocrx_word' id='word_1_82' title='bbox 689 1638 932 1703; x_wconf 87' lang='lat' dir='ltr'><strong>maternitatem</strong></span> <span class='ocrx_word' id='word_1_83' title='bbox 955 1645 988 1703; x_wconf 89' lang='lat' dir='ltr'><strong>et</strong></span> <span class='ocrx_word' id='word_1_84' title='bbox 1007 1628 1078 1722; x_wconf 85' lang='lat' dir='ltr'><strong>¹glo-</strong></span> 
     </span>
     <span class='ocr_line' id='line_1_14' title="bbox 21 1736 1078 1819; baseline 0.003 -20"><span class='ocrx_word' id='word_1_85' title='bbox 21 1737 89 1815; x_wconf 90' lang='lat' dir='ltr'><strong>iam,</strong></span> <span class='ocrx_word' id='word_1_86' title='bbox 112 1744 211 1819; x_wconf 90' lang='lat' dir='ltr'><strong>prout</strong></span> <span class='ocrx_word' id='word_1_87' title='bbox 232 1738 265 1801; x_wconf 92' lang='lat' dir='ltr'><strong>in</strong></span> <span class='ocrx_word' id='word_1_88' title='bbox 294 1740 552 1804; x_wconf 86' lang='lat' dir='ltr'><strong>exsecutione</strong></span> <span class='ocrx_word' id='word_1_89' title='bbox 581 1737 730 1816; x_wconf 90' lang='lat' dir='ltr'><strong>dandam,</strong></span> <span class='ocrx_word' id='word_1_90' title='bbox 753 1736 810 1802; x_wconf 89' lang='lat' dir='ltr'><strong>sed</strong></span> <span class='ocrx_word' id='word_1_91' title='bbox 831 1744 959 1802; x_wconf 89' lang='lat' dir='ltr'><strong>tantum</strong></span> <span class='ocrx_word' id='word_1_92' title='bbox 981 1738 1078 1802; x_wconf 88' lang='lat' dir='ltr'><strong>meri-</strong></span> 
     </span>
     <span class='ocr_line' id='line_1_15' title="bbox 20 1836 1076 1920; baseline 0.002 -20"><span class='ocrx_word' id='word_1_93' title='bbox 20 1859 67 1900; x_wconf 88' lang='lat' dir='ltr'><strong>um</strong></span> <span class='ocrx_word' id='word_1_94' title='bbox 97 1837 140 1900; x_wconf 91' lang='lat' dir='ltr'><strong>ad</strong></span> <span class='ocrx_word' id='word_1_95' title='bbox 167 1837 305 1919; x_wconf 90' lang='lat' dir='ltr'><strong>primam</strong></span> <span class='ocrx_word' id='word_1_96' title='bbox 335 1844 368 1902; x_wconf 92' lang='lat' dir='ltr'><strong>et</strong></span> <span class='ocrx_word' id='word_1_97' title='bbox 398 1837 557 1902; x_wconf 87' lang='lat' dir='ltr'><strong>efficacem</strong></span> <span class='ocrx_word' id='word_1_98' title='bbox 584 1838 850 1902; x_wconf 88' lang='lat' dir='ltr'><strong>intentionem</strong></span> <span class='ocrx_word' id='word_1_99' title='bbox 878 1836 979 1920; x_wconf 88' lang='lat' dir='ltr'><strong>ipsius</strong></span> <span class='ocrx_word' id='word_1_100' title='bbox 1008 1860 1076 1902; x_wconf 88' lang='lat' dir='ltr'><strong>ma·</strong></span> 
     </span>
     <span class='ocr_line' id='line_1_16' title="bbox 19 1935 1075 2019; baseline 0.004 -22"><span class='ocrx_word' id='word_1_101' title='bbox 19 1937 164 2000; x_wconf 88' lang='lat' dir='ltr'><strong>ernitatis</strong></span> <span class='ocrx_word' id='word_1_102' title='bbox 192 1936 267 2014; x_wconf 86' lang='lat' dir='ltr'><strong>Dei,</strong></span> <span class='ocrx_word' id='word_1_103' title='bbox 300 1942 334 2001; x_wconf 91' lang='lat' dir='ltr'><strong>et</strong></span> <span class='ocrx_word' id='word_1_104' title='bbox 362 1942 475 2001; x_wconf 88' lang='lat' dir='ltr'><strong>tantae</strong></span> <span class='ocrx_word' id='word_1_105' title='bbox 504 1936 625 2018; x_wconf 88' lang='lat' dir='ltr'><strong>gloriae</strong></span> <span class='ocrx_word' id='word_1_106' title='bbox 653 1943 752 2019; x_wconf 92' lang='lat' dir='ltr'><strong>prout</strong></span> <span class='ocrx_word' id='word_1_107' title='bbox 783 1936 813 1999; x_wconf 89' lang='lat' dir='ltr'><strong>b.</strong></span> <span class='ocrx_word' id='word_1_108' title='bbox 843 1935 969 2018; x_wconf 84' lang='lat' dir='ltr'><strong>Virgini</strong></span> <span class='ocrx_word' id='word_1_109' title='bbox 996 1958 1075 2018; x_wconf 91' lang='lat' dir='ltr'><strong>prae</strong></span> 
     </span>
     <span class='ocr_line' id='line_1_17' title="bbox 19 2034 1079 2117; baseline 0.002 -21"><span class='ocrx_word' id='word_1_110' title='bbox 19 2034 69 2099; x_wconf 80' lang='lat' dir='ltr'><strong>iiia</strong></span> <span class='ocrx_word' id='word_1_111' title='bbox 102 2035 341 2100; x_wconf 89' lang='lat' dir='ltr'><strong>attribuendae.</strong></span> <span class='ocrx_word' id='word_1_112' title='bbox 391 2036 545 2100; x_wconf 87' lang='lat' dir='ltr'><strong>Fatemur</strong></span> <span class='ocrx_word' id='word_1_113' title='bbox 576 2035 677 2113; x_wconf 88' lang='lat' dir='ltr'><strong>enim,</strong></span> <span class='ocrx_word' id='word_1_114' title='bbox 716 2034 804 2117; x_wconf 89' lang='lat' dir='ltr'><strong>quod</strong></span> <span class='ocrx_word' id='word_1_115' title='bbox 832 2034 920 2099; x_wconf 87' lang='lat' dir='ltr'><strong>Deus</strong></span> <span class='ocrx_word' id='word_1_116' title='bbox 952 2035 1079 2116; x_wconf 83' lang='lat' dir='ltr'><strong>specia-</strong></span> 
     </span>
     <span class='ocr_line' id='line_1_18' title="bbox 19 2133 1075 2216; baseline 0.002 -21"><span class='ocrx_word' id='word_1_117' title='bbox 19 2133 121 2198; x_wconf 84' lang='lat' dir='ltr'><strong>issima</strong></span> <span class='ocrx_word' id='word_1_118' title='bbox 142 2135 267 2216; x_wconf 87' lang='lat' dir='ltr'><strong>gratiae</strong></span> <span class='ocrx_word' id='word_1_119' title='bbox 289 2134 411 2198; x_wconf 82' lang='lat' dir='ltr'><strong>auxilia</strong></span> <span class='ocrx_word' id='word_1_120' title='bbox 432 2133 549 2198; x_wconf 88' lang='lat' dir='ltr'><strong>beatae</strong></span> <span class='ocrx_word' id='word_1_121' title='bbox 570 2134 697 2216; x_wconf 84' lang='lat' dir='ltr'><strong>Virgini</strong></span> <span class='ocrx_word' id='word_1_122' title='bbox 724 2133 867 2212; x_wconf 87' lang='lat' dir='ltr'><strong>dederit,</strong></span> <span class='ocrx_word' id='word_1_123' title='bbox 897 2140 935 2198; x_wconf 92' lang='lat' dir='ltr'><strong>ut</strong></span> <span class='ocrx_word' id='word_1_124' title='bbox 956 2135 1075 2198; x_wconf 89' lang='lat' dir='ltr'><strong>mereri</strong></span> 
     </span>
     <span class='ocr_line' id='line_1_19' title="bbox 18 2233 1076 2316; baseline 0.007 -25"><span class='ocrx_word' id='word_1_125' title='bbox 18 2233 144 2298; x_wconf 76' lang='lat' dir='ltr'><strong>›otuerit</strong></span> <span class='ocrx_word' id='word_1_126' title='bbox 172 2233 253 2297; x_wconf 90' lang='lat' dir='ltr'><strong>effici</strong></span> <span class='ocrx_word' id='word_1_127' title='bbox 274 2234 381 2298; x_wconf 88' lang='lat' dir='ltr'><strong>Mater</strong></span> <span class='ocrx_word' id='word_1_128' title='bbox 403 2233 464 2298; x_wconf 89' lang='lat' dir='ltr'><strong>Dei</strong></span> <span class='ocrx_word' id='word_1_129' title='bbox 495 2233 697 2316; x_wconf 83' lang='lat' dir='ltr'><strong>exaltarique</strong></span> <span class='ocrx_word' id='word_1_130' title='bbox 725 2233 766 2297; x_wconf 91' lang='lat' dir='ltr'><strong>ad</strong></span> <span class='ocrx_word' id='word_1_131' title='bbox 793 2238 920 2298; x_wconf 89' lang='lat' dir='ltr'><strong>tantam</strong></span> <span class='ocrx_word' id='word_1_132' title='bbox 940 2233 1076 2316; x_wconf 86' lang='lat' dir='ltr'><strong>gloriam</strong></span> 
     </span>
     <span class='ocr_line' id='line_1_20' title="bbox 18 2325 1075 2416; baseline 0.002 -22"><span class='ocrx_word' id='word_1_133' title='bbox 18 2331 93 2397; x_wconf 86' lang='lat' dir='ltr'><strong>imul</strong></span> <span class='ocrx_word' id='word_1_134' title='bbox 125 2325 322 2411; x_wconf 56' lang='lat' dir='ltr'><strong>asserentem</strong></span> <span class='ocrx_word' id='word_1_135' title='bbox 355 2333 443 2415; x_wconf 89' lang='lat' dir='ltr'><strong>quod</strong></span> <span class='ocrx_word' id='word_1_136' title='bbox 473 2333 553 2397; x_wconf 89' lang='lat' dir='ltr'><strong>haec</strong></span> <span class='ocrx_word' id='word_1_137' title='bbox 585 2333 657 2415; x_wconf 85' lang='lat' dir='ltr'><strong>ipsa</strong></span> <span class='ocrx_word' id='word_1_138' title='bbox 688 2332 919 2416; x_wconf 80' lang='lat' dir='ltr'><strong>specialissima</strong></span> <span class='ocrx_word' id='word_1_139' title='bbox 950 2332 1075 2414; x_wconf 88' lang='lat' dir='ltr'><strong>gratiae</strong></span> 
     </span>
     <span class='ocr_line' id='line_1_21' title="bbox 18 2429 1076 2515; baseline 0.003 -25"><span class='ocrx_word' id='word_1_140' title='bbox 18 2432 122 2494; x_wconf 46' lang='lat' dir='ltr'><strong>¹ouilia</strong></span> <span class='ocrx_word' id='word_1_141' title='bbox 153 2438 310 2515; x_wconf 88' lang='lat' dir='ltr'><strong>tanquam</strong></span> <span class='ocrx_word' id='word_1_142' title='bbox 341 2431 449 2496; x_wconf 92' lang='lat' dir='ltr'><strong>media</strong></span> <span class='ocrx_word' id='word_1_143' title='bbox 480 2431 522 2495; x_wconf 91' lang='lat' dir='ltr'><strong>ad</strong></span> <span class='ocrx_word' id='word_1_144' title='bbox 552 2430 800 2513; x_wconf 89' lang='lat' dir='ltr'><strong>promerendam</strong></span> <span class='ocrx_word' id='word_1_145' title='bbox 828 2429 1076 2495; x_wconf 90' lang='lat' dir='ltr'><strong>Matemitatem</strong></span> 
     </span>
     <span class='ocr_line' id='line_1_22' title="bbox 19 2529 1078 2613; baseline -0.001 -20"><span class='ocrx_word' id='word_1_146' title='bbox 19 2536 32 2593; x_wconf 88' lang='lat' dir='ltr'><strong>t</strong></span> <span class='ocrx_word' id='word_1_147' title='bbox 51 2530 191 2612; x_wconf 88' lang='lat' dir='ltr'><strong>gloriam</strong></span> <span class='ocrx_word' id='word_1_148' title='bbox 218 2537 346 2594; x_wconf 88' lang='lat' dir='ltr'><strong>etcum</strong></span> <span class='ocrx_word' id='word_1_149' title='bbox 367 2531 482 2595; x_wconf 85' lang='lat' dir='ltr'><strong>mediis</strong></span> <span class='ocrx_word' id='word_1_150' title='bbox 511 2531 610 2595; x_wconf 90' lang='lat' dir='ltr'><strong>etiam</strong></span> <span class='ocrx_word' id='word_1_151' title='bbox 631 2531 738 2613; x_wconf 84' lang='lat' dir='ltr'><strong>ipsum</strong></span> <span class='ocrx_word' id='word_1_152' title='bbox 758 2529 869 2608; x_wconf 86' lang='lat' dir='ltr'><strong>finem,</strong></span> <span class='ocrx_word' id='word_1_153' title='bbox 899 2529 919 2592; x_wconf 93' lang='lat' dir='ltr'><strong>i.</strong></span> <span class='ocrx_word' id='word_1_154' title='bbox 943 2550 969 2592; x_wconf 93' lang='lat' dir='ltr'><strong>e.</strong></span> <span class='ocrx_word' id='word_1_155' title='bbox 992 2529 1078 2593; x_wconf 90' lang='lat' dir='ltr'><strong>hanc</strong></span> 
     </span>
     <span class='ocr_line' id='line_1_23' title="bbox 18 2626 1076 2712; baseline 0.002 -21"><span class='ocrx_word' id='word_1_156' title='bbox 18 2651 102 2710; x_wconf 87' lang='lat' dir='ltr'><strong>psam</strong></span> <span class='ocrx_word' id='word_1_157' title='bbox 120 2630 366 2694; x_wconf 86' lang='lat' dir='ltr'><strong>Matemitatem</strong></span> <span class='ocrx_word' id='word_1_158' title='bbox 385 2636 419 2694; x_wconf 90' lang='lat' dir='ltr'><strong>et</strong></span> <span class='ocrx_word' id='word_1_159' title='bbox 436 2629 572 2712; x_wconf 86' lang='lat' dir='ltr'><strong>gloriam</strong></span> <span class='ocrx_word' id='word_1_160' title='bbox 590 2630 733 2712; x_wconf 90' lang='lat' dir='ltr'><strong>gratuito</strong></span> <span class='ocrx_word' id='word_1_161' title='bbox 752 2628 939 2693; x_wconf 90' lang='lat' dir='ltr'><strong>intenderit.</strong></span> <span class='ocrx_word' id='word_1_162' title='bbox 966 2626 1076 2693; x_wconf 89' lang='lat' dir='ltr'><strong>Prima</strong></span> 
     </span>
     <span class='ocr_line' id='line_1_24' title="bbox 18 2726 1077 2811; baseline 0.002 -22"><span class='ocrx_word' id='word_1_163' title='bbox 18 2749 72 2810; x_wconf 87' lang='lat' dir='ltr'><strong>rgo</strong></span> <span class='ocrx_word' id='word_1_164' title='bbox 96 2728 245 2806; x_wconf 67' lang='lat' dir='ltr'><strong>intentio</strong></span> <span class='ocrx_word' id='word_1_165' title='bbox 275 2749 340 2811; x_wconf 90' lang='lat' dir='ltr'><strong>qua</strong></span> <span class='ocrx_word' id='word_1_166' title='bbox 361 2728 449 2792; x_wconf 84' lang='lat' dir='ltr'><strong>Deua</strong></span> <span class='ocrx_word' id='word_1_167' title='bbox 479 2734 512 2792; x_wconf 88' lang='lat' dir='ltr'><strong>et</strong></span> <span class='ocrx_word' id='word_1_168' title='bbox 533 2727 778 2792; x_wconf 89' lang='lat' dir='ltr'><strong>Matemitatem</strong></span> <span class='ocrx_word' id='word_1_169' title='bbox 805 2733 839 2791; x_wconf 91' lang='lat' dir='ltr'><strong>et</strong></span> <span class='ocrx_word' id='word_1_170' title='bbox 860 2732 987 2791; x_wconf 91' lang='lat' dir='ltr'><strong>tantam</strong></span> <span class='ocrx_word' id='word_1_171' title='bbox 1009 2726 1077 2809; x_wconf 88' lang='lat' dir='ltr'><strong>gio·</strong></span> 
     </span>
     <span class='ocr_line' id='line_1_25' title="bbox 18 2824 1079 2910; baseline 0 -22"><span class='ocrx_word' id='word_1_172' title='bbox 18 2827 78 2892; x_wconf 90' lang='lat' dir='ltr'><strong>iam</strong></span> <span class='ocrx_word' id='word_1_173' title='bbox 101 2827 131 2891; x_wconf 94' lang='lat' dir='ltr'><strong>b.</strong></span> <span class='ocrx_word' id='word_1_174' title='bbox 150 2827 276 2910; x_wconf 88' lang='lat' dir='ltr'><strong>Virgini</strong></span> <span class='ocrx_word' id='word_1_175' title='bbox 298 2826 445 2891; x_wconf 87' lang='lat' dir='ltr'><strong>conferre</strong></span> <span class='ocrx_word' id='word_1_176' title='bbox 468 2826 618 2904; x_wconf 89' lang='lat' dir='ltr'><strong>decrevit,</strong></span> <span class='ocrx_word' id='word_1_177' title='bbox 638 2848 703 2889; x_wconf 91' lang='lat' dir='ltr'><strong>non</strong></span> <span class='ocrx_word' id='word_1_178' title='bbox 724 2824 879 2908; x_wconf 91' lang='lat' dir='ltr'><strong>dependit</strong></span> <span class='ocrx_word' id='word_1_179' title='bbox 899 2847 919 2889; x_wconf 91' lang='lat' dir='ltr'><strong>a</strong></span> <span class='ocrx_word' id='word_1_180' title='bbox 940 2824 1079 2904; x_wconf 69' lang='lat' dir='ltr'><strong>meritis,</strong></span> 
     </span>
     <span class='ocr_line' id='line_1_26' title="bbox 19 2924 1076 3008; baseline -0.004 -18"><span class='ocrx_word' id='word_1_181' title='bbox 19 2928 38 2989; x_wconf 92' lang='lat' dir='ltr'><strong>d</strong></span> <span class='ocrx_word' id='word_1_182' title='bbox 60 2926 204 3004; x_wconf 86' lang='lat' dir='ltr'><strong>modum,</strong></span> <span class='ocrx_word' id='word_1_183' title='bbox 224 2947 288 3008; x_wconf 90' lang='lat' dir='ltr'><strong>quo</strong></span> <span class='ocrx_word' id='word_1_184' title='bbox 311 2947 369 2990; x_wconf 86' lang='lat' dir='ltr'><strong>rex</strong></span> <span class='ocrx_word' id='word_1_185' title='bbox 390 2926 591 2990; x_wconf 84' lang='lat' dir='ltr'><strong>certantibus</strong></span> <span class='ocrx_word' id='word_1_186' title='bbox 612 2925 755 3007; x_wconf 84' lang='lat' dir='ltr'><strong>gratuito</strong></span> <span class='ocrx_word' id='word_1_187' title='bbox 778 2924 903 3008; x_wconf 87' lang='lat' dir='ltr'><strong>aliquid</strong></span> <span class='ocrx_word' id='word_1_188' title='bbox 924 2924 1021 2989; x_wconf 88' lang='lat' dir='ltr'><strong>offert</strong></span> <span class='ocrx_word' id='word_1_189' title='bbox 1042 2925 1076 2987; x_wconf 91' lang='lat' dir='ltr'><strong>in</strong></span> 
     </span>
     <span class='ocr_line' id='line_1_27' title="bbox 21 3023 1076 3108; baseline 0 -20"><span class='ocrx_word' id='word_1_190' title='bbox 21 3026 188 3104; x_wconf 70' lang='lat' dir='ltr'><strong>niomium,</strong></span> <span class='ocrx_word' id='word_1_191' title='bbox 203 3025 290 3108; x_wconf 88' lang='lat' dir='ltr'><strong>quod</strong></span> <span class='ocrx_word' id='word_1_192' title='bbox 303 3033 413 3090; x_wconf 89' lang='lat' dir='ltr'><strong>tamen</strong></span> <span class='ocrx_word' id='word_1_193' title='bbox 429 3025 463 3088; x_wconf 95' lang='lat' dir='ltr'><strong>in</strong></span> <span class='ocrx_word' id='word_1_194' title='bbox 480 3026 687 3089; x_wconf 86' lang='lat' dir='ltr'><strong>exsecutione</strong></span> <span class='ocrx_word' id='word_1_195' title='bbox 704 3025 792 3089; x_wconf 87' lang='lat' dir='ltr'><strong>cadit</strong></span> <span class='ocrx_word' id='word_1_196' title='bbox 809 3025 868 3088; x_wconf 88' lang='lat' dir='ltr'><strong>sub</strong></span> <span class='ocrx_word' id='word_1_197' title='bbox 885 3023 1076 3106; x_wconf 77' lang='lat' dir='ltr'><strong>meritum.³)</strong></span> 
     </span>
    </p>
   </div>
   <div class='ocr_carea' id='block_1_5' title="bbox 31 3221 1081 3378">
    <p class='ocr_par' dir='ltr' id='par_1_7' title="bbox 31 3221 1081 3378">
     <span class='ocr_line' id='line_1_28' title="bbox 63 3221 1081 3294; baseline -0.004 -16"><span class='ocrx_word' id='word_1_198' title='bbox 63 3229 82 3293; x_wconf 82' lang='lat'><strong>¹)</strong></span> <span class='ocrx_word' id='word_1_199' title='bbox 103 3225 124 3288; x_wconf 82' lang='grc' dir='ltr'><strong>Ι,</strong></span> <span class='ocrx_word' id='word_1_200' title='bbox 144 3244 171 3294; x_wconf 90' lang='lat' dir='ltr'><strong>p.</strong></span> <span class='ocrx_word' id='word_1_201' title='bbox 189 3242 216 3292; x_wconf 82' lang='lat' dir='ltr'><strong>q.</strong></span> <span class='ocrx_word' id='word_1_202' title='bbox 233 3223 335 3290; x_wconf 78' lang='grc' dir='ltr'>ΧΧΙΙΙ,</span> <span class='ocrx_word' id='word_1_203' title='bbox 354 3241 377 3277; x_wconf 87' lang='lat' dir='ltr'><strong>a.</strong></span> <span class='ocrx_word' id='word_1_204' title='bbox 391 3227 415 3278; x_wconf 90' lang='grc'><strong>4.</strong></span> <span class='ocrx_word' id='word_1_205' title='bbox 449 3225 470 3288; x_wconf 72' lang='lat'><strong>²)</strong></span> <span class='ocrx_word' id='word_1_206' title='bbox 490 3222 529 3276; x_wconf 87' lang='lat' dir='ltr'><strong>De</strong></span> <span class='ocrx_word' id='word_1_207' title='bbox 552 3223 644 3277; x_wconf 86' lang='lat' dir='ltr'><strong>Nativ.</strong></span> <span class='ocrx_word' id='word_1_208' title='bbox 665 3223 781 3277; x_wconf 87' lang='lat' dir='ltr'><strong>Domini.</strong></span> <span class='ocrx_word' id='word_1_209' title='bbox 817 3223 838 3287; x_wconf 77' lang='lat'><strong>³)</strong></span> <span class='ocrx_word' id='word_1_210' title='bbox 856 3221 912 3277; x_wconf 81' lang='lat' dir='ltr'><strong>Ofr.</strong></span> <span class='ocrx_word' id='word_1_211' title='bbox 930 3222 1081 3290; x_wconf 86' lang='lat' dir='ltr'><strong>Sedlmayr</strong></span> 
     </span>
     <span class='ocr_line' id='line_1_29' title="bbox 31 3306 379 3378; baseline -0.006 -16"><span class='ocrx_word' id='word_1_212' title='bbox 31 3325 53 3364; x_wconf 89' lang='lat' dir='ltr'><strong>c.</strong></span> <span class='ocrx_word' id='word_1_213' title='bbox 72 3327 100 3378; x_wconf 88' lang='lat' dir='ltr'><strong>p.</strong></span> <span class='ocrx_word' id='word_1_214' title='bbox 118 3309 170 3377; x_wconf 81' lang='lat' dir='ltr'><strong>IV,</strong></span> <span class='ocrx_word' id='word_1_215' title='bbox 189 3313 248 3364; x_wconf 86' lang='lat' dir='ltr'><strong>sect</strong></span> <span class='ocrx_word' id='word_1_216' title='bbox 274 3306 295 3374; x_wconf 87' lang='lat'><strong>1,</strong></span> <span class='ocrx_word' id='word_1_217' title='bbox 314 3324 337 3361; x_wconf 89' lang='lat' dir='ltr'><strong>a.</strong></span> <span class='ocrx_word' id='word_1_218' title='bbox 355 3310 379 3362; x_wconf 90' lang='lat'><strong>6.</strong></span> 
     </span>
    </p>
   </div>
   <div class='ocr_carea' id='block_1_6' title="bbox 350 3593 720 3703">
    <p class='ocr_par' dir='ltr' id='par_1_8' title="bbox 350 3593 720 3703">
     <span class='ocr_line' id='line_1_30' title="bbox 350 3593 720 3703; baseline 0 0"><span class='ocrx_word' id='word_1_219' title='bbox 350 3593 720 3703; x_wconf 37' lang='lat' dir='ltr'><strong>crimem</strong></span> 
     </span>
    </p>
   </div>
   <div class='ocr_carea' id='block_1_7' title="bbox 0 0 1368 4554">
    <p class='ocr_par' dir='ltr' id='par_1_9' title="bbox 0 0 1368 4554">
     <span class='ocr_line' id='line_1_31' title="bbox 0 0 1368 4554; baseline 0 1"><span class='ocrx_word' id='word_1_220' title='bbox 0 0 1368 4554; x_wconf 95' lang='lat' dir='ltr'><strong> </strong></span> 
     </span>
    </p>
   </div>
  </div>
 </body>
</html>
