2808 4556
516 377 576 436 595

70 536 174 615 used
196 543 301 646 neque
323 535 447 598 tentari
469 556 580 599 earum
602 534 796 616 pudicitiam
817 537 929 618 possit.
975 537 1088 620 Neque

70 663 75 697 ι
102 636 154 700 via
180 634 240 698 viri
267 633 358 696 nulla
386 641 526 715 apparet
553 633 596 696 ad
624 633 753 698 clausas
783 635 994 701 absconditae
1025 639 1087 702 vir·

70 740 141 799 set
162 734 237 815 igno
240 739 290 796 tas
240 731 430 797 tf‘i0res
473 732 563 796 Haec
585 732 649 796 ille.

70 833 291 908 AddamuS,
283 854 317 895 1n
348 833 495 896 versione
532 833 742 914 septuaginta
775 833 994 916 interpretum
1028 859 1088 902 nec

89 935 122 996 in
139 931 282 1013 Vulgata
303 937 417 996 nostra
439 953 502 994 non
525 932 598 1013 legi,
621 932 726 1013 „uiam
748 932 809 995 viri
831 932 865 995 in
886 934 996 999 almah
1016 937 1037 1000 i.
1060 959 1087 1002 e.

70 1032 198 1109 mella,“
228 1030 285 1094 sed
307 1030 412 1110 „uiam
434 1030 494 1093 viri
517 1030 550 1093 in
573 1030 825 1094 adolescentia.“
868 1030 979 1098 Posito
1002 1056 1088 1119 ergo,

70 1153 79 1174 ³
102 1129 251 1211 „almah“
274 1149 294 1193 a
313 1128 485 1193 Salomone
508 1128 710 1211 designatam
731 1127 832 1193 fuisse
853 1131 997 1212 puellam
1019 1156 1089 1198 cor-

70 1237 147 1306 tem,
182 1226 340 1310 numquid
362 1227 438 1291 inde
460 1233 666 1310 sequeretur,
701 1248 812 1291 vocem
840 1227 931 1294 illam
953 1233 1088 1298 eandem

70 1349 124 1390 erc
154 1325 425 1408 significationem
453 1325 486 1388 in
517 1325 656 1407 septimo
677 1325 783 1388 Isaiae
806 1327 936 1409 capite?
968 1331 1089 1397 Textus

70 1427 184 1490 >monis
216 1432 307 1490 totus
343 1431 393 1488 est
424 1423 682 1505 metaphoricos,
722 1423 755 1486 in
786 1423 891 1490 Isaiae
925 1450 941 1491 e
975 1438 1090 1495 contra

70 1547 85 1588 o
107 1525 160 1587 rix
180 1524 282 1588 ullam
303 1523 448 1606 reperies
469 1521 705 1603 metaphoram.

70 1624 106 1688 Et
127 1623 208 1689 haec
230 1623 362 1706 quidem
380 1623 420 1687 de
439 1620 675 1704 significatione
694 1622 781 1685 vocis
799 1620 948 1703 „almah“
968 1625 1087 1690 dixisse

70 1723 150 1787 ciat.
127 1723 410 1787 tTranseamus

71 1935 76 1949 .
112 1887 158 1950 ad
187 1885 501 1950 considerandas
529 1885 780 1967 objectiones
808 1906 851 1948 ex
880 1885 1054 1952 historia

340 2005 454 2048 sacra
483 1985 748 2066 depromptas.

70 2123 92 2178 l.
127 2115 327 2180 Vaticinium
348 2115 453 2180 Isaiae
482 2115 607 2180 editum
628 2122 692 2193 est,
722 2115 890 2197 inquiunt,
920 2123 959 2180 ut
980 2118 1088 2183 Achaz

71 2214 218 2296 digeret,
246 2214 361 2278 urbem
381 2214 564 2278 Jerusalem
585 2214 626 2278 ab
649 2214 818 2278 obsidione
840 2236 953 2297 regum
976 2217 1088 2300 Syriae

72 2315 158 2379 srael
177 2314 267 2378 brevi
287 2335 356 2378 esse
375 2313 586 2377 liberandam.
622 2314 726 2397 Atqui
743 2313 802 2377 filii
822 2314 883 2378 Dei
900 2315 1088 2382 lncarnatio

73 2415 83 2477 l
119 2414 161 2477 ad
193 2413 277 2477 hanc
314 2411 496 2476 conducere
535 2412 665 2477 videtur
701 2412 946 2493 liberationem3
988 2437 1089 2498 quare

70 2512 153 2594 phet'
129 2519 178 2576 tra
195 2511 266 2576 illa:
290 2509 505 2593 „EcceVirgo
525 2511 707 2593 concipiet“
726 2533 789 2575 non
809 2520 860 2576 est
876 2513 1091 2596 intelligenda

70 2611 303 2675 lncarnatione.
348 2609 392 2672 R:

70 2709 252 2774 incarnatio
268 2709 382 2773 futura
398 2730 462 2773 non
482 2708 613 2790 quidem
630 2716 789 2773 consonat
805 2731 877 2774 cum
894 2711 1089 2778 liberatione

70 2809 92 2872 is
121 2808 305 2872 Jerusalem
335 2828 395 2890 per
422 2807 554 2871 modum
582 2827 700 2871 causae
729 2807 931 2890 physicae,
966 2812 1089 2895 optime

69 2931 77 2969 1
100 2927 160 2990 per
181 2906 313 2971 modum
335 2926 452 2970 causae
480 2906 714 2970 meritoriae
743 2927 801 2970 seu
823 2928 941 2973 causae
969 2931 1091 2974 mora·

107 3005 217 3086 „Deus
247 3005 348 3082 enim,
378 3005 486 3088 inquit
513 3005 712 3087 Boucat,¹)
746 3005 868 3071 intuitu
898 3010 1091 3074 meritorum

70 3127 191 3170 trorum
213 3104 335 3170 Christi
363 3105 395 3168 in
426 3104 521 3169 domo
545 3104 650 3168 David
678 3105 851 3186 nascituri,
880 3107 965 3172 hano
987 3109 1092 3174 voluit

80 3204 192 3268 domui
209 3203 298 3268 fideli
316 3209 485 3286 praestare
507 3203 780 3282 misericordiam,
802 3203 889 3268 unde
908 3206 1092 3273 lncarnati·

70 3325 97 3366 rn
112 3303 223 3385 posuit
237 3303 271 3366 in
289 3303 416 3384 signum
434 3301 676 3365 misericordiae
693 3308 728 3366 et
742 3302 874 3384 majoris
888 3305 1090 3384 potentiac.“

70 3403 97 3466 it
118 3422 194 3482 ergo
216 3401 377 3483 propheta
406 3400 501 3484 quasi
528 3422 549 3464 a
577 3401 693 3483 majori
722 3400 764 3465 ad
785 3401 891 3465 minus
921 3425 1091 3485 argumen-

70 3502 120 3565 lo:
162 3501 197 3565 Si
229 3500 318 3565 Deus
353 3506 465 3582 potest
499 3499 624 3578 facere,
661 3507 700 3564 ut
731 3501 821 3583 virgo
859 3501 1022 3584 concipiat
1057 3512 1092 3570 et

70 3603 113 3666 iat
133 3599 245 3678 filium,
266 3606 401 3682 quanto
423 3599 526 3681 magis
547 3605 658 3682 potest
679 3600 795 3664 urbem
815 3600 900 3666 hanc
921 3622 941 3665 a
963 3601 1092 3668 duobus

70 3702 136 3765 ,bus
158 3721 231 3766 eam
252 3699 479 3765 obsidentibus
506 3699 664 3778 liberare,
694 3708 732 3765 ut
754 3722 789 3766 re
818 3701 890 3782 ipsa
911 3700 1003 3765 brevi
1024 3700 1091 3766 fac-

70 3823 97 3868 is
131 3806 197 3880 est;
230 3800 258 3864 si
289 3800 377 3865 Deus
408 3807 520 3883 potest
551 3800 677 3878 facere,
710 3808 749 3865 ut
780 3802 870 3882 virgo
904 3822 970 3884 qua
1002 3802 1091 3884 virgo

70 3945 200 3954 ...-.——-

70 4018 90 4084 ¹)
111 4015 263 4086 Theologia
278 4021 391 4084 patrum
409 4015 567 4086 dogmatica
583 4018 650 4071 tom.
669 4015 717 4082 IV,
734 4014 798 4074 diss.
817 4011 852 4070 ΙΙ.
919 4096 934 4130 *

886 4099 918 4152 38
