2814 4548
622 331 679 392 631

101 496 232 556 mentes
265 489 455 573 animosque
491 491 678 573 occupavit,
716 496 754 556 ut
786 489 960 574 singularis
997 499 1030 556 et
1063 492 1194 558 omnino

103 589 209 654 mirus
230 607 331 670 penes
352 587 426 652 illos
448 588 625 653 invaluerit
645 589 802 672 loquendi
823 611 910 669 usne,
934 612 998 674 quo
1018 590 1195 673 Deiparam

100 689 296 772 saepissime
326 688 565 771 compellarunt
585 688 829 753 immaculatam
859 689 1011 771 omnique
1039 711 1078 752 ex
1099 696 1194 771 parte

103 788 365 878 immaculatam,
395 787 604 852 innocentem
633 793 667 851 et
688 787 1001 865 innocentissimam,
1032 785 1196 852 illibatam

103 893 142 952 et
174 886 392 969 undequaque
424 885 595 964 illibatam,
628 891 776 950 sanctam
809 892 842 950 et
874 884 915 950 ab
949 885 1036 949 omni
1066 885 1196 968 peccati

102 984 203 1050 sorde
225 983 466 1062 alienissimam,
489 991 595 1049 totam
615 1007 741 1066 puram,
764 991 870 1051 totam
895 984 1133 1062 intemeratam,
1157 1006 1194 1050 ac

103 1084 212 1166 ipsam
230 1105 333 1167 prope
350 1083 507 1166 puritatis
530 1090 564 1148 et
580 1083 787 1148 innocentiae
807 1083 954 1163 formam,
973 1082 1195 1166 pulcritudine

103 1181 312 1265 pulcriorem,
342 1188 514 1247 venustate
535 1181 769 1261 venustiorem,
800 1183 997 1246 sanctiorem
1018 1183 1194 1246 sanctitate

103 1280 275 1364 solamque
298 1287 445 1346 sanctam
462 1280 735 1372 purissimumque
758 1280 867 1344 anima
889 1287 923 1344 et
945 1301 1090 1362 corpore,
1111 1301 1194 1363 quae

103 1400 318 1462 supergressa
350 1386 400 1444 est
429 1400 558 1444 omnem
586 1380 812 1462 integritatem
844 1386 878 1443 et
905 1379 1128 1461 virginitatem
1156 1401 1194 1443 ao

103 1479 178 1544 sola
199 1485 271 1543 tota
299 1479 389 1544 lacta
418 1478 619 1542 domicilium
647 1479 872 1542 universarum
900 1478 1082 1560 gratiarum
1103 1499 1195 1542 sanc-

104 1577 226 1641 tissimi
249 1578 405 1660 Spiritus,
429 1584 463 1642 et
485 1598 570 1661 quae
591 1578 660 1642 solo
683 1578 752 1642 Deo
775 1583 912 1659 excepto
935 1576 1047 1641 extitit
1068 1577 1194 1640 cunctis

102 1676 257 1758 superior
279 1684 313 1740 et
333 1677 413 1758 ipsis
435 1675 613 1740 Cherubim
634 1681 668 1740 et
690 1675 860 1759 Seraphim
883 1681 916 1739 et
938 1675 1026 1739 omni
1048 1673 1195 1739 exercitu

103 1775 306 1857 Angelorum
328 1781 468 1856 ,natura
489 1774 649 1857 pulcrior,
679 1773 1113 1852 10110001010100001101,α
1142 1774 1195 1837 cui

103 1873 348 1956 praedicandae
376 1873 535 1938 coelestes
564 1880 598 1937 et
619 1879 770 1938 terrenae
796 1873 927 1956 linguae
956 1873 1087 1936 minime
1109 1871 1195 1937 suffi-

60 2003 62 2005 ·
103 1971 207 2035 ciunt.
263 1972 366 2049 Quem
403 1994 498 2036 usum
538 1973 580 2037 ad
613 1973 838 2038 sanctissimae
877 1993 1006 2055 quoque
1040 1971 1194 2054 liturgiae

103 2076 320 2135 monumenta
349 2077 449 2155 atque
479 2071 700 2136 ecclesiastica
728 2071 832 2136 officia
860 2092 920 2136 sua
948 2069 1051 2135 veluti
1078 2076 1194 2152 sponte

102 2168 209 2232 fuisse
232 2169 422 2234 traductum
444 2171 532 2234 etin
556 2169 621 2233 illis
643 2171 765 2252 passim
786 2191 954 2235 recurrere
975 2170 1206 2252 ampliterque

103 2267 270 2331 dominari
290 2289 384 2332 nemo
406 2269 551 2351 ignorat,
581 2289 681 2350 quum
711 2269 747 2331 iu
773 2268 839 2332 illis
862 2269 1005 2350 Deipara
1026 2267 1195 2331 invocetur

104 2372 143 2430 et
170 2366 380 2448 praedicetur
406 2367 510 2431 veluti
541 2389 607 2430 una
638 2367 849 2449 incorruptae
881 2366 1112 2451 pulcritudinis
1142 2387 1194 2430 00-

103 2464 233 2544 lumba,
262 2463 366 2530 veluti
393 2487 468 2530 rosa
497 2487 625 2548 semper
649 2466 757 2530 virens
787 2473 821 2531 et
849 2466 1067 2549 undequaque
1089 2464 1195 2547 puris-

103 2565 189 2630 sima
218 2571 252 2629 et
278 2586 407 2648 semper
434 2563 646 2629 immaculata
676 2585 869 2647 semperque
899 2564 1012 2643 beata,
1042 2585 1080 2628 ac
1111 2563 1195 2628 cele-

104 2664 223 2727 bretur
243 2664 293 2728 uti
314 2663 512 2741 innocentia,
534 2682 618 2746 quae
639 2683 807 2745 nunquam
828 2663 893 2728 fuit
914 2663 1012 2741 laesa,
1034 2670 1068 2728 et
1089 2661 1195 2726 altera

105 2761 214 2840 Hera,
244 2783 328 2845 quae
349 2761 596 2826 Emmanuelem
616 2762 754 2844 peperit.
798 2761 854 2825 Nil
880 2762 982 2844 igitur
1003 2761 1136 2839 mirum,
1167 2761 1195 2824 si
1286 2791 1288 2796 ¹

105 2861 149 2924 de
169 2860 384 2925 Immaculata
406 2860 568 2943 Deiparae
588 2860 732 2942 Virginis
761 2859 981 2942 Conceptione
1011 2860 1195 2924 doctrinam

102 2959 228 3042 judicio
245 2959 380 3024 Patrum
402 2960 519 3023 divinis
537 2959 658 3023 litteris
677 2959 908 3042 consignatam,
926 2965 978 3024 tot
996 2959 1195 3042 gravissimis

104 3058 296 3122 eorumdem
314 3057 511 3122 testimoniis
532 3056 697 3136 traditam,
717 3063 769 3122 tot
787 3057 971 3122 illustribus
990 3057 1195 3122 venerandae

105 3156 316 3239 antiquitatis
356 3157 575 3221 monumentis
617 3177 803 3238 expressam
845 3162 879 3220 et
919 3155 1118 3220 celebratam
1157 3177 1194 3219 ao

104 3255 248 3320 maximo
281 3255 536 3337 gravissimoque
557 3254 734 3318 ‘Ecclesiae
769 3255 893 3338 judicio
925 3254 1128 3337 propositam
1161 3261 1195 3319 et

106 3353 334 3418 confirmatam
368 3359 463 3418 tanta
496 3353 637 3435 pietate,
677 3352 835 3436 religione
876 3359 909 3417 et
945 3373 1056 3416 amore
1092 3352 1195 3435 ipsius

105 3453 274 3517 Ecclesiae
295 3459 445 3535 pastores
472 3451 653 3535 populique
679 3451 792 3516 fideles
821 3450 969 3534 quotidie
996 3451 1099 3532 magis
1121 3472 1195 3533 pro-

104 3549 197 3616 fiteri
218 3551 285 3616 sint
304 3551 449 3634 gloriati,
480 3555 518 3614 ut
545 3550 627 3613 nihil
655 3549 772 3614 iisdem
800 3550 942 3628 dulcius,
972 3549 1055 3613 nihil
1077 3549 1194 3626 carius,

106 3671 208 3733 quam
238 3649 477 3713 ferventissimo
510 3647 632 3712 affectu
665 3649 842 3731 Deiparam
873 3648 1040 3730 Virginem
1071 3647 1195 3731 absque

105 3748 182 3814 labe
204 3749 356 3831 originali
378 3753 569 3829 conceptam
587 3745 709 3829 ubique
731 3747 847 3825 colere,
866 3747 1024 3824 venerari,
1043 3746 1195 3811 invocare
1293 3801 1295 3805 .

107 3853 143 3912 et
170 3848 370 3930 praedicare.
414 3844 633 3923 Quamobrem
662 3846 704 3909 ab
733 3846 880 3929 antiquis
908 3845 1111 3927 temporibus
1138 3845 1196 3909 Sa·

106 3967 239 4012 crorum
259 3946 444 4024 Antistites,
466 3943 690 4008 Ecclesiastici
711 3945 781 4022 viri,
807 3943 975 4026 regulares
997 3943 1135 4009 Ordines
1158 3964 1196 4006 ac
