2726 4560
476 364 586 422 ‘45

40 531 174 590 naturam
190 521 422 588 excellentium
434 522 624 588 meritorum
640 521 800 605 dignitate
817 523 1065 588 transcendat‘l.
1080 573 1107 586 ..

41 623 110 700 Quid
130 623 219 689 enim
239 620 437 699 sanctitatis,
455 621 535 704 quid
552 621 711 704 justitiae,
730 622 810 704 quid
831 621 1005 705 religionis,
1029 622 1109 706 quid

39 721 236 803 perfeetionis
266 719 424 803 singulari
451 720 526 786 huic
554 721 680 804 Virgini
712 720 823 786 deesse
851 722 991 804 poterit,
1024 743 1108 804 quae

39 822 126 887 totius
147 821 281 886 diuinae
310 820 435 903 gratiae
465 819 660 886 charismate
681 819 780 905 plena
799 819 885 884 fuit?
907 869 913 882 .
939 869 945 882 .
970 869 1007 884 ..
1040 819 1108 886 Nec

37 921 148 999 mirum,
160 921 190 985 si
206 913 402 984 cunctorum
413 919 531 984 merita
545 919 756 984 transcendat
767 919 963 997 mortalium,
975 939 1058 1001 quae
1074 926 1108 984 et

38 1019 96 1100 ipsa
111 1017 346 1102 superexcedit
364 1017 589 1082 celsitudinem
608 1017 827 1100 augelorum.“
858 1018 902 1083 Et
920 1017 1000 1082 haec
1018 1017 1107 1100 virgo

37 1117 71 1180 ad
87 1123 215 1182 tantam
237 1116 326 1182 elata
349 1115 543 1198 dignitatem
563 1117 702 1200 ideoque
726 1116 768 1181 ab
790 1116 982 1182 omnibusss.
1004 1115 1108 1181 Patri-

38 1217 85 1282 bus
103 1224 153 1282 tot
175 1216 295 1299 elogiis
315 1215 520 1299 praedicata,
551 1215 717 1299 originalis
738 1214 822 1280 labis
848 1215 1009 1280 maculam
1032 1237 1108 1280 con·

37 1316 150 1381 trahere
161 1316 297 1400 legique
313 1314 488 1380 universali
499 1322 569 1380 tam
581 1314 731 1380 funestae
746 1314 915 1397 subjacere
925 1314 1107 1396 potuisset?

84 1414 209 1480 Mariae
242 1413 437 1480 maternitas
463 1413 561 1496 juxta
592 1413 849 1495 Salmeron1)
887 1412 1108 1496 conceptionis

36 1513 109 1577 illius
141 1534 283 1579 comes
318 1511 384 1578 fuit
413 1519 513 1596 atque
552 1512 813 1578 administra.
867 1511 956 1578 llaec
987 1512 1108 1578 veritas

36 1612 284 1693 praeclarissime
314 1611 464 1696 sequenti
497 1611 657 1678 euoluitur
683 1611 932 1677 commentario:
945 1611 970 1694 ¹)
1003 1611 1109 1694 ,Quid
1218 1667 1221 1676 .

35 1712 214 1778 sublimius?
248 1711 334 1789 Quid
355 1713 540 1796 augustius,
563 1733 661 1795 quam
681 1712 791 1776 divina
812 1712 1019 1790 maternitas,
1043 1734 1109 1796 qua

37 1810 120 1894 Virgo
157 1811 307 1892 Deipara
339 1811 458 1876 dicitur
493 1819 527 1876 et
559 1817 609 1876 est
639 1831 716 1875 vera
748 1811 810 1876 Dei
841 1811 1013 1878 Genitrix?
1051 1811 1108 1878 Vis

37 1929 115 1974 nosse
141 1910 328 1994 puritatem
355 1916 390 1974 et
410 1909 604 1993 dignitatem
628 1909 857 1976 immaculatae
886 1910 1108 1993 conceptionis

38 2007 208 2092 deiparae?
241 2009 314 2074 Non
342 2016 474 2092 reputes
496 2010 653 2093 temporis
679 2009 855 2075 diuortium
875 2009 963 2074 inter
983 2008 1107 2074 Mariae

38 2111 273 2192 conceptionem
299 2115 333 2173 et
355 2107 417 2172 Dei
441 2109 694 2174 maternitatem.
738 2106 821 2172 Nam
848 2107 910 2172 etsi
938 2108 1107 2190 conceptio

38 2209 209 2288 quindecim
230 2228 389 2272 annorum
417 2207 522 2291 spatio
544 2208 788 2273 maternitatem
815 2207 1043 2284 anteverterit,
1073 2207 1106 2270 in

38 2303 87 2370 Dei
112 2315 226 2373 tamen
247 2313 356 2372 mente
384 2312 418 2370 et
440 2307 668 2389 mysteriorum
692 2306 894 2389 praevisione
915 2307 1107 2372 maternitas

37 2408 245 2490 conceptionis
268 2413 319 2472 est
340 2427 463 2484 comes,
493 2425 552 2472 nec
575 2405 797 2489 cumputanda
826 2412 876 2470 est
897 2405 966 2470 sine
987 2413 1106 2470 mater-

36 2504 124 2571 nitate
145 2506 336 2589 conceptio:
367 2506 549 2588 concipitur
575 2506 662 2570 enim
689 2527 765 2572 mox
786 2505 849 2570 Dei
876 2512 981 2570 mater
1010 2505 1107 2589 digne

36 2602 141 2671 lutura
185 2605 283 2672 Unde
312 2604 421 2670 diuina
450 2605 642 2672 maternitas
673 2604 785 2670 futura
807 2604 869 2668 Dei
895 2604 1009 2676 matris
1032 2626 1106 2670 con·

36 2705 164 2785 captioni
193 2705 306 2783 adest,
338 2711 378 2768 ut
404 2702 596 2770 affinitatem
624 2726 698 2768 cum
725 2710 860 2787 peccato
887 2723 1106 2787 praepropere

36 2811 131 2870 arceat
154 2812 191 2870 et
214 2810 350 2871 auertat.
393 2802 462 2868 Nec
492 2809 621 2868 tantum
649 2803 757 2867 divina
778 2803 970 2868 maternitas
999 2823 1106 2866 comes

36 2907 89 2979 est,
109 2903 167 2968 sed
189 2903 291 2968 etiam
315 2902 480 2968 marianae
503 2902 722 2984 conceptionis
744 2901 950 2966 admmistra:
982 2901 1107 2968 scilicet

37 3003 133 3066 tantus
164 3003 294 3086 gratiae
328 3009 363 3067 et
393 3001 515 3085 gloriae
551 3001 640 3066 nitor
674 3002 708 3064 in
740 3000 902 3084 Deiparae
934 3001 1107 3083 purissima

36 3102 235 3184 conceptione
257 3101 390 3179 emicat,
413 3107 451 3166 ut
472 3101 534 3165 Dei
553 3101 760 3180 maternitas,
786 3122 870 3184 quae
892 3107 942 3164 est
964 3101 1107 3165 omnium

37 3195 145 3264 llariae
175 3199 358 3283 gratiarum
387 3201 521 3278 matrix,
551 3221 616 3264 non
645 3199 838 3282 dedignetur
865 3200 1003 3282 puritati
1031 3221 1106 3279 con·

36 3298 182 3377 captionis
215 3298 319 3363 veluti
348 3299 551 3365 ministraret
584 3298 744 3382 siquidem
772 3299 936 3382 singulare
968 3307 1002 3378 et
1031 3321 1106 3382 per·

36 3391 149 3462 illustre
189 3398 372 3481 gratiarum
408 3398 553 3464 omnium
585 3396 790 3481 privilegium
830 3398 864 3462 in
895 3398 1105 3481 conceptione

89 3594 107 3662 ¹)
124 3594 157 3649 ln
174 3596 284 3666 Evang.
302 3600 368 3652 tom.
386 3593 443 3663 111,
461 3598 536 3650 tract
561 3594 652 3661 XXX,
670 3611 732 3664 pag.
749 3596 807 3650 214.
847 3596 870 3664 ²)
895 3595 950 3651 Cfr.
966 3595 1107 3668 Possaglia

35 3671 49 3725 l.
63 3690 85 3730 e.
98 3694 125 3745 p.
142 3678 165 3747 1,
181 3695 246 3748 pag.
262 3681 320 3734 452.
356 3677 420 3744 ,mir
446 3676 565 3745 citabere
582 3676 756 3746 multisonora
779 3677 821 3733 tet
841 3677 953 3748 leligflen
970 3677 1106 3749 Sungtton

36 3769 72 3816 lm
85 3757 187 3816 illnttet
204 3760 248 3816 bet
266 3759 374 3828 &ciret
391 3759 493 3824 dtuttet,
510 3759 609 3814 scribit
625 3759 778 3829 Morgott
801 3763 820 3815 1.
837 3776 861 3816 c.
878 3778 941 3830 pag.
958 3762 998 3827 59,
1016 3761 1047 3827 it
1063 3762 1106 3818 bet

38 3835 128 3907 catut,
152 3842 196 3900 brt
212 3842 244 3910 ue
260 3851 319 3899 tun
338 3842 415 3910 erden
437 3841 479 3898 tia
497 3857 553 3910 aum
570 3840 654 3914 littra
670 3842 831 3911 dcerublide
847 3843 917 3911 ittet
933 3844 1043 3910 maletum
1059 3852 1106 3900 tm

37 3915 89 3981 lua
104 3922 347 3995 &intrnbefledong
363 3925 453 3998 lddpt
486 3924 529 3991 {ln
546 3923 615 3990 ittet
631 3923 725 3993 emigra
742 3925 952 3996 &cartalitano
967 3927 1029 3998 licgt
1046 3927 1105 3994 oud

37 3997 93 4065 ltus
107 4003 145 4062 tir
161 4005 264 4072 &nota
282 4006 368 4076 meida
385 4007 424 4063 tie
442 4006 552 4064 datum
570 4006 659 4074 [older
675 4006 866 4078 anticimena
884 4008 983 4078 mittin
1000 4009 1102 4076 111ch
1155 4009 1161 4022 ⁸
