2728 4560
732 359 791 420 228

217 522 288 587 vult
304 523 509 586 contractum
526 518 814 598 matrimonialem
837 519 907 584 sine
925 521 1195 588 substantialibus
1212 525 1286 588 enim

195 640 198 646 '
218 622 285 687 suis
306 619 354 684 nil
375 622 487 702 potest
508 616 695 682 subsistere.

281 735 394 814 Quoad
412 733 615 798 conditiones
637 733 779 816 conjugii
800 734 1003 800 substantiae
1022 737 1207 820 triplicique
1228 739 1286 820 ejus

217 837 303 902 bono
326 833 507 900 contrarias
535 832 740 915 nuptialique
773 835 957 898 contractui
985 857 1005 899 a
1034 837 1287 902 contrahentibus

218 937 363 1018 adjectas
399 931 584 1014 Gregorii
620 931 680 996 IX.
692 931 716 1013 ¹)
753 931 873 996 decisio
909 934 1107 1016 percelebris
1143 944 1206 1000 est:
1244 936 1288 1018 ,si

218 1035 421 1100 conditiones
443 1037 557 1095 contra
579 1029 795 1094 substantiam
816 1032 960 1114 conjugii
981 1033 1182 1113 inserantur,
1210 1042 1287 1122 puta,

218 1136 246 1200 si
274 1133 359 1198 alter
391 1131 488 1196 alteri
517 1129 621 1207 dicat,
655 1129 812 1194 contraho
845 1136 969 1210 tecum,
1003 1133 1032 1196 si
1061 1135 1290 1216 generationem

217 1232 319 1315 prolis
349 1231 465 1307 evites,
496 1227 547 1292 vel
577 1227 680 1292 donec
707 1227 870 1292 inveniam
898 1229 997 1294 aliam
1023 1232 1148 1298 honore
1176 1234 1227 1298 vel
1251 1233 1290 1296 f-

218 1331 396 1396 cultatibus
419 1329 588 1393 ditiorem:
620 1332 679 1392 aut
701 1327 728 1392 si
748 1349 807 1409 pro
838 1337 977 1411 quaestu
998 1330 1246 1398 adulterandam
1263 1339 1291 1396 te

218 1429 345 1508 tradas,
387 1426 636 1492 matrimonialis
679 1434 881 1507 contractus
924 1437 1222 1516 quantumcumque
1255 1431 1291 1496 sit

184 1571 193 1577 -
217 1528 414 1606 favorabilis,
435 1531 526 1590 caret
548 1524 697 1590 effectur
739 1527 801 1592 Hic
820 1534 887 1593 tres
910 1530 1113 1596 conditiones
1136 1532 1290 1615 assignan-

217 1635 274 1692 tur
295 1628 464 1691 irritantes
493 1624 748 1703 matrimonium,
780 1626 857 1708 quia
885 1633 961 1692 sunt
983 1636 1096 1694 contra
1115 1629 1191 1695 tria
1219 1630 1292 1694 bona
1362 1661 1363 1668 ,

217 1727 313 1792 illius.
376 1725 484 1789 Prima
526 1723 668 1790 conditio
720 1724 773 1806 ,si
814 1727 1116 1808 generationem
1157 1728 1291 1793 evites“
1362 1715 1363 1766 1

217 1834 333 1891 contra
352 1826 474 1890 bonum
491 1822 600 1906 prolis.
635 1823 784 1888 Secunda
802 1824 946 1906 „donec
968 1827 1167 1892 inveniam
1184 1829 1291 1893 aliam
1362 1817 1363 1821 ¹

218 1925 426 1991 ditiorem“
457 1929 571 1987 contra
591 1921 714 1986 bonum
735 1923 950 2003 Sacramenti,
981 1927 1068 2009 quod
1089 1926 1171 1992 facit
1190 1926 1291 1991 matri·

217 2026 362 2104 monium
401 2021 626 2087 indissolubile
665 2028 699 2086 et
735 2029 938 2106 perpetuum.
992 2025 1103 2090 Tertia
1142 2027 1195 2108 ,si
1232 2045 1292 2108 pro
1362 2033 1363 2060 ³

218 2131 390 2208 quaestu
411 2121 719 2188 adulterandam
740 2128 778 2186 te
800 2123 958 2188 tradas“
981 2131 1031 2189 est
1050 2131 1165 2190 contra
1180 2126 1291 2189 bonurn
1362 2133 1363 2210 J

216 2223 304 2288 fidei.
355 2223 440 2305 Ergo
474 2221 676 2286 conditiones
708 2228 822 2286 contra
854 2224 1071 2288 substantiam
1104 2222 1293 2288 matrimonii
1362 2221 1363 2288 ζ

216 2323 371 2407 illiusque
409 2323 496 2386 bona
534 2321 777 2386 matrimonium
817 2344 950 2404 prorsus
989 2323 1171 2388 annullant.
1231 2323 1293 2387 Hau
1362 2357 1363 2392 r

218 2422 380 2488 decisione
412 2421 586 2504 Gregorius
618 2421 810 2503 neutiquam
838 2422 892 2504 jus
923 2444 1043 2487 novum
1074 2422 1208 2500 statuit,
1243 2419 1293 2485 scd
1362 2443 1363 2476 i

218 2521 397 2586 declaravit
418 2519 628 2596 solummod0,
652 2519 739 2602 quod
761 2541 801 2584 ex
821 2526 961 2586 naturae
978 2521 1052 2604 jure
1076 2521 1193 2602 erat.²)

221 2681 417 2692 ---.-

284 2769 303 2834 ¹)
328 2767 360 2820 Iu
386 2783 445 2835 cap.
467 2767 513 2820 fin.
539 2765 574 2820 de
598 2767 702 2821 condit.
725 2785 819 2836 appos.
861 2769 881 2830 ²)
899 2767 1005 2821 Doctor
1022 2767 1188 2838 seraphicus
1207 2768 1295 2836 (opera
1362 2777 1363 2810 l

217 2851 310 2905 omnia
334 2851 478 2919 recognita
502 2867 569 2903 cura
594 2850 696 2904 Peltier
721 2857 788 2905 tom.
807 2849 854 2913 Vl,
880 2855 949 2905 sent.
969 2851 1014 2916 lV,
1039 2851 1103 2906 dist.
1127 2853 1228 2916 XXXI,
1245 2853 1293 2904 al
1362 2862 1363 2894 1

217 2952 242 3003 q.
269 2932 320 3000 ll,)
344 2933 442 2986 horum
466 2933 551 2986 trium
575 2933 712 2987 bonorum
738 2933 934 2987 sufficientium
959 2934 1065 3004 triplici
1088 2935 1173 2988 modo
1197 2935 1295 3004 optime
1362 2949 1363 2976 ὲ

217 3017 353 3072 declarat:
383 3017 557 3081 „Dicendum
583 3022 639 3079 est,
667 3015 741 3084 quod
766 3033 896 3069 numerus
922 3022 951 3070 et
976 3004 1144 3072 sufficientia
1168 3017 1295 3070 bonorum
1362 3027 1363 3062 l

216 3099 387 3152 matrimonii
405 3102 498 3166 potest
514 3098 604 3166 accipi
623 3115 639 3150 a
656 3101 736 3166 parte
754 3113 876 3151 causae
903 3099 1124 3153 instituentis
1141 3101 1200 3154 sive
1218 3097 1295 3153 eflici-

217 3184 301 3236 entis:
327 3186 355 3234 et
379 3181 419 3234 sic
438 3198 454 3234 a
471 3181 578 3249 triplici
596 3181 752 3250 principio:
777 3181 965 3235 a'dictumine
988 3183 1098 3236 scilicet
1118 3187 1246 3248 naturae,
1268 3185 1295 3234 ut
1362 3197 1363 3228 ;

216 3265 260 3319 vir
278 3264 363 3318 cubet
380 3281 443 3317 cum
460 3265 577 3317 muliere
594 3264 630 3318 ad
648 3265 886 3319 conservationem
905 3265 991 3334 ipsius
1008 3270 1138 3331 naturae,
1158 3271 1187 3318 et
1203 3266 1243 3319 sic
1259 3267 1296 3318 est
1362 3275 1363 3306 l

216 3348 320 3401 bonum
337 3347 436 3415 prolis3
460 3363 476 3400 a
494 3347 645 3402 dictamine
662 3347 780 3402 rationis
797 3353 904 3410 rectae,
928 3353 961 3402 ut
976 3348 1021 3402 vir
1037 3364 1100 3402 cum
1118 3365 1181 3409 sua,
1202 3352 1232 3402 et
1246 3363 1296 3400 non
1362 3359 1363 3393 1

217 3447 280 3484 cum
297 3430 351 3482 alie
368 3430 453 3483 cubet
469 3431 594 3493 muliere,
609 3431 691 3484 etsie
709 3435 752 3483 est
766 3431 869 3484 bonum
887 3419 966 3496 fidei;
984 3447 1001 3484 a
1018 3431 1168 3484 dictamine
1186 3431 1295 3500 gratiae,
1362 3449 1363 3477 1

128 3535 130 3539 ·
216 3519 248 3567 ut
272 3512 445 3581 significetur
462 3513 527 3566 unio
546 3512 656 3584 divinae
674 3518 789 3566 naturae
814 3518 842 3566 et
858 3512 1009 3578 humanae,
1035 3513 1121 3566 etsie
1139 3518 1181 3566 est
1198 3513 1294 3566 bonum

217 3595 397 3650 Sacramenti.
440 3595 536 3648 Potest
561 3594 644 3648 etiam
671 3595 761 3664 accipi
787 3611 804 3647 a
829 3600 908 3663 parte
934 3597 1151 3665 principalis
1178 3595 1295 3650 consti·
1362 3637 1363 3670 ,

217 3677 358 3744 tuentis,
377 3681 405 3733 et
422 3677 475 3732 hcc
492 3677 652 3745 tripliciter,
671 3679 736 3745 quia
753 3677 789 3730 ad
806 3677 868 3744 hoc,
885 3679 959 3746 quod
977 3680 1184 3732 matrimonium
1201 3679 1296 3732 habeat
1362 3739 1363 3746 χ

218 3778 277 3816 esse
301 3760 484 3828 completum,
509 3760 565 3817 tria
588 3765 653 3816 sunt
676 3763 846 3825 necessaria,
873 3761 983 3814 scilicet
1006 3761 1160 3827 institutio,
1184 3778 1248 3816 usus
1270 3762 1295 3813 et

216 3844 332 3898 fructus.
364 3843 482 3897 Ratione
500 3843 692 3908 institutionis,
711 3849 754 3898 est
769 3843 873 3898 bonum
888 3843 1072 3912 Sacramenti3
1089 3846 1196 3898 ratione
1214 3842 1296 3898 debiti
1355 3869 1363 3919 ·j

217 3943 289 3989 usus,
308 3930 350 3980 est
366 3926 469 3980 bonum
486 3924 565 3993 fidei3
591 3927 700 3980 ratione
717 3927 825 3981 fructus
843 3926 1012 3981 conferentis
1029 3944 1121 3993 usum,
1140 3931 1183 3981 est
1198 3926 1295 3980 bonum

217 4009 314 4079 prolis:
337 4014 366 4065 et
383 4010 424 4063 sic
441 4013 527 4078 patet,
546 4008 620 4078 quod
637 4013 679 4064 est
695 4009 799 4078 triplex
818 4012 930 4067 bonum.
964 4011 1060 4066 Potest
1077 4009 1195 4078 denique
1212 4007 1295 4076 accipi
