2782 4554
573 357 633 420 519

49 517 282 601 hyperdulia.“
325 517 488 601 „Maxima
508 518 692 584 reverentia
720 517 860 584 debetur
877 518 974 602 juxta
1002 519 1141 586 cundem

52 639 77 684 s.
96 617 278 683 Ductorem
286 617 311 701 ¹)
329 616 453 683 homini
472 637 512 682 ex
529 615 696 697 affinitate,
716 637 815 701 quam
831 617 933 683 habet
950 617 992 684 ad
1004 618 1139 685 Deum.“

118 715 224 782 Nemo
244 717 305 782 hac
328 715 368 782 de
397 716 557 800 dignitate
578 717 778 782 luculentius
800 717 990 783 disseruisse
1011 718 1141 785 videtur

51 837 78 882 s.
102 815 353 881 Bernardino
377 816 552 881 Senensi.
589 816 726 898 ,Prima
749 817 895 900 inquit,²)
919 817 1060 901 dignitas
1082 839 1139 883 seu

52 911 254 980 excellentia
278 911 421 998 Virginis
442 914 611 997 gloriosae,
635 935 719 998 quae
741 916 811 998 ejus
832 915 970 998 gloriam
990 937 1139 999 magnam

54 1013 211 1093 ostendit,
230 1014 422 1078 maternitas
442 1011 530 1078 diota
552 1020 616 1078 est:
639 1013 779 1078 maxima
800 1033 916 1097 nempe
935 1015 1138 1094 excellentia,

55 1113 147 1196 quod
167 1113 266 1196 Virgo
287 1113 386 1179 beata
414 1113 458 1177 sit
478 1111 586 1177 Mater
607 1112 685 1190 Dei,
715 1132 813 1196 quam
835 1112 923 1196 quod
943 1113 987 1178 sit
1008 1112 1139 1178 domina

55 1218 284 1277 creaturarum
306 1212 381 1292 Dei3
406 1212 469 1277 hoc
491 1213 576 1277 enim
598 1209 761 1295 dependet
782 1213 823 1277 ab
845 1213 902 1277 illo
923 1212 1009 1278 sicut
1030 1232 1139 1277 ramus

53 1333 73 1376 a
96 1310 218 1376 radice.
261 1311 345 1376 Nam
366 1317 404 1376 ut
425 1309 546 1375 dicitur
566 1309 665 1375 Hebr.
687 1311 712 1390 1,
735 1311 820 1376 sicut
840 1311 941 1376 Filius
963 1311 1025 1375 Dei
1046 1311 1138 1377 sedet

53 1430 75 1473 a
99 1409 224 1476 dextris
245 1410 428 1493 Majestatis
449 1410 483 1474 in
505 1409 649 1486 excelsis,
672 1416 785 1474 tanto
814 1410 954 1475 melior
976 1409 1137 1493 Angelis

52 1507 249 1587 effectus,
283 1515 432 1592 quanto
465 1507 727 1573 differentius
755 1529 849 1590 prae
882 1507 967 1572 illis
999 1529 1137 1574 nomen

53 1605 345 1694 haereditavit,
376 1605 464 1690 quod
492 1629 610 1672 nomen
640 1614 705 1685 est,
735 1614 773 1672 ut
801 1608 845 1672 sit
873 1629 947 1672 vere
970 1607 1058 1672 Deus
1079 1629 1138 1691 per

52 1707 197 1790 gratiam
221 1708 363 1772 unionis:
385 1707 431 1772 sic
454 1714 487 1772 et
508 1706 616 1772 Mater
637 1708 768 1772 Domini
790 1707 894 1772 nostri
914 1707 993 1771 Jesu
1016 1706 1138 1772 Christi

53 1806 200 1889 gloriosa
220 1805 341 1884 Maria,
370 1812 464 1870 tanto
486 1805 602 1870 melior
623 1812 673 1871 est
694 1805 826 1889 Angelis
848 1803 979 1884 effecta,
1014 1812 1137 1890 quanto

54 1919 135 1988 prae
157 1905 307 1970 omnibus
333 1904 492 1970 creaturis
513 1904 745 1984 haereditavit,
775 1910 813 1969 ut
835 1903 999 1969 obtineret
1020 1903 1136 1986 dignae

53 1993 173 2069 Matris
210 2005 358 2069 ιιοιιιιιιι.ιι
413 2003 628 2087 Praecipuum
670 2025 746 2088 ergo
791 2003 899 2068 cultus
935 2002 1138 2086 hyperdulici

54 2103 214 2167 motivum
235 2103 442 2168 existimatur
463 2102 777 2167 celsissimaMatris
796 2102 858 2166 Dei
879 2103 1029 2186 dignitas,
1052 2125 1135 2187 quae

53 2221 129 2265 eam
165 2199 235 2266 Deo
273 2200 395 2267 reddat·
424 2200 551 2266 affinem
586 2200 700 2284 illique
738 2199 916 2266 dominium
952 2201 1063 2267 tradat
1102 2211 1136 2266 et

53 2305 222 2382 sceptrum
250 2301 368 2383 regale.
412 2300 562 2384 Dignitas
590 2299 670 2364 haec
699 2299 930 2364 sublimissime
958 2306 1009 2364 est
1037 2301 1136 2366 etiam

55 2399 142 2463 ratio
171 2399 375 2483 principalis,
409 2422 468 2465 cur
495 2407 565 2465 tam
591 2399 732 2465 fidenter
758 2397 801 2464 ad
832 2397 862 2464 b.
892 2400 1058 2484 Virginem
1085 2421 1136 2466 re-

53 2520 225 2563 curramus
248 2501 381 2584 ejusque
403 2499 612 2583 imploremus
633 2498 798 2564 auxilium.

509 2743 611 2876 cap.
643 2744 688 2851 ll.

143 2949 202 3016 nn
223 2917 513 3018 mvoonrrorn
534 2946 809 3015 nerrrssnrn
831 2946 1040 3016 v1ne1u1s.

118 3097 254 3180 ,Petrus
281 3096 520 3180 Gnaphaeus,³)
549 3094 656 3178 inquit
682 3094 980 3178 chemnitius,⁴)
1013 3097 1047 3160 in
1075 3118 1133 3161 suo

55 3196 246 3279 episcopatu
268 3196 436 3279 praecepit
456 3194 579 3259 Mariae
601 3215 718 3258 nomen
740 3195 780 3258 ab
803 3195 952 3260 omnibus
974 3195 1133 3260 invocari:

55 3296 158 3378 igitur
173 3294 278 3360 Maria
299 3295 389 3378 prius
410 3315 475 3358 non
496 3293 560 3358 fuit
581 3293 711 3376 publice
732 3293 890 3372 invocata,
910 3294 968 3359 sed
990 3295 1134 3378 ejusdem

55 3393 217 3459 invocatio
241 3394 427 3477 Gnaphaeo,
446 3394 573 3459 auctori
602 3392 701 3458 debet
727 3393 876 3458 ascribi.“
918 3395 1012 3459 Hunc
1034 3396 1133 3460 ratio-

55 3492 186 3556 cinandi
212 3491 344 3557 modum
371 3492 524 3557 flacidum
542 3493 616 3575 jure-
644 3493 761 3557 meritc
790 3493 937 3558 nominat
965 3515 1045 3558 ven.
1068 3493 1133 3559 Ca-

123 3677 142 3741 ¹)
155 3677 197 3735 ἓξ
211 3677 284 3744 Qq
306 3675 377 3742 Glll,
390 3680 442 3730 art.
455 3673 504 3741 1v,
517 3673 554 3728 ad
566 3677 591 3728 2.
616 3677 637 3741 Β)
651 3673 737 3729 Serm.
750 3677 781 3729 61
797 3677 848 3728 art.
864 3676 876 3726 l
891 3689 932 3742 cp
948 3675 973 3728 ὅ.
997 3675 1019 3741 ³)
1034 3675 1133 3730 Petrus

56 3747 388 3826 Gnephae'nrsdlccleeiae
404 3757 593 3812 Antiochense
610 3757 842 3826 Archiepircopne
860 3759 889 3810 et
901 3755 1002 3811 Leonis
1020 3757 1041 3821 Ι,
1054 3758 1134 3812 Pont.

57 3840 129 3895 Max.
146 3844 323 3907 coaetaneus,
342 3845 467 3909 quartem
484 3839 624 3908 Synodnm
643 3839 817 3895 Chalcedone
834 3843 960 3893 coactam
977 3856 1027 3894 ana
1043 3844 1135 3895 aetate

56 3922 134 3978 vidit
167 3923 221 3980 cfr.
239 3923 362 3980 canisius
386 3924 405 3978 l.
430 3939 453 3976 c.
474 3941 501 3992 p.
523 3923 571 3990 lv,
593 3925 660 3978 sect
683 3921 719 3988 ll,
744 3938 789 3993 op.
811 3921 899 3979 xvh.
939 3923 962 3990 ⁴)
981 3921 1014 3976 In
1037 3923 1136 3977 Exam.

57 4007 137 4062 Ocno.
154 4005 230 4062 Trid.
248 4007 324 4062 circa
339 4007 458 4064 invocat.
492 4005 533 4061 Se.
