2730 4564
716 392 718 396 ⁴
758 373 840 448 160Ι

241 537 330 602 Deus
351 533 504 600 formavit
521 533 692 597 mulierem
713 533 753 597 de
774 532 878 598 latere
899 533 960 598 viri
981 532 1182 621 dormientis.
1214 533 1313 598 Tertia

242 641 293 700 est
324 634 372 699 de
404 632 492 698 viro
525 638 567 696 61
599 630 645 696 de
677 631 831 697 femina
864 637 897 696 61
927 632 1009 696 11666
1041 638 1091 697 661
1122 633 1311 715 quotidiana.

241 734 359 798 Restat
387 735 507 815 quarta
537 730 583 794 de
612 729 766 794 femina
794 730 883 795 sine
912 730 1001 795 viro
1032 737 1066 796 et
1087 731 1167 796 haec
1190 739 1239 796 est
1259 733 1312 796 sin-

240 828 803 915 31161163616161161661011611.
845 829 969 908 Prima,
1000 830 1142 894 secunda
1171 838 1206 896 et
1226 830 1313 896 tertia

242 930 409 1015 generatio
436 929 501 993 fuit
527 928 570 992 ad
597 926 730 992 humani
756 928 882 1009 generis
910 929 1189 1011 propagationem.
1237 929 1313 994 llaec

242 1031 360 1095 ultima
382 1035 500 1112 quarta
521 1026 585 1092 1111
614 1026 657 1090 ad
678 1026 747 1109 ejus
769 1026 1053 1110 redemptionem
1077 1028 1158 1093 Illae
1179 1035 1246 1093 tres
1266 1049 1315 1110 per

126 1131 127 1138 '
241 1129 496 1196 inobedientiam
519 1132 726 1204 corruerunt,
757 1125 837 1190 11666
859 1133 977 1209 quarta
997 1127 1196 1192 restauravit
1216 1128 1314 1191 ruinas

244 1249 365 1294 earum.
408 1228 469 1292 Est
495 1226 596 1309 igitur
616 1225 696 1290 haec
727 1225 894 1307 generatio
922 1225 1060 1290 caeteris
1081 1226 1200 1309 major,
1230 1226 1315 1290 mira-

241 1328 340 1393 bilior
362 1334 396 1392 61
416 1326 510 1391 nobis
531 1324 653 1400 utilior.
696 1324 815 1407 Major,
839 1323 916 1407 qnia
936 1323 1040 1406 major
1060 1331 1119 1403 est,
1143 1325 1203 1407 qui
1223 1324 1314 1389 nasci-

207 1486 209 1491 .
240 1425 310 1505 tur,
340 1425 465 1490 seilicet
487 1424 549 1488 Dei
569 1422 679 1488 Filius.
722 1422 920 1501 Mirabilior‚
951 1422 1236 1505 quia‘mirabilius
1264 1427 1313 1498 est,

242 1524 330 1608 quod
353 1524 441 1588 Deus
462 1523 496 1586 in
522 1520 629 1608 161116
657 1520 741 1585 servi
763 1520 803 1584 de
824 1520 959 1585 muliere
982 1510 1134 1604 dignatus
1156 1527 1207 1586 est
1226 1519 1313 1595 nasci,

242 1644 340 1706 quam
370 1621 457 1705 quod
475 1641 615 1686 -servum
646 1619 827 1702 plasmavit.
877 1618 979 1684 Nobis
1011 1620 1138 1699 utilior,
1173 1620 1315 1702 quonian

242 1721 355 1787 utilius
385 1716 439 1808 est
456 1719 565 1798 nobis,
597 1718 761 1782 advitam
789 1719 916 1782 renasci
944 1725 1126 1798 aeternam,
1157 1741 1255 1802 quam
1281 1717 1315 1782 ad

244 1828 383 1886 mortem
404 1819 519 1883 111116
541 1817 670 1883 6666111
692 1818 783 1895 nasei
804 1839 863 1900 161
885 1818 990 1882 carnis
1011 1819 1250 1884 nativitatem.“

304 1919 367 1997 Qui
388 1939 464 2000 ergo
487 1924 560 1982 erat
578 1916 688 1999 Agnus
710 1916 779 1980 sine
797 1915 926 1980 macula
947 1923 980 1981 et
1001 1917 1044 1981 ad
1061 1916 1174 1981 mundi
1191 1924 1316 2001 peccata

244 2016 407 2101 expianda
423 2021 565 2093 venerat,
585 2037 624 2078 ex
643 2015 713 2080 sola
728 2037 874 2100 puraque
890 2015 1024 2098 Virgine
1039 2016 1167 2098 concipi
1183 2024 1217 2082 et
1231 2037 1317 2100 gene·

242 2117 310 2181 rari
331 2115 442 2180 voluit.
487 2114 623 2197 ,Talis
651 2115 758 2179 enim
785 2113 972 2192 decebat
995 2120 1038 2179 ut
1064 2114 1184 2179 nobis
1212 2120 1316 2180 esset

240 2213 451 2291 Pontifex,
479 2219 661 2291 sanctus,
684 2213 894 2291 innocens,
918 2211 1172 2295 impollutus,
1195 2234 1316 2298 segre

242 2319 366 2395 gatus
394 2333 414 2376 a
442 2311 770 2395 166661111116,α
799 2318 837 2377 11
865 2311 980 2376 scribit
1007 2311 1228 2395 Apostolusl)
1271 2313 1317 2378 Se-

241 2416 394 2493 gregatus
423 2431 498 2475 vero
519 2409 584 2475 fuit
606 2431 625 2474 a
646 2410 874 2494 peecatoribus
900 2411 968 2494 jam
988 2411 1049 2476 hoc
1078 2412 1222 2494 virgineo
1252 2434 1316 2478 eon·

241 2516 339 2592 66111
360 2531 399 2574 66
420 2516 503 2575 ortu.
547 2509 725 2587 Quaeritur

241 2673 286 2738 2⁰.
320 2673 378 2737 An
400 2679 628 2738 teneantur
648 2673 814 2752 fideles,
837 2673 1044 2757 explicite
1067 2674 1242 2740 credere
1263 2675 1316 2739 be·

269 2772 484 2838 atissimae
512 2771 704 2855 Virginis
732 2773 1298 2856 perpetuam'virginitatem.

303 2903 488 2987 Dupliciter
518 2903 644 2987 aliquid
675 2903 739 2969 fide
774 2903 883 2968 divina
914 2905 1074 2971 ereditur:
1117 2881 1316 2989 explicite

240 3003 395 3068 nimirum
416 3009 450 3068 et
478 3002 699 3086 implicite.
742 3003 904 3086 Explicite
933 3003 1058 3086 aliquid
1079 3004 1194 3082 eredo,
1222 3004 1317 3068 6161-

240 3102 361 3185 pressis
390 3103 537 3168 terminis
558 3102 698 3186 praebeo
728 3123 894 3166 assensum
923 3101 1021 3165 611611
1049 3102 1183 3186 61661611
1210 3108 1243 3167 61
1269 3101 1317 3166 de·

240 3201 416 3267 terminato
447 3202 524 3268 fidei
555 3201 694 3266 articulo
727 3223 754 3264 v.
788 3223 816 3284 g.
845 3199 1000 3265 Trinitati
1030 3222 1244 3284 personarum
1273 3199 1318 3264 vel

240 3300 461 3365 lneamationi
479 3301 640 3366 secundae
662 3301 695 3366 in
716 3300 833 3368 divinis
851 3320 1017 3382 personae.
1056 3301 1218 3384 Implicite
1239 3321 1316 3376 vero,

241 3399 269 3464 si
291 3399 387 3463 credo
409 3399 504 3478 illud,
535 3421 599 3483 quo
621 3400 682 3465 hoc
704 3399 1004 3481 illudvepunetum
1033 3398 1231 3465 credendum
1251 3421 1318 3465 con-

241 3498 367 3564 tinetur
395 3519 453 3563 seu
482 3499 510 3563 si
538 3499 717 3582 generatim
744 3497 893 3563 omnibus
921 3498 1115 3564 veritatibus
1144 3521 1164 3566 6
1186 3501 1254 3566 Deo
1274 3519 1317 3564 re

241 3595 358 3660 velatis
390 3603 424 3661 et
455 3595 496 3661 ab
525 3596 672 3662 Ecclesia
703 3597 880 3680 propositis
912 3598 1073 3662 assentior
1103 3598 1227 3683 absque
1257 3597 1318 3663 ullu

241 3694 515 3760 determinatione
536 3696 579 3760 ad
599 3695 742 3779 aliquem
763 3695 939 3761 articulum
959 3697 1202 3779 particularem.

304 3793 377 3859 Non
410 3794 557 3884 defuere,
591 3794 647 3879 qui
679 3795 805 3878 opinati
836 3795 975 3875 fuerint,
1008 3794 1165 3862 fideles
1196 3795 1318 3861 nulla-

244 3936 441 3949 -—--—-

309 4006 330 4074 ¹)
347 4007 417 4063 lleb.
435 4007 498 4073 Vn,
514 4010 555 4064 26.
