2808 4556
764 362 825 421 604

247 518 370 588 'fratres
392 522 523 587 Domini
545 542 585 585 ex
613 527 761 585 materno
790 541 908 604 genere
936 542 1148 605 quoscunque
1170 531 1330 607 cognatos,

251 644 353 705 quum
381 622 483 687 etiam
504 643 544 686 ex
572 621 765 704 cognatione
786 621 910 703 Joseph
940 620 1006 684 dici
1025 623 1197 704 potuerint
1218 623 1332 689 fratres

251 723 321 804 ejus
342 722 384 786 ab
406 722 463 800 eis,
482 723 539 805 qui
560 721 653 785 illum
670 727 799 803 patrem
819 715 958 785 Domini
969 741 1039 785 esse
1058 720 1332 788 arbitrabantur.“

313 820 498 907 Antequam
519 820 563 885 ad
581 825 772 903 sequentem
793 827 1000 884 transeamus
1021 822 1259 902 quaestionem,
1271 822 1333 886 Ba-

251 921 356 985 ronii
393 921 502 1002 opinio
535 943 634 1003 supra
661 927 842 984 memorata
868 920 1013 1002 penitius
1045 920 1251 1002 inspicienda
1277 929 1330 987 est.

252 1018 489 1085 Celeberrimus
528 1019 711 1084 Cardinalis
756 1019 916 1083 Jacobum
963 1026 996 1084 et
1036 1019 1218 1101 Josephum
1254 1019 1333 1085 filios

250 1117 406 1199 alphaei,
448 1119 612 1182 Simonem
646 1138 722 1181 vero
759 1123 793 1182 ct
828 1117 947 1181 dudam
982 1117 1068 1182 filios
1103 1118 1206 1183 fuisse
1242 1127 1334 1203 putat

252 1217 425 1298 Cleophae.

313 1337 341 1379 a.
374 1315 535 1380 Jacobum
563 1321 597 1378 et
617 1315 796 1396 Josophum
822 1314 907 1379 filios
930 1314 1068 1398 Alphaei
1094 1316 1197 1382 fuisse
1220 1319 1334 1401 probat

251 1435 291 1477 ex
313 1435 361 1491 eo,
385 1414 473 1496 quod
493 1413 644 1492 Jacobus,
673 1413 778 1477 frater
800 1413 938 1492 Domini,
968 1418 1216 1496 cognominatus
1239 1417 1336 1482 fuerit

252 1513 442 1597 alphaei31)
483 1512 685 1578 consuetudo
721 1519 831 1577 autem
869 1514 1112 1596 Scripturarum
1149 1523 1217 1593 est,
1255 1516 1334 1582 filios

250 1613 381 1676 nomine
413 1613 517 1694 patris
551 1613 793 1694 cognominare,
828 1614 913 1677 sicut
944 1614 1044 1678 etiam
1076 1614 1162 1679 alter
1194 1617 1335 1681 Jacobus

251 1711 316 1775 diei
337 1711 422 1774 solet
440 1710 608 1774 Zebedaei.
654 1710 793 1776 Constat
809 1732 906 1793 porro
923 1711 1019 1793 juxta
1039 1713 1141 1792 illum,
1159 1715 1335 1797 Josephum

251 1808 388 1874 fratrem
422 1809 524 1874 fuisse
554 1809 685 1886 Jacobi,
723 1809 887 1874 referente
923 1810 1034 1876 Marco
1071 1812 1333 1896 Evangelista²):

251 1908 396 1990 ,Erant
419 1915 551 1974 autem
581 1914 620 1972 et
641 1908 829 1972 mulieres
857 1909 902 1972 de
924 1908 1040 1992 longe
1068 1913 1334 1994 aspicientes:

251 2007 359 2070 inter
381 2028 478 2089 quas
504 2014 591 2071 erat
611 2007 738 2071 Maria
759 2007 993 2090 Magdalenc
1021 2017 1061 2074 et
1081 2010 1193 2078 Maria
1214 2012 1336 2080 Jacobi

251 2104 390 2172 minoris
413 2109 450 2173 ot
467 2106 595 2192 Josoph
615 2108 736 2196 mater,
759 2113 798 2171 ct
821 2106 1005 2172 Salomo.“
1047 2109 1151 2174 Judas
1174 2117 1208 2174 et
1229 2111 1335 2176 Simon

137 2247 139 2251 ,
250 2204 303 2268 hic
320 2206 646 2287 praetermittuntur3
667 2226 743 2288 ergo
765 2227 820 2270 eos
838 2228 903 2270 non
926 2229 966 2271 ex
984 2208 1107 2272 eisdem
1122 2231 1197 2273 oum
1213 2211 1334 2275 Jacobs

251 2311 285 2368 et
303 2304 447 2387 Josepho
469 2304 662 2386 parentibus
684 2311 780 2369 natos
801 2305 902 2370 fuisse
923 2307 1085 2372 Baronius
1107 2309 1285 2374 concludit.

312 2403 557 2486 Respondemus
579 2425 653 2468 cum
673 2402 901 2487 Vasquez,³)
930 2405 972 2470 ad
994 2413 1134 2471 matrem
1155 2408 1248 2472 illam
1269 2408 1334 2472 Ma·

250 2501 333 2565 riam
366 2501 598 2584 designandam
629 2523 763 2584 prorsus
795 2501 977 2582 suffecisse,
1011 2504 1094 2570 duas
1127 2507 1275 2588 ejusdem
1303 2514 1335 2570 et

250 2600 383 2683 quidem
404 2600 544 2683 majores
565 2606 646 2665 natu
664 2599 749 2665 filios
767 2603 945 2666 nominare.
974 2604 1077 2669 Judas
1095 2627 1195 2688 porro
1219 2613 1334 2671 semet-

250 2701 357 2782 ipsum
388 2700 504 2764 Jacobi
535 2698 672 2764 fratrem
703 2700 852 2766 nominat
884 2701 1010 2766 dicens:
1051 2704 1210 2785 ,Judas,
1243 2705 1264 2768 J
1270 2725 1333 2768 esu

251 2799 404 2864 Christi
432 2799 735 2877 se1·vuS,frater
762 2808 892 2866 autom
918 2801 1126 2883 Jacobissr)
1169 2801 1333 2887 Numquid

249 2898 394 2980 generali
413 2905 543 2962 tantum
561 2900 689 2963 ratione
710 2907 847 2982 propter
863 2899 1007 2964 familiae
1026 2901 1255 2983 cognationem
1275 2902 1334 2964 hoc

250 2990 313 3061 sibi
334 2995 490 3061 attribuit
510 2998 651 3062 nomen?
685 2997 924 3063 Pordifficiliter
944 2999 1007 3063 hoc
1030 2999 1238 3064 credendum.

311 3097 341 3160 b.
380 3097 543 3162 Simonem
579 3104 613 3161 et
643 3098 763 3162 Judam
797 3099 882 3163 filios
917 3098 1019 3164 fuisse
1052 3098 1234 3182 Cleophae‚
1272 3120 1333 3162 non

249 3202 361 3260 autem
382 3195 536 3277 alphaei,
567 3197 687 3279 probat
707 3204 823 3262 auctor
847 3219 885 3262 ex
908 3219 955 3276 eo,
986 3197 1075 3280 quod
1095 3197 1332 3281 Hegesippus⁵)

250 3294 427 3376 Cleopham
448 3294 566 3359 iecerit
586 3295 723 3360 fratrem
744 3297 878 3379 Josephi
905 3304 939 3361 et
960 3319 1000 3361 ex
1022 3296 1168 3379 Cleopha
1189 3297 1333 3379 genitum

248 3394 349 3459 fuisse
380 3393 502 3459 dixerit
524 3394 703 3473 Simonem,
734 3395 791 3478 qui
818 3395 941 3460 Jacobo
970 3395 1089 3459 minori
1117 3396 1276 3460 successit
1302 3395 1333 3457 in

248 3493 449 3574 Episcopatu
484 3492 796 3576 Hierosolymitano,
839 3493 992 3577 quodque
1027 3495 1230 3558 mentionem
1266 3495 1334 3576 ejus

247 3591 371 3655 faciens
388 3591 552 3656 Simonem
574 3598 608 3656 et
624 3591 784 3656 Jacobum
802 3592 923 3657 fratres
942 3592 1043 3658 fuisse
1063 3615 1127 3658 non
1146 3593 1333 3659 asseruerit.

317 3838 336 3900 ¹)
353 3836 452 3888 Matth.
478 3837 511 3901 X,
534 3840 562 3903 33
587 3837 674 3891 Marc.
692 3836 743 3902 ΙΙΙ,
770 3839 812 3904 18,
840 3841 903 3894 Act.
928 3838 949 3903 I,
974 3842 1014 3894 13.
1056 3843 1078 3907 ²)
1099 3842 1184 3896 Mare.
1210 3841 1270 3905 XV,
1294 3841 1333 3890 40.

248 3918 269 3980 ³)
287 3917 471 3971 commentar.
496 3935 529 3972 ac
546 3919 683 3987 Disputat.
708 3921 738 3975 in
756 3920 806 3984 ΙΙΙ,
831 3939 859 3989 p.
880 3926 947 3976 tom.
967 3922 1004 3988 11,
1027 3923 1098 3990 disp.
1116 3921 1226 3989 exau,
1250 3940 1278 3976 n.
1294 3923 1332 3973 3¹.

248 3998 270 4060 ⁴)
289 3996 353 4050 Jud.
372 4002 394 4050 1.
427 4001 449 4064 ⁵)
468 4000 551 4068 Apud
570 4001 671 4054 Euseb.
690 4001 739 4058 lib.
757 4001 808 4068 111,
825 4019 888 4071 epp.
906 4007 947 4070 10,
965 4007 1005 4059 26.
