2728 4560
735 325 796 385 200

184 492 187 497 ’
224 487 355 570 legitur,
378 485 557 551 revelatum
571 483 610 549 ‘ei
629 501 746 568 nempe
767 483 877 563 fuisse,
899 484 1123 550 beatissimam
1144 485 1292 569 Virginem

225 587 369 651 omnium
389 585 528 669 primam
556 582 617 647 hoc
646 589 758 648 votum
780 582 850 648 Deo
879 601 1093 667 nuncupasse.
1136 585 1157 650 J
1164 607 1294 651 oannes

224 683 643 766 Hierosolymitanus
680 682 797 746 asserit
832 682 976 764 quidem,
991 684 1016 766 ¹)
1055 685 1105 766 „b.
1143 685 1295 768 Virginem

223 783 417 849 feminarum
434 781 574 864 primam
591 786 785 863 perpetuam
804 780 1023 864 virginitatem
1040 783 1166 848 vovisse
1188 804 1295 851 exem-

223 883 331 966 plum
351 881 465 946 Eliae
488 881 699 957 secutam;“
722 879 779 943 sed
806 901 829 944 s.
853 879 1117 963 Hieronymus
1138 882 1294 946 victoriose

225 1002 299 1045 eum
320 977 484 1045 refutavit.
506 1041 509 1048 ,
528 978 618 1042 Elias
647 978 737 1062 virgo
759 977 838 1057 fuit,
868 979 1066 1061 virginitatis
1094 987 1205 1046 votum
1231 1001 1294 1044 vero

225 1100 292 1144 non
314 1078 429 1142 emisit.
938 1151 939 1156 γ
1203 1147 1206 1152 ,

288 1178 333 1242 At
355 1198 461 1242 nonne
490 1175 583 1239 filia
610 1175 630 1240 J
637 1175 789 1258 ephree)
818 1176 906 1258 apud
925 1175 1068 1242 Judaeos
1089 1177 1296 1260 virginitatem

225 1299 318 1342 suam
340 1276 409 1341 Deo
432 1275 641 1340 consecravit.

288 1377 378 1454 Quae
401 1375 428 1440 si
446 1381 557 1439 votum
579 1374 646 1438 talo
665 1374 781 1452 emisit,
799 1380 877 1449 tunc
895 1396 960 1438 non
978 1374 1081 1438 libere
1100 1382 1135 1440 et
1153 1375 1295 1458 religione

227 1475 261 1539 in
278 1476 385 1548 Deum
405 1494 541 1538 accensa
562 1473 624 1537 hoc
644 1471 732 1550 fecit,
752 1472 810 1536 sed
831 1473 941 1555 potius
963 1494 1003 1536 ex
1024 1474 1212 1539 obedientia
1231 1493 1295 1554 erga

225 1581 354 1657 patrem
385 1574 480 1656 vique
510 1572 579 1655 ejus
611 1579 733 1636 coacta.
784 1572 971 1637 Communis
1003 1593 1078 1636 vero
1112 1579 1147 1637 et
1175 1561 1300 1655 antiqua¹

225 1674 402 1752 sententia,
429 1672 470 1736 ab
493 1670 642 1736 omnibus
663 1670 733 1735 fere
755 1693 795 1734 ss.
818 1669 1005 1752 Ρ1111111113)
1034 1671 1182 1752 defensa,
1205 1679 1295 1748 sonat,

226 1772 358 1836 filiam
380 1794 400 1836 a
420 1771 565 1854 Jephte
593 1770 632 1833 in
658 1768 907 1834 sacrificium
933 1768 1059 1834 fuisse
1086 1778 1294 1836 mactatam.

226 1874 386 1938 Fautores
405 1871 562 1955 prioris
594 1871 792 1948 sententiae,
823 1869 910 1952 quod
931 1890 1047 1952 nempe
1068 1871 1188 1954 Jephte
1209 1872 1295 1936 tiliam

226 1993 327 2036 suam
346 1971 512 2054 mystice
541 1970 560 2033 i.
585 1991 611 2034 e.
634 1990 693 2051 per
721 1968 916 2051 virginitatis
945 1973 1221 2036 consecrationem
1246 1973 1295 2035 im·

225 2070 406 2148 motaverit,
429 2069 588 2152 objiciunt
607 2068 815 2150 praesertim:

290 2197 319 2234 α.
349 2168 470 2233 Textus
491 2168 663 2233 hebraicus
692 2167 785 2232 reddi
807 2166 919 2231 debet:
949 2168 1079 2249 „Quod
1109 2191 1296 2254 egressum

226 2271 328 2334 fuerit
351 2267 515 2333 osoribus
543 2268 657 2332 domus
685 2288 776 2331 meae
805 2267 839 2329 in
868 2271 1202 2348 occursum‚meum,“
1228 2269 1296 2332 dum

226 2368 387 2452 Vulgatae
425 2372 535 2431 textus
569 2367 686 2431 habet:
725 2365 984 2449 „quicumque
1020 2367 1171 2449 primus
1207 2367 1297 2432 fuerit

227 2489 374 2551 egressus
397 2467 437 2531 de
458 2465 584 2531 foribus
607 2466 721 2531 domus
742 2466 863 2530 meae.“

289 2567 354 2632 Sed
381 2566 472 2631 nulla
502 2572 552 2631 est
579 2567 678 2645 ratio,
711 2588 770 2630 cur
797 2566 986 2630 recedamus
1016 2587 1035 2630 a
1063 2567 1210 2631 versione
1229 2563 1296 2628 Vul-

226 2672 338 2749 gatae,
377 2665 608 2748 Septuaginta,
641 2686 661 2730 a
692 2664 897 2744 versionibus¹
929 2665 1061 2747 Syriaca
1093 2672 1128 2730 et
1159 2665 1295 2739 Arabica

234 2817 431 2828 -u—a——u—

293 2897 313 2962 ¹)
331 2897 423 2950 Tract.
442 2897 477 2951 de
494 2897 582 2951 instit.
600 2894 726 2950 monach.
745 2911 787 2964 cp.
805 2897 846 2950 34.
885 2896 906 2963 ²)
924 2895 988 2950 Jud.
1008 2895 1054 2959 xl,
1073 2897 1179 2952 29-40.
1215 2898 1234 2963 ³)
1250 2893 1295 2948 Cir.

226 2997 247 3034 s.
265 2979 464 3052 Hieronytib.
482 2984 495 3034 1
514 2980 576 3035 adv.
593 2980 731 3034 Jovinian.
749 2995 792 3048 ep.
811 2981 853 3044 13,
872 2978 901 3030 in
919 2994 977 3046 cap.
996 2981 1012 3033 6
1029 2977 1118 3046 Mich3
1146 2980 1239 3034 Ambr.
1254 2978 1295 3030 lib.

225 3065 241 3114 3
265 3062 309 3116 off.
335 3079 378 3130 cp.
405 3066 447 3131 123
473 3065 589 3134 August.
615 3079 640 3130 q.
663 3064 695 3115 49
720 3063 750 3115 in
773 3060 837 3114 Jud.
861 3061 909 3115 lib.
933 3065 945 3112 1
969 3061 1004 3114 de
1030 3062 1105 3116 civit.
1128 3062 1180 3116 Dei
1202 3079 1241 3130 cp.
1262 3063 1296 3112 21.

226 3144 364 3214 Chrysost.
385 3145 509 3200 hom.14
532 3146 567 3198 ad
590 3162 654 3214 pop.
677 3143 807 3198 Antioch.
825 3145 908 3212 Greg.
925 3142 990 3197 Naz.
1014 3149 1083 3198 orat.
1105 3148 1149 3212 223
1173 3163 1195 3199 s.
1212 3145 1295 3198 Thom.

226 3228 255 3281 in
274 3228 326 3293 lv,
350 3228 413 3282 dist.
431 3230 463 3281 38
485 3246 511 3297 q.
530 3232 541 3282 1
562 3245 586 3283 a.
603 3231 629 3283 2.
646 3229 771 3295 vasquez
796 3225 827 3280 ln
846 3227 905 3290 111;
926 3248 951 3297 p.
973 3232 1039 3280 tom.
1056 3226 1096 3286 11,
1123 3227 1191 3296 disp.
1209 3231 1260 3281 124.
1275 3243 1295 3294 q.

225 3313 259 3364 28
282 3328 305 3365 a.
330 3315 345 3364 3
370 3330 396 3366 n.
419 3313 460 3366 91.
484 3311 609 3365 Becanus
634 3309 771 3378 Analogia
795 3309 897 3363 veteris
923 3326 956 3362 ac
980 3310 1044 3363 novi
1068 3310 1141 3363 Test.
1165 3327 1227 3380 pag.
1248 3312 1296 3362 180.

225 3393 329 3450 Benad.
348 3394 427 3458 XIV,
452 3395 487 3448 de
511 3394 589 3448 festis
606 3393 636 3448 B.
655 3393 762 3447 Mariae
782 3393 907 3460 Virginis
929 3408 972 3460 cp.
992 3391 1016 3457 1,
1042 3409 1068 3445 n.
1085 3394 1110 3446 9.
1144 3393 1247 3447 Calmet
1267 3390 1296 3443 ad

225 3475 253 3530 h.
269 3477 287 3530 l.
305 3476 436 3530 Wouters
459 3475 673 3530 dilucidationes
696 3480 763 3528 tom.
781 3473 802 3527 1.
823 3477 876 3528 cet.
910 3474 1001 3541 Quare
1019 3475 1127 3541 Sylvius
1145 3477 1296 3542 (Commeat

226 3557 256 3612 in
274 3557 337 3610 nam
360 3558 413 3610 1122
431 3564 534 3626 quaest.
551 3559 585 3612 88
601 3575 625 3612 a.
642 3559 668 3624 2)
686 3557 792 3628 optimo
807 3557 883 3624 jure:
904 3557 1022 3624 „Quum
1040 3557 1138 3625 inquit,
1157 3559 1297 3626 scripturas

226 3641 406 3709 interpretari
433 3642 582 3695 debeamus
604 3642 685 3709 juxta
714 3639 872 3694 unanimem
900 3645 1012 3708 patrum
1042 3641 1222 3708 sententiam
1252 3639 1295 3708 ipsi

225 3728 317 3778 autem
340 3723 518 3779 concorditer
535 3723 644 3789 dicant,
670 3723 746 3776 iliam
771 3721 856 3776 filiam
874 3738 925 3790 per
948 3722 1061 3776 casdem
1083 3722 1168 3778 fuisse
1187 3721 1295 3776 immola-

225 3810 298 3868 tam:
328 3823 384 3860 non
409 3807 541 3860 debemus
567 3806 602 3859 ab
628 3805 668 3858 eis
693 3809 810 3874 propter
839 3805 1028 3860 recentiorum
1054 3807 1160 3874 aliquas
1186 3808 1296 3862 rationes

226 3889 382 3957 discedere3
414 3889 576 3958 praesertim
606 3905 690 3956 quum
721 3905 756 3942 ex
786 3887 906 3957 antiquis
936 3887 1099 3944 orthodoxis
1130 3891 1221 3944 nullus
1244 3901 1296 3957 pro

226 3971 354 4038 ducatur,
370 3972 417 4041 qui
435 3972 606 4050 contrarium
624 3971 799 4026 asseruerit.“
