2814 4548
490 507 756 616 ΑΡΡΕΝΒΙΧ
801 507 845 614 ΙΙ.

389 711 447 777 nn
480 711 735 778 ruiramus
766 709 936 777 noum.

177 873 220 936 Iu
248 873 505 938 demonstranda
532 875 741 939 beatissimae
762 873 906 955 Virginis
932 892 1079 936 necnon
1108 894 1132 934 a.
1155 872 1211 936 Jo-

102 972 212 1054 sephi
245 973 437 1054 virginitate
463 973 531 1055 jam
558 973 683 1055 pluries
714 973 877 1054 „fratrum
907 969 1057 1033 Domini“
1087 969 1211 1032 mentio

101 1069 209 1134 facta
238 1077 299 1135 cst.
344 1071 495 1148 Quatuor
522 1072 678 1136 dicuntur
706 1072 827 1136 iratres
857 1069 1004 1134 Domini:
1036 1069 1057 1132 J
1063 1068 1210 1132 aoobus

102 1166 261 1246 Minor,
290 1168 379 1233 filius
402 1168 575 1252 alphaeis)
597 1176 632 1233 et
654 1169 827 1249 Mariae32)
853 1169 874 1232 J
880 1166 1067 1249 osephus,
1095 1166 1211 1231 Jacobi

101 1264 255 1330 Minoris
288 1266 450 1346 fratcr;³)
487 1267 633 1343 Simon,
672 1266 777 1331 frater
807 1267 924 1331 Jacohi
955 1273 990 1330 et
1021 1265 1211 1348 Josephi;⁴l

99 1363 127 1427 J
135 1363 242 1429 udas
269 1365 558 1444 Thaddaeus.⁴)

176 1463 320 1528 Lutheri
357 1471 392 1528 et
425 1463 551 1528 Calvini
585 1463 745 1540 asseclae,
785 1470 919 1545 patruni
953 1484 1089 1527 suorum
1122 1462 1212 1526 haud

101 1559 309 1639 dissimiles,
341 1560 456 1625 dehis
484 1559 643 1623 fratribus
671 1560 856 1642 loquenten,
888 1560 1001 1624 eadem
1030 1560 1212 1642 iisdemque

99 1657 184 1720 fere
218 1658 328 1723 verbis
360 1664 534 1741 repetunt,
572 1679 656 1740 quae
682 1660 751 1740 jam
782 1659 1004 1740 antiquissimi
1033 1659 1214 1723 Christiani

98 1755 257 1819 nominis
278 1757 393 1822 hostes
415 1757 562 1839 proferre
591 1778 657 1820 non
686 1757 902 1835 erubuerunt,
933 1778 1085 1839 quaeque
1112 1759 1213 1822 toties

100 1853 286 1918 Ecclesiae
308 1861 424 1937 patres
447 1862 480 1919 et
498 1854 643 1936 theologi
665 1855 900 1919 victoriossime
918 1855 1118 1921 refutarunt.
1160 1858 1215 1921 In·

99 1953 287 2036 quiramus
317 1953 453 2017 nomina
480 1954 584 2034 patris
613 1961 647 2018 et
675 1955 790 2018 matris
820 1975 948 2032 eorum,
980 1955 1038 2037 qui
1060 1955 1213 2036 „Domini

99 2049 259 2115 fratres“
290 2057 527 2133 nuncupantur
554 2057 588 2114 et
609 2051 789 2127 rideamus
820 2050 976 2133 quidnam
1007 2053 1048 2116 de
1077 2053 1215 2135 singulis

99 2149 178 2214 illis
202 2149 369 2214 traditum
390 2149 443 2212 sit.
487 2148 664 2224 Quaeritur

169 2312 225 2375 1⁰:
257 2311 461 2388 Quisnam
481 2310 663 2374 fratrum
686 2310 851 2373 Domini
872 2309 1011 2378 fuerit
1032 2321 1167 2398 pater.

173 2442 272 2505 Inter
293 2447 448 2505 auctores
477 2439 536 2504 alii
564 2441 660 2505 duos
688 2446 810 2522 patres,
833 2441 891 2505 alii
921 2465 1040 2509 unum
1068 2453 1217 2512 tantum-

101 2541 214 2606 modo
238 2540 413 2622 assignant
433 2545 571 2620 patrem.
616 2539 668 2603 Sic

172 2661 203 2704 a.
241 2638 431 2718 Abdias⁵l
460 2638 605 2701 diversos
633 2644 744 2719 patres
773 2640 936 2720 nominat;
970 2664 995 2706 s.
1025 2644 1216 2727 Josephum‚

98 2759 273 2822 sponsum
299 2735 330 2800 b.
354 2735 508 2817 Virginis
530 2734 612 2798 facit
633 2743 761 2816 patrem
781 2737 909 2816 iacobi,
932 2741 1119 2824 Alphaeum
1140 2767 1218 2811 vero

99 2843 249 2921 patrem
273 2834 417 2899 Simonis
439 2839 474 2897 et
494 2831 609 2896 Judae.

169 2935 204 2998 b.
250 2931 440 2996 Cardinalis
480 2930 711 3011 Baroniusu
753 2933 938 3014 Alphaeum
980 2939 1083 3006 fuisse
1120 2951 1219 3026 putat

176 3102 198 3166 ¹)
219 3098 312 3152 Marc,
332 3094 382 3160 111,
401 3095 445 3148 18:
463 3093 521 3158 „Et
539 3093 678 3146 Andream
696 3099 726 3148 et
744 3095 906 3165 Philippum
924 3107 954 3156 et
971 3104 1220 3164 Bar-tholomaeum

96 3187 131 3241 et
146 3180 338 3237 Matthaenm
357 3180 386 3228 et
399 3175 534 3228 Thomam
552 3179 581 3226 et
597 3175 614 3227 J
620 3175 760 3229 acobnm
779 3179 929 3246 Alphaei
948 3190 983 3240 et
999 3187 1220 3246 Thaddaeum

96 3272 131 3323 et
160 3265 345 3320 Simonem
370 3255 606 3311 cananaeum‘*
648 3256 775 3319 ²lltlarc.
794 3259 923 3327 xum:
949 3269 1062 3332 „Erant
1081 3273 1224 3330 autemst

94 3348 248 3404 mulieres
267 3342 305 3394 de
322 3341 408 3406 longe
425 3337 604 3406 aspicientes:
629 3339 705 3391 inter
721 3356 790 3407 quas
815 3350 877 3398 erat
894 3347 989 3403 Maria
1005 3353 1176 3423 Magdalene
1194 3365 1224 3412 et

95 3429 224 3487 Maria
243 3421 373 3478 Jacobi
395 3418 541 3472 minoris
563 3423 597 3471 et
613 3419 742 3488 Joseph
765 3429 876 3480 mater
898 3434 928 3484 et
945 3432 1085 3491 Salome.“
1119 3439 1141 3505 ³)
1160 3443 1224 3498 Act.

94 3515 120 3580 Ι,
141 3513 195 3566 23:
216 3507 282 3571 „Et
299 3505 461 3556 statuerunt
477 3500 558 3553 dnos:
579 3498 720 3569 Joseph,
738 3506 797 3572 qui
815 3513 1018 3571 vocabatur
1035 3519 1223 3588 Barrabas,

94 3593 161 3665 qui
198 3584 474 3655 cognominatus
505 3585 559 3634 est
587 3582 723 3649 iustus,
758 3592 795 3641 et
825 3591 1026 3655 Mathismf‘
1074 3604 1097 3670 ⁴)
1123 3605 1225 3661 Matth.

94 3674 185 3737 xm,
213 3671 264 3724 55:
292 3665 412 3732 „Nonne
435 3662 483 3716 hie
507 3667 550 3716 efll
573 3662 647 3717 fabri
670 3663 765 3719 filim?
791 3670 895 3731 Nonne
919 3686 1013 3738 mater
1037 3688 1097 3755 ejus
1121 3689 1227 3745 dieitur

94 3756 216 3820 Marium
245 3755 277 3804 et
302 3748 406 3800 mim
430 3745 499 3812 ⁰i¹¹⁸²
531 3744 654 3799 Jssfflbus
678 3752 708 3800 et
731 3749 843 3824 loseph
868 3765 899 3817 et
923 3765 1022 3823 Simon
1047 3777 1078 3825 et
1101 3773 1226 3828 ludas?“

92 3842 119 3908 ⁵)
137 3839 222 3892 Hist.
249 3833 344 3900 apost.
368 3828 417 3881 lib.
434 3827 482 3880 Vl.
523 3829 547 3891 6)
571 3826 604 3879 ln
630 3830 778 3896 apparatu
804 3839 842 3894 ad
868 3845 995 3904 Annales
1020 3855 1090 3910 eccl.
1115 3855 1139 3922 ᾖ.
1163 3857 1227 3911 Jam

94 3937 172 3977 vero
193 3915 345 3982 reliquum
365 3912 416 3962 est.
