2782 4554
224 525 318 586 munt
338 525 453 584 contra
473 519 630 602 gloriosos
652 519 767 584 titulos
786 519 957 601 Deiparae,
976 519 1095 602 quibus
1117 541 1191 584 eam
1213 529 1311 586 ornat
1388 527 1389 574 1

225 625 260 684 et
275 619 405 683 invocat
421 617 578 688 catholica
595 617 751 696 Ecclesia,
769 617 1041 683 considerandum
1058 625 1121 684 est:
1145 619 1310 703 quaedam
1388 611 1389 652 ³

225 740 295 784 esse
318 718 464 802 epitheta
485 739 542 783 seu
564 718 735 796 attributa,
756 739 839 802 quae
861 718 923 782 soli
940 719 1010 782 Deo
1032 718 1078 782 sic
1100 719 1309 796 conveniunt,

225 825 263 883 ut
290 818 373 882 nulli
404 823 574 882 creaturae
603 816 741 881 attribui
769 817 911 900 possint,
934 817 1023 900 'quia
1039 817 1114 900 ipsi
1143 818 1311 883 divinitati
1388 837 1389 842 ¹

225 917 366 1000 propria,
397 921 435 981 ut
457 916 670 998 omnipotens,
699 921 853 980 aeternus
875 922 936 980 etc.
961 953 1000 961 -
1022 916 1072 980 vel
1094 917 1157 981 soli
1179 917 1310 982 Christo

225 1015 366 1098 propria,
397 1021 434 1080 ut
456 1015 612 1094 Salvator,
639 1014 845 1098 justificator,
876 1015 1058 1098 redemptio
1079 1023 1212 1096 nostra:
1244 1017 1310 1081 alia

225 1135 310 1192 vero,
333 1137 417 1198 quae
441 1116 509 1180 Dec
533 1122 566 1181 et
588 1115 717 1180 Christo
740 1116 809 1198 ejus
831 1137 890 1198 per
912 1115 1155 1194 excellentiam,
1181 1116 1310 1181 Sanctis

226 1219 335 1277 tamen
367 1235 426 1295 per
453 1215 737 1298 participationem
770 1213 933 1296 quandam
967 1220 1001 1279 et
1033 1213 1203 1296 analogice
1236 1235 1311 1278 con-

225 1312 375 1376 veniunt:
400 1318 438 1377 ut
458 1313 571 1390 bonus,
591 1315 729 1396 justus.
753 1363 759 1375 .
783 1363 789 1375 .
815 1362 822 1375 .
845 1313 909 1391 lux,
933 1319 1028 1395 petra
1050 1319 1102 1378 etc
1104 1363 1230 1376 .....
1257 1313 1309 1378 Sic

225 1410 255 1474 b.
278 1411 377 1494 Virgo
406 1412 595 1494 appellatur
619 1420 725 1477 mater
757 1412 999 1476 misericordiae
1032 1419 1104 1489 etc,
1138 1433 1204 1476 non
1234 1413 1312 1494 quia

226 1531 286 1592 per
306 1532 340 1575 se
363 1516 397 1575 et
418 1532 476 1592 per
498 1511 724 1576 excellentiam
746 1511 820 1576 talis
843 1518 901 1588 est,
925 1532 1037 1575 verum
1059 1511 1137 1593 quia
1158 1531 1219 1593 per
1237 1531 1312 1592 par·
1388 1559 1389 1578 2

226 1609 452 1691 ticipationem
484 1610 559 1674 talis
593 1618 650 1687 est,
685 1617 846 1692 quatenus
879 1610 1031 1674 videlicet
1063 1608 1140 1672 talis
1175 1608 1312 1673 effectus

212 1729 285 1790 ‚per
306 1709 571 1773 intercessionem
600 1730 692 1773 suam
712 1708 806 1772 nobis
828 1715 997 1791 procurat:
1031 1707 1077 1772 sic
1095 1708 1198 1790 janua
1227 1708 1311 1772 coeli

139 1806 141 1810 ’
226 1807 436 1890 praedicatur
468 1829 507 1872 ex
539 1815 632 1890 parte
665 1806 903 1878 efficacissimae
935 1807 1195 1885 intercessionis,
1233 1807 1311 1890 quia

227 1906 380 1989 precibus
401 1907 468 1972 suis
489 1906 583 1971 nobis
608 1906 732 1971 coelum
754 1907 892 1989 aperit.“
934 1907 1023 1984 Haec
1044 1901 1133 1970 illes

241 2081 244 2088 Ι
290 2005 406 2070 Omnia
435 2012 609 2084 conantur,
639 2005 720 2068 nihil
748 2027 814 2069 non
842 2005 1024 2070 moliuntur
1053 2005 1242 2082 daemones,
1274 2013 1313 2069 ut

227 2104 373 2170 homines
396 2126 415 2168 a
437 2127 460 2169 s.
480 2105 642 2188 Deiparae
665 2105 757 2186 cultu
778 2113 928 2170 avertant
950 2111 984 2170 et
1005 2105 1213 2170 devotionem
1234 2125 1312 2187 erga

227 2203 319 2268 illam
348 2205 551 2269 imminuant.
605 2205 741 2286 Experti
776 2205 862 2268 enim
893 2211 985 2280 sunt,
1023 2225 1094 2268 eam
1127 2225 1214 2280 esse,
1251 2224 1312 2285 per
1388 2277 1389 2288 2

228 2325 326 2387 quam
347 2309 433 2369 teste
455 2303 485 2367 d.
509 2303 659 2386 Cyrillo
682 2303 900 2368 Alexandrino
913 2306 936 2386 ¹)
958 2304 1132 2369 daemones
1154 2302 1314 2385 fugantur
1388 2345 1389 2370 l

229 2409 263 2467 et
292 2409 439 2468 tentator
471 2403 620 2468 diabolus
652 2403 742 2468 coelo
775 2403 897 2468 decidit
924 2423 984 2467 nec
1015 2403 1183 2485 ignorant,
1216 2401 1315 2466 deve
1388 2455 1389 2466 ,

227 2502 350 2567 tionem
366 2503 451 2567 hanc
468 2504 595 2586 signum
614 2524 684 2567 esse
702 2511 856 2568 aeternae
872 2501 1193 2585 praedestinationis.
1227 2500 1314 2566 Con·

229 2600 397 2665 cludamus
419 2603 593 2668 articulum
615 2603 655 2667 de
677 2603 768 2668 cultu
791 2603 938 2668 Mariano
961 2603 1170 2686 quaestione:
1388 2595 1389 2600 ¹

263 2763 404 2828 Utrum
432 2766 592 2832 devotio
622 2789 714 2850 erga
746 2768 776 2832 b.
806 2767 1008 2850 Virginem
1037 2787 1178 2830 revera
1206 2766 1283 2830 sin-

355 2864 492 2946 gulare
522 2867 576 2930 sit
603 2866 993 2949 praedestinationis
1022 2865 1184 2947 signum.

291 2995 395 3076 ,Sciri
416 2997 548 3080 quidem
569 3019 634 3062 non
655 3004 778 3081 potest,
809 2998 905 3062 dccet
933 3019 957 3060 e.
981 2995 1205 3062 Concilium
1229 2995 1315 3060 Tri-

229 3093 477 3176 dentinum,²)
499 3096 562 3160 nisi
585 3118 624 3160 ex
646 3096 780 3180 speciali
803 3095 1009 3173 revelatione,
1033 3117 1115 3180 quos
1138 3095 1225 3160 Deus
1247 3097 1316 3160 sibi

230 3193 396 3276 elegerit.“
438 3195 532 3260 Unde
562 3217 585 3260 a.
608 3196 870 3278 Augustinus:
903 3195 1002 3277 „Quis
1031 3217 1070 3259 ex
1100 3194 1314 3258 multitudine

228 3292 388 3372 fidelium,
419 3295 649 3378 interrogati)
690 3295 845 3380 quamdiu
877 3295 911 3358 in
947 3295 1007 3359 hac
1035 3293 1238 3371 mortalitate
1268 3295 1315 3357 ri-
1388 3287 1389 3314 ¹

229 3393 331 3470 vitur,
361 3393 395 3456 in
422 3415 557 3459 numero
579 3395 896 3478 praedestinatorum
925 3415 960 3458 se
988 3415 1057 3459 esse
1079 3385 1312 3476 praesumat‘?“

228 3489 346 3556 Nullus
368 3499 477 3574 potest
499 3515 569 3558 esse
598 3502 707 3560 certus
737 3495 777 3558 de
806 3516 865 3558 sua
886 3492 1202 3576 praedestinatione,
1232 3493 1315 3573 quin

229 3597 339 3656 certus
361 3591 404 3656 sit
433 3593 472 3656 de
502 3593 744 3675 perseverantia
765 3614 840 3672 sua3
870 3592 958 3656 solus
987 3591 1082 3668 enim,
1113 3591 1199 3674 „qui
1227 3612 1315 3672 per-

231 3693 479 3778 severaverit
507 3714 630 3777 usque
657 3693 696 3756 in
722 3692 857 3778 finem,
888 3692 951 3756 hic
978 3691 1112 3755 salvus
1139 3689 1287 3770 erit.“⁴)

295 3924 316 3988 1)
337 3922 437 3977 noma.
462 3929 559 3976 contra
584 3923 750 3978 resarum.
790 3922 811 3988 2)
832 3883 904 3976 'sesa
930 3921 979 3987 vr,
1003 3935 1046 3989 ep.
1072 3922 1111 3974 12.
1152 3919 1172 3984 8)
1189 3916 1250 3970 nia.
1277 3917 1314 3971 uo

230 4008 351 4072 corrept.
369 4008 398 4058 et
414 4011 485 4072 grat.
503 4023 546 4073 cp.
565 4010 604 4059 13.
638 4005 660 4070 ⁴)
678 4004 778 4059 Matth.
798 4005 830 4067 ll,
849 4007 889 4058 92.
