2730 4564
591 364 649 425 139

72 524 228 589 adversus
267 523 431 588 Bonosum
469 525 505 589 in
548 524 688 608 epistola
727 525 881 608 synodica
924 527 967 592 ad
1007 527 1158 594 Siricium

73 623 196 707 Papam
209 624 233 706 ¹)
263 629 297 688 et
325 623 496 690 Romano
524 624 586 689 sub
616 624 732 690 Siricio
761 625 851 709 Papa
874 621 1001 691 habito.
1052 626 1157 707 ,Sane

72 745 139 788 non
158 743 331 806 possumus
351 743 480 806 negare,
503 713 610 807 inquit
632 723 662 788 d.
680 723 951 807 Ambrosius,¹)
973 724 1014 789 de
1032 725 1157 790 Mariae

70 821 148 886 filiis
182 823 256 906 jure
293 822 526 904 reprehensum
556 823 739 906 meritoque
776 830 918 888 vestram
949 824 1158 889 sanctitatem

72 921 299 999 abhorruisse,
338 920 426 1004 quod
457 942 497 986 ex
535 921 648 987 eodem
684 929 778 987 utero
816 922 982 1005 virginali,
1020 944 1061 987 ex
1092 943 1157 1006 quo

73 1021 252 1086 secundum
274 1041 402 1086 carnem
422 1021 571 1086 Christus
592 1029 689 1086 natus
711 1029 770 1100 est,
792 1022 877 1087 alius
898 1029 1013 1106 partus
1036 1021 1158 1087 effusus

73 1121 126 1186 sit.
169 1120 284 1204 Neque
311 1121 397 1185 enim
418 1121 570 1203 elegisset
593 1121 750 1186 Dominus
771 1121 866 1186 Jesus
893 1121 983 1186 nasci
1004 1143 1064 1204 per
1085 1121 1157 1186 Vir·

73 1221 197 1302 ginem‚
235 1219 263 1286 si
295 1241 367 1284 eam
396 1219 576 1301 judicasset
607 1226 675 1284 tam
707 1219 966 1285 incontinentem
996 1220 1082 1299 fore,
1119 1228 1158 1286 ut

72 1317 156 1382 illud
195 1318 351 1402 genitale*
377 1318 539 1383 Dominici
577 1318 738 1401 corporis,
781 1317 873 1383 illam
911 1319 1021 1384 aulam
1059 1320 1158 1403 Regis

73 1419 217 1496 aeterni,
257 1418 449 1484 concubitus
480 1418 614 1483 humani
652 1419 773 1484 semine
806 1419 1042 1502 coinquinaret.
1096 1421 1158 1497 Qui

73 1518 160 1582 enim
191 1518 253 1582 hoc
287 1518 423 1595 astruit,
462 1517 509 1582 nil
541 1517 631 1582 aliud
663 1518 726 1582 nisi
757 1517 928 1601 perfidiam
957 1518 1158 1584 ludaeorum

73 1617 203 1694 astruit,
228 1616 284 1699 qui
305 1616 427 1695 dicunt,
450 1637 525 1681 eum
546 1637 611 1680 non
632 1617 778 1699 potuisse
799 1617 891 1681 nasci
912 1639 952 1682 ex
972 1617 1137 1701 Virgine.“

136 1715 301 1780 Probatur
328 1737 426 1798 porro
455 1715 546 1780 haec
565 1717 686 1792 u'eritas
715 1716 868 1782 Conciliis
897 1718 1068 1782 Romano
1097 1718 1157 1782 sub

72 1814 217 1880 Martino
236 1814 325 1897 Papa
344 1815 510 1880 celebrato
529 1821 564 1879 et
585 1809 905 1880 chalcedonensi
925 1804 1079 1898 generali.
1118 1816 1157 1879 ln

72 1913 272 1978 allocutione
291 1912 333 1978 ad
349 1914 552 1978 Marcianum
569 1913 805 1995 Imperatorem
823 1921 1042 1979 asseveratur:
1066 1914 1158 1996 ,vir-

73 2013 248 2096 ginitatem
277 2013 308 2076 b,
331 2012 455 2077 Mariae
477 2033 498 2076 a
518 2011 650 2077 Christo
673 2019 841 2084 sacratam
870 2013 1062 2078 esse‘etiam
1082 2019 1158 2096 post

72 2118 215 2194 partum,
239 2118 433 2196 uterumque
457 2113 526 2194 ejus
547 2112 648 2178 fuisse
670 2113 867 2195 integritate·
882 2112 1096 2196 obsignatum,
1119 2119 1157 2177 ut

71 2211 196 2275 nullius
215 2210 354 2294 injuriae
373 2210 489 2276 deinde
504 2213 664 2294 pateret.“
692 2211 872 2277 Concilium
886 2212 1156 2278 Lateranense
1263 2269 1265 2272 .

72 2309 241 2391 primum
263 2308 408 2375 declarat
428 2333 451 2374 s.
469 2310 644 2393 Deiparam
663 2331 812 2393 ,semper
830 2310 988 2393 uirginem
1006 2317 1040 2376 et
1057 2311 1157 2375 indis-

73 2409 207 2474 solubili
228 2417 439 2492 permanente
467 2417 501 2474 et
521 2417 597 2492 post
617 2417 750 2493 partum
772 2409 918 2492 ejusdem
938 2409 1156 2493 virginitate.“

72 2508 111 2572 ln
134 2507 314 2590 Synodis
337 2508 525 2591 quintal)
553 2515 594 2574 et
615 2509 655 2573 in
676 2510 834 2591 sexta⁴)
856 2514 991 2573 vocatur
1012 2507 1156 2590 ,Mariae

72 2609 244 2692 virginitas
279 2615 357 2672 ante
388 2615 536 2692 partum,
573 2609 607 2672 in
636 2617 736 2692 partu
773 2615 807 2673 et
837 2614 912 2691 post
945 2608 1077 2690 partum
1108 2606 1156 2670 in-

71 2707 305 2773 temerabilis.“
364 2707 416 2772 lta
453 2706 600 2774 Ecclesia
637 2707 813 2772 confitetur
850 2727 1043 2789 semperque
1082 2726 1157 2770 con·

70 2806 160 2872 fessa
190 2813 241 2872 est
270 2807 419 2872 omnibus
448 2806 586 2871 saeculis
614 2814 806 2890 perpetuam
834 2805 949 2871 matris
978 2803 1156 2870 Salvatoris

71 2906 303 2988 virginitatem.
354 2907 551 2990 „Praecipue
580 2929 656 2972 vero
689 2907 877 2972 memoriam
904 2905 1076 2983 facimus‚“
1109 2904 1158 2968 in·
1210 2925 1213 2932 ’

72 3007 146 3090 quit
166 3007 303 3090 liturgia
324 3029 348 3070 s.
366 3006 386 3071 J
393 3007 517 3086 scobi,
540 3008 717 3072 altissimae
740 3005 949 3089 antiquitatis
970 3024 1157 3068 monumen-

71 3112 158 3183 tum,
203 3112 372 3190 ,sanctae,
420 3106 579 3188 gloriosae
624 3112 658 3171 et
698 3105 890 3171 benedictae
929 3103 1045 3169 Matris
1085 3102 1155 3180 Dei,

71 3225 201 3286 semper
222 3203 393 3286 Virginis.“
953 3254 955 3260 .

132 3305 184 3369 Sa.
207 3303 347 3368 Patres
376 3304 517 3368 maxima
544 3303 655 3368 affecti
681 3303 904 3386 indignatione
931 3302 1157 3384 impiissimum

44 3402 217 3488 ,Helvidii
256 3404 389 3486 ejusque
434 3403 632 3468 asseclarum
674 3409 835 3467 assertum
878 3401 1042 3484 repellunt
1085 3400 1157 3484 pul·

72 3503 242 3568 cherrimis
269 3503 470 3568 celebrantes
498 3503 611 3585 elogiis
638 3509 832 3585 perpetuam
859 3523 883 3566 s.
908 3500 1068 3581 Deiparae
1094 3499 1157 3563 vir-

73 3603 255 3684 ginitatem.

135 3702 328 3784 Origenes
355 3700 515 3766 insaniam
537 3700 682 3783 appellat
703 3700 798 3764 istius
820 3696 1066 3764 haeresiarchae
1088 3697 1157 3780 pla·

75 3800 189 3878 eitum,
219 3801 307 3883 quod
328 3801 432 3866 Maria
459 3807 534 3883 post
559 3807 691 3883 partum
712 3798 894 3882 perdiderit
920 3793 1156 3880 virginitatem

140 4018 160 4083 ¹)
179 4015 587 4084 lnterAmbrosianasep.81.
628 4017 650 4080 ²)
669 4015 793 4083 Epist9
824 4012 856 4080 ’3)
876 4012 940 4066 Can.
958 4015 981 4067 6.
1014 3973 1115 4077 Μυῒ»
1148 4051 1155 4066 .
