2782 4554
747 367 807 427 548

233 529 426 596 Nativitatis
455 527 557 606 diem,
596 535 631 592 et
662 527 751 592 omni
779 547 865 592 anno
894 546 969 591 oum
997 527 1220 595 exsultatione
1254 532 1326 596 uni·

231 651 345 696 versae
363 636 472 695 terrae
490 627 599 692 votiva
617 625 811 691 celebritate
833 624 1044 707 suscipiens.“
1078 625 1173 704 Quod
1190 635 1324 713 tempus

232 751 256 796 s.
279 727 441 794 Bernardi
462 733 606 793 aetatem
627 745 766 810 sequens
788 725 926 803 attinet,
956 745 1021 789 non
1049 730 1115 803 est,
1145 747 1206 792 cur
1227 727 1324 811 plum

231 829 267 893 in
288 827 431 893 medium
452 825 665 910 proferantur
685 823 883 890 testimonia.

294 932 322 992 2.
357 927 544 993 Octavam
564 925 650 990 festo
672 923 795 1010 adjecit
823 922 1087 988 Innocentius
1109 924 1169 989 IV.
1193 926 1323 1007 ,Causa

230 1026 329 1110 hujus
356 1024 515 1106 instituti,
545 1023 654 1107 inquit
681 1021 881 1086 Arnoldus
909 1021 1070 1105 Wion,¹)
1098 1022 1182 1088 haec
1204 1023 1321 1104 fertur,

233 1125 322 1209 qnod
353 1144 453 1207 quum
487 1123 517 1189 S.
550 1122 587 1186 E.
620 1122 657 1186 R.
691 1120 882 1187 cardinales
922 1121 963 1186 ob
1001 1121 1202 1206 multiplices
1234 1123 1321 1190 I'rie⁴

232 1225 334 1290 dorici
355 1224 395 1288 II.
418 1221 629 1306 Imperatoris
650 1220 786 1286 insidias
806 1227 883 1303 post
904 1226 1044 1285 mortem
1065 1219 1247 1288 Coelestini
1265 1224 1319 1290 IV.

232 1325 273 1390 de
312 1323 461 1408 eligendo
493 1320 651 1387 Pontifice
681 1321 770 1388 inter
807 1340 842 1386 se
874 1319 1046 1402 convenire
1077 1340 1143 1385 non
1175 1331 1321 1404 possent,

227 1423 361 1506 jamque
390 1420 581 1505 Apostolioa
609 1419 709 1486 Sedes
745 1418 861 1502 viginti
894 1417 963 1483 fere
996 1426 1030 1485 et
1058 1441 1123 1485 uno
1152 1421 1322 1488 mensibus

230 1526 359 1588 rectore
382 1521 550 1610 caruisset,
570 1518 612 1585 ad
633 1517 876 1584 misericordiae
897 1519 1045 1601 reginam
1066 1519 1224 1598 conversi,
1244 1527 1321 1587 voto

230 1627 403 1699 voverunt,
432 1641 467 1684 se
490 1619 559 1703 ejus
580 1617 771 1683 Nativitatis
793 1623 945 1682 octavum
965 1617 1054 1682 diem
1074 1625 1321 1704 praecepturos,

231 1721 259 1786 si
291 1741 311 1785 a
336 1719 420 1784 Filio
450 1739 525 1797 suo,
558 1737 684 1783 summo
713 1716 857 1781 omnium
884 1722 1031 1800 pastore,
1060 1724 1230 1800 pastorem
1257 1721 1323 1786 sibi

230 1819 383 1903 precibus
405 1819 609 1901 impetraret
652 1815 746 1893 Quod
775 1837 877 1898 quum
908 1836 949 1880 ex
979 1815 1081 1882 animi
1113 1837 1226 1884 eornm
1247 1841 1324 1885 sen-

230 1917 338 1983 tentia
364 1916 589 1994 successisset,
619 1915 844 1994 Innocentius,
875 1914 932 1997 qui
952 1937 1038 1981 unus
1065 1937 1106 1980 ex
1127 1917 1324 1984 voventibus

230 2016 353 2095 fuerat,
383 2022 422 2081 ut
442 2021 518 2080 voto
548 2012 770 2091 satisfaceret,
799 2013 905 2096 primo
928 2013 979 2078 sui
1000 2014 1213 2096 pontificatus
1233 2039 1323 2084 anno

230 2115 370 2182 eundem
398 2120 550 2180 octavum
578 2111 770 2178 Natiuitatis
799 2111 886 2176 diem
912 2111 968 2194 pio
997 2112 1129 2179 decreto
1159 2115 1327 2183 celebrari

230 2215 401 2298 praecepit
430 2220 464 2280 et
486 2211 594 2297 quoad
621 2211 703 2276 vixit
724 2210 840 2277 devote
869 2211 1055 2277 celebravit.
1100 2213 1195 2292 Quod
1216 2216 1258 2281 ab
1283 2238 1324 2283 eo

229 2315 275 2381 sic
296 2318 470 2397 acceptum
490 2313 524 2377 in
544 2311 737 2378 hodiernum
759 2311 900 2377 manet.“
943 2311 996 2377 Ita
1016 2311 1088 2377 ille·

292 2413 438 2491 Quocum
474 2411 683 2478 consentiunt
718 2410 946 2493 nazarenas)
983 2411 1218 2494 Samarinns,³)
1258 2415 1326 2480 Ba·

229 2513 377 2595 10111134)
400 2511 523 2595 aliique
544 2510 664 2594 plures.

310 2857 470 2922 Festum
497 2855 676 2923 Nominis
703 2857 963 2922 beatissimae
991 2855 1181 2941 Virginis.
1205 2897 1246 2906 —

296 2983 298 2992 s
352 2954 560 3021 Dominica
588 2955 695 3022 infra
723 2956 910 3022 Octavam
937 2956 1191 3024 Nativitatis.

292 3103 385 3186 ,Etsi
413 3125 479 3169 non
506 3105 588 3171 satis
616 3105 822 3188 exploratum
842 3104 1031 3184 habeamus,
1060 3107 1176 3172 scribit
1197 3108 1321 3176 Bene·

230 3201 364 3267 dictus
398 3202 533 3285 xlv.,⁵)
570 3205 843 3270 annuntiatumne
880 3205 925 3269 sit
960 3204 1002 3269 ab
1035 3205 1158 3290 Angelo
1191 3207 1320 3274 Mariae

228 3322 347 3369 nomen
375 3322 415 3366 ac
442 3301 566 3385 imponi
591 3302 718 3386 jussum
747 3323 767 3368 a
795 3303 882 3382 Deo,
915 3309 955 3369 ut
981 3324 1100 3370 nomen
1127 3305 1222 3386 Iesu,
1258 3315 1320 3374 aut

227 3401 365 3467 Ioannis
388 3399 457 3484 ejus
479 3400 750 3484 Praecursorial)
778 3423 896 3487 magna
916 3407 1028 3469 tamen
1049 3424 1127 3489 erga
1147 3404 1231 3471 illud
1252 3406 1320 3474 fnit

296 3600 316 3666 ¹)
331 3599 365 3658 In
380 3601 430 3670 lig.
447 3601 520 3656 vitae
536 3599 585 3656 lib.
603 3599 638 3666 V,
655 3615 699 3668 cp.
717 3601 749 3654 22
766 3601 840 3669 spud
857 3599 1052 3656 Golvenerium
1074 3602 1094 3657 1.
1110 3619 1136 3658 o.
1152 3621 1180 3674 p.
1198 3603 1234 3672 ll,
1252 3623 1317 3676 psg.

227 3685 285 3736 211.
318 3682 340 3749 2)
358 3681 390 3736 ln
408 3683 529 3751 epitome
545 3683 709 3737 universalis
723 3683 865 3738 historiae.
899 3684 920 3751 ⁸)
938 3683 970 3737 ln
985 3684 1167 3740 Sacerdotem
1184 3686 1318 3744 thesauro

219 3755 254 3833 p.
273 3765 294 3819 l.
336 3764 359 3830 ⁴)
377 3765 410 3818 In
426 3769 484 3820 not.
502 3765 538 3819 sd
555 3765 671 3834 Martyr.
689 3765 768 3821 Rom.
785 3766 831 3820 die
849 3767 889 3822 15.
905 3765 968 3835 Sep.
985 3767 1036 3821 cfr.
1053 3767 1223 3824 Benedictus
1241 3771 1316 3838 xlv,

226 3847 356 3916 Inep.
380 3845 539 3914 1X,n.1o.
580 3849 602 3916 ⁵)
624 3848 656 3904 1..
677 3864 701 3904 o.
726 3864 770 3918 cp.
792 3849 827 3915 X,
847 3867 875 3904 n.
898 3853 921 3904 1.
962 3849 1086 3917 ο1,,1119,
1111 3869 1164 3921 qus
1184 3857 1252 3908 nats
1274 3860 1316 3910 est

228 3929 268 3994 (b.
287 3929 396 3998 Virgo),
413 3930 574 3999 Impositum
597 3934 640 3985 est
656 3931 682 3985 ei
704 3948 807 3986 nomen
823 3932 915 3987 Maria
937 3949 954 3986 a
974 3934 1140 4002 psrentibns
1161 3937 1317 3992 secundum

227 4010 382 4063 annelinum
407 4012 633 4068 revelationem.“
674 4014 718 4069 Ita
741 4033 762 4070 s.
785 4015 944 4072 Antoninus
968 4035 995 4086 p.
1017 4017 1066 4083 Ν,
1089 4018 1135 4075 tit.
1158 4021 1190 4073 lo
1210 4034 1256 4088 cp.
1275 4023 1316 4076 14.
