2772 4550
578 328 637 388 565

63 489 219 574 operibus
247 488 420 554 servilibus
448 487 670 574 abstinuerint
698 485 814 552 diebus
844 485 1038 564 Dominicis,
1072 483 1152 550 licet

63 590 134 654 dies
157 588 329 654 Dominica
349 588 391 653 ab
414 587 645 671 Apostolorum
666 594 815 670 tempore
837 586 901 650 coli
922 585 1077 668 coeperit.

126 692 156 752 3.
190 686 319 770 Duplex
340 707 470 770 quoque
491 707 625 765 causa,
654 707 713 750 cur
732 685 793 750 hoc
817 683 938 749 festum
959 683 1152 749 institutum
1179 747 1183 756 ,

63 788 117 866 sit,
144 785 255 852 afferri
277 787 369 851 solet.

127 908 156 950 a.
169 876 175 886 ’
190 885 241 952 ad
258 884 464 950 ⁴¹abolendam
491 884 820 967 Lupercaliorum
848 882 1062 948 festivitatem
1088 880 1151 944 Pu·

61 985 257 1051 rificationis
282 983 403 1050 festum
425 1005 445 1048 a
465 983 594 1048 Gelasio
617 983 843 1048 introductum
865 989 923 1046 est.
966 981 1019 1063 Ita
1040 985 1153 1045 censet

61 1085 264 1149 Baronius
293 1083 438 1155 scribens
459 1083 480 1147 l.
503 1104 547 1148 c.:
581 1083 748 1166 ,Constat
771 1081 945 1159 Gelasium,
968 1081 1151 1144 Romanum

62 1181 274 1261 Pontificem,
307 1183 363 1266 qui
395 1183 488 1247 annis
519 1183 656 1265 triginta
688 1189 764 1246 ante
792 1181 971 1246 Justiniani
1003 1187 1152 1262 tempora

62 1281 232 1345 Romanae
261 1281 426 1346 Ecclesiae
455 1281 615 1364 praefuit,
648 1281 744 1364 hujus
776 1281 842 1345 diei
874 1277 1088 1344 celebrandae
1117 1278 1152 1340 in

62 1380 264 1446 occidentali
302 1380 450 1446 Ecclesia
488 1381 654 1463 aperuisse
692 1380 793 1456 viam,
841 1378 918 1443 dum
957 1375 1153 1460 Lupercalia

63 1500 178 1544 mense
200 1479 378 1544 Februario
401 1481 454 1562 agi
475 1479 573 1544 solita
595 1480 647 1556 (ut
668 1478 783 1542 scribit
803 1477 907 1541 Varro
918 1478 942 1558 ¹)
965 1477 1087 1540 Romae
1109 1474 1152 1538 ad

62 1600 105 1643 aa
125 1586 276 1661 tempora
296 1579 521 1661 permanentia
538 1577 666 1661 legibus
688 1577 917 1643 ecclesiasticis
938 1575 1096 1658 abrogat.
1116 1623 1123 1637 .
1144 1622 1151 1636 .

62 1678 145 1742 Jure
174 1678 286 1760 itaque
315 1678 502 1760 opinamur,
532 1677 698 1759 abrogatis
720 1675 989 1759 Lupercalibus2)
1019 1674 1150 1753 Romae,

62 1777 153 1841 sicut
173 1777 207 1840 iu
229 1777 342 1841 multis
364 1777 500 1853 accidit,
532 1775 691 1859 ejusmodi
712 1775 812 1840 fuisse
841 1774 1082 1840 solemnitatem
1104 1773 1153 1836 in-

63 1874 270 1952 troductam,
299 1895 399 1958 quam
428 1874 526 1958 paulo
554 1882 631 1958 post
650 1875 830 1940 Justiniani
858 1873 1060 1956 temporibus
1082 1871 1154 1937 Ori·

12 1987 15 1994 “
64 1973 188 2039 entalis
208 1974 356 2039 Ecclesia
378 1995 417 2039 ea
437 1976 606 2039 occasione
628 1975 783 2057 recepit.“
823 1973 912 2038 Haec
934 1972 999 2038 ille.
1038 1972 1152 2055 Neque

64 2074 199 2138 dissona
217 2079 268 2138 est
287 2073 396 2156 opinio
415 2073 656 2154 Thomassiui,³)
673 2073 867 2154 Honoratil)
890 2079 924 2138 et
942 2072 1090 2153 callatim)
1103 2120 1109 2135 .
1123 2121 1151 2136 ..

130 2173 160 2236 b.
195 2173 261 2237 Alii
283 2181 393 2238 tamen
415 2173 504 2256 iique
530 2173 591 2237 viri
612 2173 793 2255 gravissimi
821 2193 867 2255 vg.
891 2193 914 2235 s.
937 2170 1153 2253 Ildephonsus

63 2271 282 2353 'l‘oletanuslt
304 2293 328 2336 s.
351 2273 476 2356 Eligius
497 2272 794 2355 Novioduneusis,l)
816 2293 885 2336 ven.
908 2269 998 2336 Beda
1006 2273 1031 2351 8)
1054 2271 1153 2334 aliam

64 2369 285 2435 institutionis
303 2371 399 2454 hujus
420 2371 612 2436 festivitatis
630 2393 762 2436 causam
783 2371 934 2436 afferunt.
973 2371 1153 2435 Audiamus

65 2468 318 2533 Toletanum
362 2469 551 2535 Praesulem
596 2469 636 2535 de
678 2491 717 2536 ea
755 2472 882 2536 ratione
927 2471 1150 2535 disserentem.

65 2569 207 2651 „Agitur
238 2576 350 2634 autem
382 2571 464 2635 haec
496 2570 657 2636 festivitas
688 2592 798 2635 mense
827 2570 1021 2648 Februario,
1056 2589 1153 2652 quem

65 2668 205 2732 Romani
235 2669 341 2732 adhuc
370 2670 488 2752 pagani
517 2690 537 2734 a
565 2669 692 2733 Februo
722 2670 742 2732 i.
771 2691 797 2734 e.
820 2670 958 2744 Plutone
987 2669 1032 2733 sic
1061 2689 1155 2732 voca·

66 2773 200 2830 verunt:
234 2787 332 2849 quem
360 2768 622 2850 potentissimum
650 2770 855 2851 purgationis
884 2768 1077 2846 credebant,
1107 2767 1154 2831 fe-

65 2866 188 2928 bruare
220 2865 307 2928 enim
334 2887 475 2950 purgare
507 2867 653 2932 dicimus.
705 2868 775 2946 Quo
807 2890 917 2935 mense
949 2867 1155 2933 lustrabatur

135 3063 154 3127 ¹)
173 3063 213 3116 De
230 3063 328 3132 lingua
344 3064 432 3118 latina
448 3066 495 3119 lib.
513 3069 537 3120 b.
579 3068 601 3130 ἓ)
620 3064 788 3132 Lupercalia
812 3071 893 3120 erant
914 3066 1050 3120 solemnia
1072 3083 1154 3135 quae·

66 3146 131 3198 dam
150 3162 238 3213 sacra,
256 3148 373 3215 quaein
391 3146 523 3202 bonorem
543 3148 633 3212 Panis,
652 3155 791 3216 pastorum
811 3149 872 3208 Dei.
890 3148 937 3202 die
955 3153 996 3222 lli.¹
1010 3149 1155 3204 Februarii

66 3227 173 3282 Romae
190 3227 303 3283 fiebant
333 3228 475 3283 Lustratio
493 3235 554 3282 erat
566 3246 673 3282 sacrum
691 3245 708 3282 a
724 3231 868 3284 lustrando
886 3232 903 3285 i.
917 3249 940 3284 e.
954 3232 1154 3287 circumeundo

65 3307 189 3376 dictuui,
213 3309 288 3378 quod
305 3312 435 3364 victimae
452 3311 480 3364 in
498 3329 531 3366 eo
548 3311 698 3380 sacrificio,
722 3313 856 3367 videlicet
872 3330 930 3377 sur,
954 3316 1026 3382 ovis,
1050 3321 1157 3382 taurus,

65 3392 236 3460 expiationis
260 3409 342 3446 causa
367 3393 651 3448 circumducerentur.
690 3394 745 3450 Cfr.
771 3395 889 3450 Rosinus
913 3396 961 3449 lib.
989 3397 1034 3463 lV,
1062 3399 1155 3466 Autiq.

64 3475 146 3530 Rom.
172 3490 216 3544 op.
241 3477 258 3530 6
282 3481 311 3528 et
334 3476 436 3543 cp.17,
462 3475 619 3545 Duoaugiue
644 3477 672 3528 in
698 3477 839 3531 Glossario
863 3478 913 3531 sub
939 3497 964 3533 v.
983 3479 1155 3534 candelaria

64 3558 237 3622 ,dannanus
258 3556 364 3612 aJeuo
381 3559 537 3626 appellatus
554 3565 609 3625 θείς
634 3558 801 3613 Februarius
825 3577 840 3613 a
858 3560 974 3615 Februia
998 3563 1085 3615 saeris
1103 3561 1155 3616 Lu·

64 3642 247 3709 percorum;“
265 3657 287 3695 a.
306 3643 477 3710 Augustinus
494 3647 592 3696 eontra
609 3641 739 3700 Faustum
757 3643 807 3698 lib.
826 3643 929 3709 XVlll,
948 3662 990 3715 cp.
1009 3649 1032 3700 ὃ.
1074 3649 1095 3711 ³)
1115 3645 1156 3700 oe

62 3724 177 3776 dierum
200 3723 297 3779 festor.
322 3724 510 3778 celebratione
535 3725 583 3778 lib.
608 3725 643 3789 ll,
669 3741 713 3792 cp.
737 3728 761 3780 2.
802 3727 823 3793 ⁴)
846 3727 877 3780 ln
903 3728 1095 3782 Animadvers.
1119 3728 1156 3782 ad

63 3804 154 3874 regul.
177 3808 296 3862 criticae
314 3813 381 3863 tom.
400 3807 435 3871 ll,
456 3807 505 3861 lib.
523 3805 599 3861 v111.
634 3809 656 3871 ⁵)
678 3807 716 3860 De
742 3806 870 3863 hebdom.
894 3810 1064 3865 Graecorum
1089 3809 1113 3879 ἓ.
1131 3814 1155 3871 1,

62 3897 85 3960 ⁶)
104 3894 194 3947 Serm.
221 3891 243 3955 l,
267 3890 302 3944 de
328 3889 491 3945 Festivitate
518 3890 723 3944 Purificatiouie
747 3891 778 3947 B.
803 3892 841 3947 M.
866 3891 897 3950 V.
941 3895 961 3958 7)
981 3894 1020 3948 De
1046 3893 1157 3948 Purific.

63 3995 84 4032 s.
103 3975 212 4030 Mariae
229 3975 294 4028 hom
323 3970 357 4028 ll.
391 3975 413 4038 ⁸)
431 3973 508 4026 Tum.
525 3971 562 4038 ll,
579 3979 661 4027 tract.
679 3973 714 4026 dc
731 3975 838 4028 ratione
856 3983 1011 4043 temporum
1030 3993 1073 4046 cp.
1093 3981 1131 4034 10.
