2728 4554
761 366 821 428 462

251 529 336 594 viam
362 528 404 593 ad
425 526 663 593 beatitudinem
691 526 863 591 ducentem
891 548 949 591 suo
971 528 1065 592 nobis
1093 529 1325 597 demonstraret

252 626 408 710 exemplo.
453 625 723 692 Decentissimum
750 646 848 707 porro
877 624 992 705 luisse,
1022 649 1062 691 ex
1090 629 1218 712 virgine
1246 633 1326 696 nasci

253 733 287 790 et
305 726 436 808 quidem
457 746 496 790 ex
514 725 635 807 virgine
656 731 769 808 nupta,
789 746 888 807 supra
906 725 1011 790 fusius
1030 726 1325 796 demonstravimus.

253 824 429 902 Quaeritur

274 987 325 1051 2⁰:
353 987 492 1052 Utrum
518 985 549 1050 b.
577 987 696 1070 Virgo
725 987 773 1051 ad
802 987 943 1053 Matris
971 988 1043 1052 Dei
1072 989 1311 1074 dignitatem

294 1087 421 1151 fuerit
447 1086 754 1168 praedestinata
778 1091 875 1170 ante
904 1086 965 1152 vel
990 1094 1082 1168 post
1109 1093 1295 1171 praevisa

718 1185 870 1250 merita.
1360 1199 1361 1202 ’

315 1319 525 1383 Resolventes
552 1317 635 1382 hano
664 1317 888 1400 quaestionem
916 1325 1067 1383 auctores
1096 1319 1232 1386 minime
1265 1343 1329 1387 oon·

254 1418 409 1483 sentiunt.

316 1538 344 1582 a.
371 1515 527 1582 Nonnulli
545 1516 640 1594 enim,
660 1515 747 1579 inter
765 1537 845 1597 quos
863 1516 1059 1597 praesertim
1075 1516 1269 1601 Vasquez‚¹)
1289 1540 1329 1582 as·

253 1621 375 1694 serunt,
396 1613 729 1697 praedestinationem
749 1614 841 1678 illam
862 1619 952 1696 post
979 1616 1167 1696 praevisa
1194 1615 1233 1680 m'
1237 1619 1331 1681 etita

253 1714 388 1792 factam,
421 1713 452 1778 b.
480 1714 647 1796 Virginem
676 1735 715 1776 ex
744 1713 869 1777 meritis
897 1713 997 1777 fuisse
1027 1713 1167 1778 electam
1196 1723 1271 1780 tum
1297 1715 1332 1778 ad

192 1807 195 1814 ’
255 1813 316 1877 Dei
337 1812 589 1890 maternitatem,
607 1818 677 1876 tum
699 1811 741 1876 ad
762 1818 889 1877 tantam
910 1812 1056 1894 gloriam,
1076 1816 1228 1896 quamvis
1250 1816 1332 1899 prius

254 1912 288 1974 in
310 1911 449 1976 Matrem
471 1911 541 1990 Dei,
565 1932 662 1994 quam
684 1911 726 1975 ad
747 1917 874 1976 tantam
895 1910 1031 1994 gloriam
1052 1912 1157 1978 fuerit
1178 1913 1295 1979 electa.

316 2010 347 2074 b.
384 2011 450 2074 Alii
482 2011 499 2074 e
532 2016 661 2087 contra,
693 2031 741 2092 vg.
773 2011 938 2092 suarem)
967 2009 1234 2095 Bellarminus‚⁸)
1268 2033 1333 2096 pro·
1362 2017 1363 2044 Ι

254 2117 400 2192 pugnant
438 2108 771 2192 praedestinationem
816 2115 907 2172 ante
949 2111 1136 2191 praevisa
1181 2112 1332 2175 merita.

254 2209 409 2290 „Certum
436 2215 494 2288 est,
524 2208 631 2290 inquit
660 2207 818 2286 suarez,
847 2208 877 2272 b.
900 2207 1067 2290 Virginem
1095 2208 1199 2272 fuisse
1223 2209 1266 2274 ab
1288 2230 1334 2273 ae·

254 2316 347 2373 terno
381 2309 519 2372 electam
554 2313 588 2371 et
619 2307 913 2390 praedestinatam,
952 2314 1022 2372 tum
1055 2307 1098 2371 ad
1130 2309 1277 2389 gratiam
1308 2318 1335 2370 et

254 2408 406 2490 gloriam,
443 2414 513 2472 tum
549 2407 649 2472 etiam
684 2407 727 2470 ad
763 2407 958 2489 dignitatem
991 2407 1108 2471 Matris
1146 2409 1227 2486 Dei,
1267 2414 1334 2473 ante

255 2506 364 2570 omnia
385 2506 473 2570 illius
495 2505 614 2569 merita
634 2506 845 2588 praeterita.“

317 2605 487 2669 Sententia
509 2605 589 2669 haec
607 2627 631 2669 s.
650 2605 818 2688 Scriptura
835 2604 974 2669 fundata
990 2606 1150 2687 Apostolo
1170 2606 1334 2686 dicente,⁴l

255 2724 382 2768 omnem
411 2703 602 2768 electionem
629 2725 695 2767 non
721 2703 793 2767 fieri
820 2725 880 2785 per
909 2702 1055 2768 debitum
1087 2726 1147 2768 seu
1174 2707 1334 2778 meritum,

254 2802 313 2867 sed
337 2824 397 2885 per
426 2803 573 2885 gratiam,
605 2804 704 2868 etiam
730 2803 820 2866 bulla
848 2802 1122 2883 ,Ineffabilis“
1153 2803 1335 2868 confirmari

254 2900 398 2978 videtur,
427 2901 485 2966 ubi
512 2901 663 2983 legimus:
697 2901 823 2981 ,Deum
851 2901 893 2964 ab
921 2902 1016 2965 initio
1045 2908 1080 2965 et
1101 2910 1180 2965 ante
1211 2902 1334 2967 saecula

255 3000 421 3083 unigenito
442 3000 525 3065 Filio
547 3021 605 3063 suo
625 2999 766 3064 Matrem
788 3000 923 3082 elegisse
945 3007 1044 3082 atque
1066 3000 1250 3079 ordinasse,
1273 3009 1335 3065 tan·

254 3107 355 3182 toque
376 3121 455 3183 prae
484 3100 643 3165 creaturis
672 3100 830 3164 universis
859 3120 967 3164 amore
988 3105 1200 3181 prosecutam
1231 3099 1334 3172 luisse,

254 3205 293 3263 ut
325 3199 360 3262 in
394 3197 452 3262 illa
486 3197 551 3262 un'a
583 3199 645 3262 sibi
676 3199 928 3282 propensissima
963 3197 1132 3262 voluntate
1167 3196 1335 3279 placuerit.

255 3298 482 3381 Quapropter
507 3298 612 3377 illam,
642 3298 737 3382 longe
767 3304 843 3362 ante
872 3318 984 3362 omnes
1010 3296 1175 3379 angelicos
1206 3297 1336 3380 spiritus

221 3449 224 3456 .
254 3402 453 3479 cunctosque
496 3404 644 3476 anactea,
689 3396 879 3462 coelestium
920 3396 1063 3460 omnium
1105 3395 1335 3460 charismatum

253 3493 350 3576 copia
387 3494 427 3558 de
466 3495 618 3560 thesauro
656 3496 845 3561 Divinitatis
884 3495 1077 3578 deprompta
1116 3495 1166 3558 ita
1204 3493 1336 3558 mirifice

255 3592 448 3670 cumulavit,
495 3600 533 3658 ut
577 3594 649 3676 ipsa
694 3595 736 3659 ab
781 3593 867 3658 omni
912 3615 1045 3676 prorsus
1091 3593 1223 3675 peccati
1271 3590 1337 3655 labe

256 3711 384 3773 semper
415 3697 501 3756 esset
532 3681 667 3758 libera.“
718 3693 832 3776 Neque
869 3693 933 3757 alio
969 3692 1077 3757 tendit
1117 3715 1141 3756 s.
1174 3691 1338 3756 Thomas

323 3921 342 3988 ¹)
359 3920 437 3976 Tom.
453 3919 476 3987 I,
498 3921 529 3976 in
545 3921 596 3988 III,
617 3939 643 3985 p,
667 3922 738 3986 disp.
756 3920 858 3988 XXIII,
875 3937 921 3989 cp.
935 3923 961 3976 4.
1002 3921 1023 3987 ²)
1040 3920 1121 3975 Tom.
1137 3919 1173 3983 II,
1195 3920 1228 3973 in
1247 3918 1299 3986 111,
1314 3935 1338 3986 p.

256 4001 327 4071 disp.
345 4006 357 4055 1
377 4007 445 4060 sect.
463 4004 486 4057 3.
520 4003 541 4069 8)
559 4004 613 4059 Cir.
630 4007 712 4058 tract.
730 4004 814 4058 theol.
832 4020 895 4073 pag.
913 4005 954 4059 72.
987 4005 1009 4070 ⁴)
1028 4001 1101 4072 Eph.
1119 4002 1141 4066 1,
1158 4005 1198 4056 ll.
