2814 4548
572 368 633 428 607

114 547 144 589 a.
181 547 221 589 ex
250 526 357 590 verbis
379 526 529 609 Apostoli
558 526 601 591 ad
626 525 813 592 Corinthios
824 528 864 608 ¹):
899 527 1064 608 ,Mulier
1093 529 1145 593 al·

43 627 185 708 ligata
217 631 279 689 est
305 622 399 706 legi,
434 632 584 707 quanto
614 632 793 707 tempore
826 624 885 688 vir
914 626 999 709 ejus
1028 628 1143 707 vivit;

45 724 214 808 quodsi
242 724 454 788 dormierit
475 725 536 787 vir
563 725 662 806 ejus,
685 725 748 788 cui
776 723 875 801 vult,
898 724 1032 790 nubat.
1076 726 1146 791 Be·

44 824 164 889 atior
190 831 322 887 tamen
350 822 442 900 erit,
472 823 505 885 si
535 822 592 887 sic
620 823 921 905 permanserit.“
964 824 1061 890 Valet
1082 825 1144 890 hoc

45 944 122 986 non
151 921 257 986 solum
285 922 319 984 in
340 919 412 1002 lege
435 919 631 1003 evangelica,
662 921 720 985 sed
748 921 853 986 valuit
882 923 983 987 etiam
1011 924 1045 986 in
1073 924 1145 1008 lege

45 1020 176 1086 veteris
199 1020 399 1084 testamenti.
440 1019 552 1084 Etiam
572 1020 606 1084 in
624 1026 734 1085 vetere
758 1027 956 1087 testamento
974 1023 1149 1106 virginitas

46 1130 85 1186 et
110 1119 252 1184 vidualis
274 1120 411 1184 castitas
432 1120 639 1184 matrimonio
661 1120 944 1202 praeferebantur,
968 1129 1006 1186 ut
1027 1122 1147 1188 docent

46 1222 144 1284 inter
171 1218 253 1282 alios
281 1218 478 1301 Josephus2)
511 1225 545 1284 et
576 1241 600 1284 s.
631 1219 824 1302 Ignatius.³)
868 1221 977 1296 Quare
1005 1221 1145 1287 Estius

47 1320 95 1384 ad
126 1319 243 1396 rerba,
273 1317 392 1400 quibus
420 1317 538 1383 Judith
567 1318 737 1398 laudatur,
768 1318 856 1402 quod
883 1308 1072 1384 ca'stitatem
1100 1321 1148 1384 vi-

48 1416 188 1482 dualem
209 1417 396 1495 servaverit,
423 1424 457 1481 et
477 1425 553 1500 post
574 1418 679 1482 virum
701 1439 797 1482 suum
816 1418 959 1493 alterum
981 1419 1144 1497 nescierit,

48 1521 204 1592 annotat,
233 1535 298 1578 non
320 1515 426 1580 solum
447 1523 595 1598 tempore
617 1516 692 1581 nori
714 1517 904 1581 testamenti
926 1516 1147 1581 commendari

48 1615 187 1691 viduas,
217 1635 302 1696 quae
326 1613 370 1678 ad
391 1614 550 1678 secundas
571 1614 705 1696 nuptias
726 1636 791 1678 non
813 1622 1001 1693 transeunt,
1033 1636 1146 1680 verum

50 1713 159 1778 etiam
180 1710 264 1776 tales
292 1711 394 1776 luisse
423 1713 698 1778 commendabiles
727 1721 875 1797 tempore
903 1714 1023 1778 veteris
1045 1719 1149 1778 testa-

48 1809 170 1876 menti.
216 1809 345 1891 ,Unde,
375 1811 497 1893 inquit,
527 1811 736 1877 nullomodo
765 1811 988 1894 recipiendum
1016 1811 1149 1876 ridetur

49 1907 281 1993 apocryphum
308 1908 392 1974 illud
420 1909 460 1973 de
490 1931 514 1974 s.
537 1910 645 1987 Anna,
676 1918 782 1975 matre
810 1910 972 1992 Deiparae
993 1910 1145 1992 Virginis,

49 2011 86 2074 in
113 2027 180 2090 quo
202 2006 360 2085 traditur,
391 2029 463 2072 eam
484 2008 592 2072 tribus
614 2009 742 2073 maritis
763 2007 864 2072 fuisse
886 2008 1028 2073 vicissim
1049 2030 1150 2090 copu-

50 2108 178 2183 latam,
209 2105 267 2169 sed
287 2106 398 2187 potius
419 2106 634 2188 rejiciendum
661 2113 830 2189 tamquam
852 2113 920 2171 tam
943 2114 1056 2172 sancta
1077 2130 1148 2172 mu-

50 2209 139 2272 liere
162 2204 363 2287 indignum.“
1001 2285 1004 2289 .

120 2305 152 2368 b.
193 2303 410 2386 Gregorius
449 2303 687 2385 Cedrenus4)
727 2303 845 2382 refert,
884 2327 908 2368 s
941 2304 1147 2370 Joacbimum

51 2409 135 2487 post
157 2407 267 2466 ortum
293 2402 325 2465 b.
346 2401 489 2484 Virginis
512 2401 684 2466 duodecim
704 2423 764 2484 per
785 2424 887 2467 annos
909 2424 983 2466 cum
1005 2424 1029 2466 s.
1052 2404 1148 2468 Anna

51 2501 197 2583 conjuge
216 2521 276 2564 sua
293 2500 420 2578 vixisse,
439 2500 674 2582 octogesimum
691 2521 814 2565 annum
831 2507 998 2584 agentem3
1021 2503 1148 2566 Annam

54 2622 136 2665 vero
154 2619 257 2663 annos
279 2599 536 2681 undeoctoginta
551 2605 663 2663 natam
681 2619 698 2662 e
715 2598 794 2663 vivis
812 2599 998 2664 excessisse.
1038 2598 1147 2675 Quare

53 2696 278 2781 improbabile
307 2718 440 2779 prorsus
476 2703 540 2775 est,
578 2698 706 2762 Annam
735 2697 805 2762 fere
844 2698 1047 2780 decrepitam
1074 2703 1150 2779 post

54 2803 200 2862 mortem
210 2795 372 2860 Joaohimi
390 2795 433 2860 ad
451 2795 610 2860 secundas
629 2802 663 2860 et
681 2796 798 2860 tertias
817 2795 985 2860 transiisse
1003 2796 1147 2878 nuptias.

56 2894 210 2962 Docebat
240 2915 339 2977 porro
371 2900 510 2959 matrem
536 2894 616 2958 lesu
646 2894 784 2972 Christi,
817 2896 932 2959 matris
964 2884 1043 2958 suae
1076 2894 1152 2958 uni·

55 2993 206 3078 genitam
239 3013 309 3057 esse
340 2991 458 3070 filiam,
495 2993 581 3057 siout
612 2992 762 3057 Christus
797 2992 997 3074 unigenitus,
1015 2991 1149 3059 futurus

56 3099 143 3158 erat.
186 3091 294 3168 Quum
315 3091 438 3156 sterilis
459 3092 599 3173 primurn
625 3097 713 3156 esset
733 3091 842 3167 Anna,
872 3089 1026 3172 precibus
1046 3090 1149 3155 filiam

55 3197 239 3256 consecuta
258 3189 374 3268 fertur,
397 3189 536 3253 Mariam
557 3189 691 3266 scilicet,
715 3188 777 3252 Dei
798 3188 998 3253 Genitrioem
1022 3195 1057 3253 et
1079 3209 1151 3253 ore-

56 3289 207 3355 dendum
224 3310 301 3371 ergo
320 3297 380 3366 est,
398 3295 492 3353 tanto
511 3310 583 3352 eam
599 3288 757 3353 beneficio
771 3288 840 3370 jam
858 3309 878 3350 a
896 3287 964 3351 Deo
983 3285 1149 3364 donatam,

55 3387 145 3455 nulli
163 3386 262 3452 alteri
279 3387 348 3451 viro
366 3388 525 3470 nupsisse,
543 3389 640 3453 unica
657 3387 726 3452 filia
744 3387 804 3452 tali
823 3393 857 3451 et
875 3393 978 3464 tanta,
996 3386 1152 3469 precibus

55 3491 252 3570 impetrata,
276 3493 475 3552 contentam.

124 3607 151 3650 o.
184 3584 351 3650 llrrores
380 3585 480 3649 etiam
502 3585 727 3668 apertissimos
749 3585 860 3668 opinio
882 3585 963 3649 haec
985 3583 1150 3661 continet3

57 3707 140 3750 nam

131 3916 151 3982 ¹)
169 3919 183 3968 l
202 3914 437 3983 eor.vl1,sasq.
472 3915 493 3979 2)
512 3914 554 3967 De
567 3913 653 3982 antiq.
661 3913 727 3968 Jud.
741 3929 807 3981 pop.
821 3911 870 3966 lib.
885 3915 915 3966 13
930 3928 974 3980 cp.
984 3913 1015 3978 83
1032 3910 1082 3966 cfr.
1091 3929 1118 3980 p.
1127 3911 1151 3984 1,

57 4004 129 4054 sect.
136 3996 175 4064 11,
185 3996 322 4065 cp.l.§.2.
338 3997 359 4063 θ)
369 3994 716 4064 lnepist.‘adPhiladelph.
733 3995 755 4063 ⁴)
764 3994 797 4048 ln
806 3994 954 4062 compend.
961 3993 1152 4048 historiarum.
