2718 4556
549 347 608 407 333

52 508 125 572 vitae
158 508 331 590 integritas
363 512 456 571 tanta
493 507 600 589 gratia
637 513 670 571 et
701 513 771 572 tam
808 515 919 573 sancto
955 512 1115 576 connubio

52 606 180 671 reddidit
213 607 354 689 dignum.
408 605 522 687 ,Sicut
554 606 640 670 enim
672 605 796 684 decuit,
830 607 878 671 ait
910 608 1115 694 Gerson,¹)

52 713 83 770 ut
110 706 212 770 Maria
243 711 338 769 tanta
369 704 514 787 puritate
546 705 683 783 niteret,
723 726 788 788 qua
818 706 878 770 sub
912 707 980 773 Deo
1013 711 1116 793 major

51 805 150 887 nequit
170 801 324 886 intelligi,
356 804 403 868 ita
425 803 550 882 decuit,
580 809 618 868 ut
645 825 669 868 s.
692 804 851 887 Josephus
878 812 972 871 tanta
992 809 1116 890 polleat

50 905 278 987 praerogativa,
309 924 392 985 quae
421 901 667 967 similitudinem
697 909 730 968 et
751 905 890 985 gratiam
919 908 1116 989 exprimeret

49 1003 113 1066 talis
133 1003 244 1085 sponsi
264 1002 306 1066 ad
327 1002 428 1067 talem
451 1003 632 1085 sponsam.“

102 1101 129 1165 b.
163 1102 199 1168 Si
220 1123 243 1165 s.
265 1101 387 1184 ioseph
415 1101 535 1164 liberos
555 1101 724 1166 habuisset
746 1123 785 1166 ex
812 1102 877 1167 alia
896 1106 1114 1187 praecedente

49 1222 145 1279 uxore,
166 1200 330 1266 divisisset
350 1221 493 1264 amorem
513 1221 572 1264 nec
591 1200 720 1266 Christo
742 1222 777 1266 se
798 1207 906 1267 totum
927 1204 1114 1288 impendere

47 1303 212 1382 potuisset,
253 1300 311 1365 sed
345 1300 407 1365 hoo
443 1299 672 1383 requirebatur
708 1300 751 1365 ad
782 1302 1007 1369 sustinendum
1042 1327 1115 1370 cum

49 1399 166 1466 Christo
189 1399 323 1464 exilium
344 1404 378 1463 et
399 1398 441 1462 ad
464 1399 572 1463 omnia
592 1399 658 1463 alia
679 1420 779 1463 onera
799 1399 942 1465 ferenda.

100 1500 263 1565 Abscedat
289 1499 390 1582 igitur
419 1520 438 1562 a
466 1498 717 1582 cogitationibus
749 1499 868 1564 nostris
901 1501 1004 1565 omnis
1032 1501 1116 1566 falsa

47 1597 80 1663 de
106 1620 128 1663 s.
150 1597 286 1680 iosephi
314 1597 472 1662 viduitate
505 1603 619 1661 contra
644 1598 805 1680 integram
833 1598 901 1681 ejus
930 1598 969 1663 de
999 1621 1116 1665 concu-

46 1698 195 1778 piscentia
216 1697 324 1761 carnis
350 1696 520 1760 victoriam
541 1697 695 1779 suspicio!
728 1696 860 1761 Minime
888 1699 974 1763 enim
995 1699 1113 1779 decuit,

46 1794 177 1861 filiorum
203 1801 262 1860 aut
283 1803 438 1878 nepotum
459 1796 635 1861 sollicitum
655 1795 755 1861 fuisse
784 1819 873 1876 eum,
904 1800 961 1880 qui
983 1799 1116 1864 Domini

46 1897 215 1980 matrisque
236 1896 306 1978 ejus
328 1895 530 1979 conjugalem
551 1917 589 1960 ac
606 1902 778 1978 paternam
799 1903 1007 1978 suscepturus
1029 1906 1116 1963 esset

46 2015 155 2059 curam.
200 1995 271 2072 Qua
288 1994 494 2078 virginitatis
515 1995 625 2076 potius
647 1994 895 2059 candidissimae
916 1995 1021 2059 lilium
1041 2018 1115 2061 cum

46 2095 172 2177 conjuge
190 2115 250 2158 sua
271 2093 415 2175 virginea
436 2093 541 2157 vivere
564 2092 687 2170 debuit,
704 2099 743 2157 ut
762 2093 920 2158 Dominus
941 2100 1053 2158 noster
1075 2095 1114 2160 de

45 2198 129 2257 utero
156 2193 300 2275 virgineo
328 2199 423 2256 natus
449 2192 536 2257 inter
563 2197 728 2256 maternas
756 2213 793 2257 ac
820 2198 973 2275 paternas
1000 2215 1114 2259 manus

45 2293 219 2356 nutriretur
239 2291 413 2372 virgineas!

532 2479 564 2562 5.
589 2478 622 2544 a

134 2636 165 2701 S.
193 2633 350 2716 ioseph
376 2633 669 2716 virginitatem
697 2641 790 2699 voto
819 2634 1020 2701 firmavit.

98 2783 250 2861 Quamvis
271 2802 336 2846 non
365 2802 514 2863 expresse
536 2782 692 2864 loquatur
712 2804 735 2846 s.
762 2783 931 2865 Scriptura
952 2783 992 2848 de
1014 2807 1037 2848 s.
1060 2785 1115 2850 Jo-

43 2882 128 2964 sephi
148 2889 233 2960 voto,
252 2886 362 2964 potest
380 2879 461 2945 iliud
478 2887 588 2945 tamen
610 2882 684 2946 elici
705 2901 745 2946 ex
761 2882 821 2961 his,
842 2905 925 2966 quae
943 2884 1114 2949 manifeste

43 3001 77 3045 ea
97 2981 315 3046 continentur.

100 3086 125 3143 1.
157 3079 187 3145 S.
206 3077 350 3160 Dcipara
372 3078 479 3142 emisit
499 3084 611 3143 votum
631 3086 810 3162 perpetuae
832 3081 995 3147 castitatis
1015 3082 1116 3147 hunc-

41 3197 98 3258 que
130 3178 195 3244 sibi
225 3177 323 3242 finem
354 3177 520 3260 praefixit,
560 3184 598 3242 ut
628 3178 711 3242 iilud
741 3179 903 3262 integrum
936 3202 1039 3264 usque
1072 3181 1115 3245 ad

40 3284 174 3342 mortem
203 3283 357 3342 servaret.
408 3277 497 3354 Quae
530 3297 630 3360 quum
658 3278 802 3342 omnium
830 3279 988 3361 virginum
1015 3279 1117 3345 fuerit

40 3377 305 3457 prudentissima,
335 3377 456 3460 optime
484 3377 647 3460 praevidit
675 3383 709 3442 et
728 3377 895 3460 praecavit
913 3378 1116 3443 imminentia

41 3493 185 3559 quaeque
212 3475 392 3558 virginitati
419 3496 497 3540 suae
517 3474 665 3558 pericula
692 3497 797 3560 neque
826 3477 958 3558 nuptias
984 3477 1116 3543 admisit

39 3573 110 3652 viri,
141 3575 181 3639 de
204 3595 269 3658 quo
291 3579 381 3640 certa
402 3581 575 3654 nouerat,
604 3574 691 3658 quod
712 3581 823 3640 votum
843 3597 902 3640 suo
925 3575 1029 3641 simile
1050 3598 1116 3642 non

39 3669 182 3739 haberet.
225 3673 319 3738 Unde
347 3674 510 3756 sequitur,
542 3673 630 3756 quod
657 3672 688 3738 b.
711 3674 809 3757 Virgo
838 3674 889 3739 vel
909 3697 968 3757 per
993 3675 1115 3740 revela-

40 3771 160 3836 tionem
181 3772 232 3836 vel
253 3772 317 3836 alio
339 3772 434 3837 modo
457 3778 547 3837 certo
568 3772 708 3851 sciverit,
730 3796 754 3838 s.
772 3774 953 3857 Josephum'
970 3775 1118 3840 castitati

101 3986 120 4052 ¹)
138 3986 225 4041 Serru.
243 3986 279 4041 de
296 3987 386 4042 Notiv.
473 3960 481 3978 ⁸
