2726 4560
564 367 593 431 V

62 542 277 621 argumentum.
328 531 497 616 „Laudare
526 530 612 597 euim
641 529 881 614 compellimur,
913 550 954 595 ne
982 526 1121 594 tacendo

62 691 227 734 maneamus
259 666 413 752 ingrati.“
425 666 450 748 ²)
495 665 629 748 Suscepi
658 685 735 748 ergo
767 663 914 730 laborem
947 659 1121 738 confidens,

62 805 132 886 quod
150 804 212 883 ille,
232 803 291 887 qui
312 799 373 884 ,de
389 805 485 883 petra
506 798 570 864 mel
592 805 626 864 et
641 797 750 862 oleum
771 795 812 862 de
830 815 907 862 saxo
929 792 1122 860 durissimo“

61 935 156 1002 elicere
182 942 310 1020 potest,
342 953 394 998 me
424 952 555 1017 quoqne
583 929 625 996 ad
653 931 756 1014 ipsius
788 929 891 994 solam
918 927 1055 1012 gloriam
1082 946 1121 990 ao

60 1069 261 1134 sanctissimae
302 1067 418 1133 Matris
458 1087 536 1131 suae
575 1063 706 1129 laudem
746 1063 943 1128 scribentem
981 1059 1120 1141 dirigere

60 1202 155 1268 ualeat

107 1311 238 1411 Restat,
264 1338 305 1397 ut
334 1330 374 1395 de
404 1329 534 1408 ordine,
568 1349 633 1413 quo
661 1350 730 1393 rem
758 1327 898 1394 tractavi
925 1329 1119 1407 susceptam,

60 1483 144 1544 pauca
174 1465 396 1548 praemittam.
450 1463 569 1528 Totum
605 1483 686 1544 opus
721 1462 756 1526 in
792 1468 875 1527 tres
911 1457 1120 1534 distribuitur

60 1603 172 1675 partes
198 1596 325 1680 triplici
346 1594 580 1678 respondentes
609 1595 727 1660 statui:
757 1593 860 1660 statui
887 1613 1004 1676 nempe
1026 1589 1119 1656 Chri-

13 1779 14 1784 ,
60 1733 128 1792 stum
145 1736 257 1795 natum
280 1727 498 1806 antecedenti,
520 1726 753 1793 concomitanti
774 1734 808 1793 et
828 1725 1048 1810 consequenti.

105 1859 138 1924 ln
165 1863 332 1944 primam
363 1867 491 1943 partem
518 1860 645 1938 remisi,
676 1881 760 1943 quae
789 1859 927 1926 dicenda
954 1860 1047 1925 fuere
1077 1858 1118 1923 de

13 2007 14 2016 ¹
61 2011 77 2053 s.
101 1993 251 2078 Deiparae
283 1993 504 2077 Oonceptione
532 1993 759 2072 immaculata,
791 1992 989 2070 Nativitate,
1021 1991 1118 2056 Prae·

13 2151 14 2156 ¹
60 2127 229 2206 scotatione,
264 2125 478 2210 Virginitate,
511 2127 610 2204 Voto,
644 2126 853 2192 Matrimonio
885 2147 945 2191 nec
977 2148 1043 2191 non
1076 2125 1116 2191 de

13 2219 14 2228 ἵ
60 2274 77 2317 s.
98 2257 219 2343 losephi
247 2258 448 2342 Virginitate
481 2266 515 2325 et
542 2266 703 2343 tempore,
735 2281 798 2343 quo
827 2260 858 2324 b.
886 2259 1053 2344 Virginem
1081 2260 1115 2322 in

60 2389 277 2456 matrimonium
299 2391 437 2455 duxerit.
482 2391 552 2468 Qua
580 2391 613 2455 in
635 2398 730 2474 parte
758 2392 789 2455 b.
812 2392 954 2476 Virginis
975 2391 1115 2476 Virgini-

59 2522 140 2584 tatem
159 2523 225 2589 Deo
248 2524 401 2601 dicatam,
430 2525 637 2589 matrimonio
658 2525 844 2591 nullatenus
865 2528 1029 2606 violatam,
1058 2525 1115 2592 sed

58 2650 144 2728 potius
171 2654 350 2734 elevatam,
381 2657 497 2721 fusiori
517 2658 724 2724 tractandam
754 2680 824 2724 esse
845 2661 959 2744 putaui
980 2659 1113 2739 calamo,
1145 2658 1148 2670 '

59 2788 318 2869 quamplurimae
339 2789 401 2854 hac
428 2789 463 2853 in
484 2811 519 2855 re
548 2791 666 2874 agitari
696 2791 823 2856 soleant
845 2791 1050 2875 quaestiones
1080 2798 1114 2856 et

60 2911 248 2987 difficultates.

103 3048 135 3112 In
160 3053 334 3118 secunda
361 3062 456 3137 parte
478 3077 582 3121 sermo
606 3063 657 3121 eet
678 3057 718 3122 de
747 3079 771 3122 s.
795 3059 957 3141 Deiparae
978 3060 1112 3122 Annun-

58 3173 169 3246 tiatione
207 3191 241 3249 et
279 3184 491 3284 Visitatione,
528 3187 625 3253 sicuti
661 3188 700 3252 dc
735 3189 957 3256 Maternitatis
992 3190 1110 3274 gaudio

59 3310 201 3392 conjuncto
224 3339 299 3382 cum
320 3317 526 3400 Virginitatis
547 3319 679 3384 honore.

103 3441 135 3506 ln
162 3450 287 3514 tertia
317 3457 411 3532 parte
443 3450 615 3517 disseritur
644 3452 684 3517 de
714 3453 745 3517 b.
776 3455 917 3540 Virginis
947 3458 1047 3524 Obitu
1077 3466 1111 3525 et

58 3565 257 3660 Assumptione
280 3602 426 3648 necnon
448 3583 487 3649 de
510 3585 609 3650 Cultu
630 3586 841 3670 hyperdulico
864 3591 913 3654 illi
935 3591 1055 3657 debito.

104 3705 238 3783 Quatuor
273 3721 469 3797 sequuntur·
495 3717 770 3799 appendiceS,
812 3744 950 3805 quorum
986 3726 1110 3808 primus

58 3825 141 3902 lotum
168 3842 339 3909 classicum
370 3847 475 3913 Isaiae
507 3848 583 3927 VII,
619 3855 657 3914 14
690 3853 838 3934 exponit,
876 3856 1036 3921 secundus
1069 3857 1109 3922 de

62 3945 224 3970 x—

109 4001 125 4066 ¹)
140 4003 163 4057 S.
178 4007 329 4065 Benevent.
347 4011 376 4064 in
393 4013 463 4081 prol.
481 4013 516 4066 ad
535 4013 643 4082 Specnl.
661 4016 691 4070 B.
710 4017 749 4073 M.
767 4019 800 4074 V.
