2728 4554
546 373 604 431 451

63 529 272 612 promissio
296 529 357 593 Dei
375 532 612 596 remunerantis
634 532 693 597 sub
716 532 902 598 conditione
920 536 996 601 talis
1018 540 1125 620 operis

64 630 95 694 de
124 651 155 694 se
191 628 338 712 aequalis
370 628 477 711 quoad
510 629 651 694 valorem
687 653 761 695 curn
793 635 953 714 praemio,
991 644 1125 720 propter

63 751 148 812 quam
184 729 319 806 dicitur,
357 728 419 791 hoc
459 749 498 792 ex
532 729 662 811 justitia
700 731 810 795 tribui.
864 733 1017 798 Meritum
1048 758 1124 802 vero

63 829 96 893 de
120 849 256 911 congruo
284 848 351 891 non
378 827 421 891 ad
442 828 587 892 ordinem
617 851 787 894 causarum
816 831 1037 912 efficientium,
1053 835 1125 899 'sed

62 927 288 1011 disponentium
316 925 517 990 solummodo
533 921 712 1009 'pertinens
742 930 865 994 nullam
894 933 1032 1014 requirit
1051 956 1126 1016 pro·
1182 979 1184 984 -

61 1027 232 1092 missionem
254 1025 293 1090 de
315 1024 489 1103 essentiali,
519 1047 619 1108 quum
640 1026 744 1091 3011111
766 1027 882 1094 fundet
903 1030 1049 1096 debitum
1070 1032 1124 1096 de-

61 1127 174 1190 centiae
202 1132 236 1190 et
265 1125 495 1206 congruentiae
523 1126 686 1190 resultans
716 1149 755 1190 ex
785 1127 893 1192 dantis
914 1129 1062 1196 bonitate
1092 1139 1125 1197 01

60 1225 256 1290 liberalitate.
1033 1247 1036 1252 ·

114 1363 138 1406 0.
166 1341 301 1406 Duobus
323 1339 425 1405 modis
439 1339 585 1434 xintelligi
602 1348 721 1423 1101031,
740 1343 771 1406 b.
791 1343 957 1425 Virginem
975 1346 1126 1410 meritam

61 1440 158 1520 fuisse,
180 1446 319 1504 matrem
342 1459 410 1502 esse
432 1439 507 1502 Dei:
536 1441 715 1522 proxime
741 1463 779 1505 ac
800 1448 960 1506 remote.
1004 1443 1126 1508 Meruit

61 1539 133 1604 hanc
153 1539 346 1622 dignitatem
366 1539 527 1619 proxime,
558 1539 586 1602 si
607 1539 664 1603 illa
685 1541 865 1622 praemium
885 1540 951 1605 fuit
973 1543 1126 1624 operibus

61 1639 122 1719 ejus
142 1638 300 1715 debitum,
327 1637 376 1701 ita
396 1642 435 1700 11
457 1637 545 1701 Ι)013
567 1637 788 1720 dependenter
809 1639 849 1703 ab
872 1640 911 1703 iis
933 1640 1126 1723 dignitatem

61 1737 234 1802 contulerit.
277 1736 413 1800 Remote
435 1756 510 1800 vero
540 1737 660 1801 meruit
680 1738 940 1818 maternitatem,
970 1740 1126 1823 311113110-

61 1836 199 1900 sitionem
219 1842 349 1901 tantum
369 1835 489 1898 meruit
509 1835 717 1918 requisitam,
747 1843 784 1900 11
806 1836 901 1919 digne
924 1837 995 1901 fieri
1016 1845 1127 1920 posset

61 1932 161 1998 llater'
177 1935 281 2015 Dei.¹)
325 1933 448 2010 Quibus
469 1935 671 2015 praenotatis
694 1935 830 1999 dicimus

547 2169 578 2252 s.
601 2167 628 2233 1.

78 2332 110 2395 B.
135 2333 260 2416 Virgo
289 2331 608 2398 maternitatem
637 2330 818 2393 divinam
846 2353 924 2394 non
953 2332 1106 2398 meruit

440 2430 485 2493 de
518 2429 735 2511 condigno.

115 2597 243 2680 Opinati
270 2597 404 2660 fuerunt
432 2593 579 2659 nonnulli
607 2593 800 2676 theologi,²)
833 2594 863 2658 b,
885 2594 1050 2677 Virginem
1080 2595 1126 2659 de

61 2698 254 2781 condigno
277 2695 432 2759 meruisse
453 2693 696 2756 maternitatem
718 2693 868 2771 divinam,
891 2694 1013 2776 duplici
1034 2716 1127 2776 prae-

62 2799 162 2861 sertim
200 2802 391 2879 argumento
428 2793 623 2857 sententiam
658 2792 742 2856 hanc
777 2792 916 2876 probare
956 2800 1126 2858 conantes:

62 2914 84 2956 a.
113 2896 230 2976 ,Quod
253 2896 304 2958 uti
331 2894 432 2958 Viva
460 2893 576 2974 inquit,
586 2895 611 2974 ³)
637 2914 702 2956 non
724 2893 865 2957 defuerit
885 2893 1053 2975 proportio
1075 2915 1128 2975 ge-

62 2997 206 3060 ometrica
234 2995 322 3060 inter
349 2993 466 3056 merita
492 2992 635 3074 Virginis
665 2997 698 3056 et
725 2991 910 3072 hujusmodi
937 2993 1126 3074 praemium,

62 3113 166 3177 nempe
187 3093 440 3170 maternitatem,
463 3113 503 3154 ex
525 3113 562 3154 eo
584 3090 622 3154 fit
643 3091 859 3172 perspicuum,
883 3091 960 3172 quia
983 3091 1128 3173 quamvis

61 3190 159 3257 (lirina
178 3193 370 3258 maternitas
392 3191 435 3255 sit
456 3190 576 3254 donum
601 3189 915 3268 excellentissimum,
938 3211 1001 3272 quo
1024 3190 1128 3271 majus

61 3289 137 3357 inira
156 3293 307 3357 unionem
329 3290 568 3372 hypostaticam
595 3288 773 3370 excogitari
794 3287 910 3371 nequit
932 3337 938 3350 .
963 3337 969 3350 .
994 3336 1000 3350 .
1024 3337 1041 3366 .,
1064 3309 1129 3370 non

62 3396 231 3456 esttamen
259 3390 381 3454 donum
407 3386 818 3470 31111111011011111111111.α
860 3387 890 3452 b.
915 3386 1002 3469 „Nec
1024 3385 1130 3450 defuit

62 3487 160 3556 divina
186 3490 356 3574 promissio
386 3489 426 3554 de
455 3487 562 3552 dando
590 3488 652 3552 hoe
680 3487 824 3570 praemio
853 3484 913 3548 sub
943 3484 1129 3548 conditione

62 3607 187 3656 onerosa
219 3596 311 3655 actus
338 3587 415 3652 fidei
447 3593 481 3653 et
509 3608 683 3652 consensus
712 3585 863 3669 praestiti
892 3582 1016 3667 Angelo
1047 3604 1129 3646 uun-

62 3746 245 3762 Ἢ

124 3837 542 3906 11111111001.111001111173.
574 3836 595 3902 ²)
613 3826 1040 3902 Cir.VasquezinIll,p.q‚Il‚
1058 3828 1130 3896 disp.
1223 3863 1224 3868 1
1340 3871 1341 3874 ,

62 3916 154 3977 XXIII.
193 3923 214 3988 ⁸)
231 3923 429 3976 Damnatamm
451 3918 570 3974 thesium
592 3917 750 3985 theologica
769 3915 876 3970 trutina
895 3916 962 3968 tom.
985 3911 1007 3977 1,
1023 3928 1051 3980 p.
1067 3911 1129 3978 4843

62 3999 107 4054 cfr.
124 4002 207 4059 Haine
223 4006 242 4059 1.
260 4021 284 4060 0.
301 4023 328 4073 p.
345 4005 402 4058 263.
931 4075 978 4131 29*
