2718 4556
735 349 794 409 278

226 510 282 592 qui
311 509 436 574 doleret
459 516 492 573 et
513 515 624 593 posset
651 509 804 592 injuriam
831 511 996 576 vindicare
1028 518 1061 576 et
1084 504 1283 595 opprobrium,

224 608 251 672 si
278 629 343 672 non
372 615 562 691 agnosceret
583 609 850 672 sacramentum.“
894 611 923 675 S.
946 610 1051 675 Maria
1079 612 1107 675 si
1134 633 1198 676 non
1224 632 1285 674 cou-

220 706 336 789 jugata
364 708 557 789 peperisset,
590 707 733 772 fructum
763 709 831 790 ejus
860 708 1005 773 fructum
1032 709 1133 774 fuisse
1163 709 1284 792 Spiritus
1338 778 1340 786 ,

225 805 330 868 sancti
357 806 466 870 nullus
495 807 700 885 credidisset,
733 830 793 872 nec
821 815 900 873 tuno
931 811 1104 892 quisquam
1136 809 1284 884 adfuisset,

209 905 267 968 ad
292 927 391 987 quem
419 928 572 971 accusare
606 929 677 971 eam
706 908 828 972 directe
856 909 1077 991 pertinuisset.
1127 909 1198 974 Jam
1225 927 1285 970 uero

225 1026 325 1086 quum
357 1005 387 1068 b.
418 1005 515 1088 Virgo
548 1028 572 1070 s.
601 1006 777 1088 Josephum
804 1007 941 1072 haberet
972 1008 1092 1086 uirum,
1126 1007 1180 1070 ille
1210 1026 1286 1070 suam

224 1109 416 1185 prosecutus
434 1103 550 1170 fuisset
568 1127 711 1183 uxorem,
731 1107 758 1170 si
778 1113 971 1189 conceptum
989 1107 1029 1170 de
1049 1107 1173 1188 Spiritu
1190 1111 1284 1168 sancto

224 1223 290 1265 non
312 1203 490 1267 certissime
512 1205 703 1286 agnovisset.

288 1301 318 1364 b.
351 1302 433 1378 Quia
454 1304 576 1384 magis
599 1302 816 1366 credibilia
833 1303 1056 1367 redduntur
1078 1304 1164 1386 ipsa
1185 1301 1286 1366 uerba

225 1399 404 1482 Virginis
444 1403 583 1465 matris
621 1401 898 1483 virginitatem
935 1423 1042 1465 suam
1073 1399 1285 1478 asserentis.

227 1497 355 1580 Optime
384 1500 486 1581 igitur
514 1501 543 1564 d.
566 1501 847 1582 Ambrosius:¹)
881 1501 996 1582 ,Fides
1018 1500 1158 1579 Mariae,
1187 1499 1285 1582 inquit,

226 1598 332 1662 uerbis
367 1599 467 1680 magis
499 1599 693 1663 adsciscitur
714 1587 765 1663 ‚et
791 1599 951 1662 mendacii
983 1620 1080 1662 causa
1112 1604 1286 1662 removetur.

225 1697 401 1760 Videretur
422 1699 507 1761 enim
529 1698 657 1780 cuipam
679 1698 873 1762 obumbrare
895 1696 1035 1762 uoluisse
1057 1699 1194 1779 innupta
1214 1717 1287 1760 meu·

226 1797 318 1860 dacio
350 1818 548 1880 praegnans:
588 1819 718 1861 causam
753 1803 864 1861 autem
900 1797 1077 1861 mentiendi
1110 1797 1287 1878 desponsata

226 1917 291 1958 non
311 1896 436 1974 habuit,
454 1919 555 1979 quum
576 1898 717 1979 conjugii
734 1898 915 1979 praemium
936 1903 970 1960 et
990 1896 1097 1978 gratia
1117 1895 1287 1977 nuptiarum

226 2001 340 2076 partus
369 1997 412 2060 sit
442 1996 688 2061 foeminarum.“
732 1996 832 2073 Quasi
860 1996 964 2060 dicat:
999 1995 1032 2060 si
1060 1995 1090 2058 b.
1114 1995 1208 2076 Virgo
1234 2012 1287 2056 nou

226 2095 405 2176 conjugata.
431 2095 612 2177 peperisset
644 2102 678 2159 et
710 2116 744 2158 se
781 2095 904 2158 diceret
934 2093 1104 2176 virginem,
1144 2093 1203 2157 hoo
1235 2110 1288 2153 non

225 2192 391 2256 uideretur
411 2193 497 2271 fieri,
529 2194 592 2258 nisi
630 2194 672 2257 ad
706 2193 924 2257 excusandum
946 2192 1171 2256 fornicationis
1191 2209 1287 2273 pecca-

226 2296 313 2369 tum;
350 2313 451 2373 quum
485 2314 560 2356 uero
595 2293 735 2375 conjugii
767 2293 895 2356 vinculo
925 2313 998 2356 eum
1029 2313 1053 2354 s.
1082 2289 1202 2372 Joseph
1226 2307 1287 2351 oon·

224 2389 339 2470 juncta
361 2391 520 2468 rumille,
550 2393 629 2474 quin
649 2393 807 2474 peccarit,
838 2385 1031 2474 copulamh
1075 2411 1129 2454 ere
1150 2386 1286 2472 potuerit,

227 2495 398 2566 nouerat,
430 2511 487 2554 cur
513 2489 650 2570 diceret,
680 2513 714 2555 se
737 2513 806 2555 esse
827 2491 999 2573 uirginem,
1028 2489 1079 2554 nis
1112 2489 1173 2553 hoc
1193 2503 1288 2552 uerum

227 2586 359 2666 fuisset3
397 2610 472 2652 nam
505 2611 641 2671 sponsus
673 2613 750 2655 suus
782 2591 904 2674 optime
936 2588 1044 2667 seivit,
1077 2594 1188 2652 utrum
1217 2589 1288 2650 essct

227 2685 316 2768 uirgo
339 2709 471 2752 annon.r
497 2689 630 2753 Nullum
651 2711 728 2754 sane
750 2689 972 2754 testimonium
989 2687 1051 2751 hac
1072 2687 1107 2750 in
1127 2709 1162 2750 re
1182 2684 1287 2750 firmius

228 2807 265 2849 ac
295 2786 415 2850 certius
444 2809 512 2852 esse
539 2795 649 2870 potest
676 2789 801 2871 proprii
828 2788 938 2852 mariti
966 2785 1163 2851 testimonio.
1209 2781 1287 2847 Unde

228 2885 313 2948 siout
334 2884 471 2950 Thomas
493 2887 668 2969 Apostolus
690 2874 875 2952 dubitando
894 2893 928 2950 et
948 2885 1112 2967 tangendo
1134 2885 1287 2948 Resurrec-

228 2982 326 3046 tionis
349 2983 494 3063 Domini,
528 2986 575 3049 ita
602 3008 626 3050 s.
648 2986 770 3068 Joseph
799 2985 977 3050 dubitando
1006 2984 1114 3048 factus
1141 2989 1190 3047 est
1209 2977 1288 3045 testis

228 3103 365 3164 sponsae
408 3105 486 3148 suae
530 3085 727 3168 uirginitatis
774 3092 807 3150 et
848 3077 1049 3166 integritatis
1090 3081 1286 3147 fidelissimus.

228 3181 378 3246 Mirabile
409 3186 556 3266 profecto
588 3185 670 3248 illud
699 3207 723 3250 s.
752 3185 996 3265 Bernardi:²)
1028 3183 1142 3264 ,Sicut
1168 3181 1287 3246 Thomas

229 3281 418 3361 dubitando,
438 3285 600 3367 palpando
624 3285 902 3349 constantissimus
923 3283 1030 3347 faetus
1053 3287 1103 3346 est
1119 3277 1287 3344 Dominicae

229 3379 395 3446 confessor
416 3383 690 3463 Resurrectionis3
718 3385 767 3447 ita
796 3389 830 3446 et
855 3382 977 3464 Joseph
997 3380 1137 3444 Mariam
1164 3377 1222 3443 sibi
1245 3373 1288 3436 de·

229 3481 411 3562 sponsando
441 3483 574 3566 ejusque
604 3481 882 3556 conversationem
909 3483 943 3554 in
964 3487 1111 3561 tempore
1140 3473 1287 3542 custodiae

229 3579 406 3644 studiosius
429 3582 677 3663 comprobando,
700 3581 806 3645 factus
831 3587 881 3644 est
902 3579 1079 3663 pudicitiae
1101 3574 1287 3641 fidelissimus

228 3678 331 3742 testis.
374 3678 513 3743 Pulchra
541 3681 713 3762 utriusque
744 3679 792 3742 rei
819 3677 1059 3755 convenientia,
1090 3683 1124 3753 et
1146 3669 1287 3740 dubitatio

225 3775 368 3841 Thomae
398 3785 431 3842 et
460 3778 657 3861 dispensatio
679 3777 812 3841 Mariae.
855 3777 1013 3841 Poterant
1034 3775 1166 3858 quidem
1192 3767 1287 3838 similis

295 3996 315 4062 ¹)
332 3993 394 4048 Lib.
411 3998 426 4048 7
444 3995 473 4048 in
491 3995 558 4050 Luc.
590 3995 612 4060 ²)
633 3994 712 4047 Hom.
730 3992 766 4059 ΙΙ,
784 4009 867 4062 super
884 3992 992 4046 Missus.
