2728 4560
742 358 803 419 220

230 525 284 597 ut,
321 516 349 582 si
381 517 453 600 quis
483 537 525 582 ea
556 524 686 597 utatur,
723 518 825 583 faciat
857 524 972 584 eontra
1003 519 1168 602 justitiam
1199 520 1291 585 stricte

231 623 410 700 sumptam,
446 617 498 681 vel
530 617 629 681 etiam
660 623 771 700 potest
801 617 954 700 impediri
985 626 1144 702 perpetuo
1178 641 1216 684 ex
1242 618 1293 683 alia

230 716 352 781 virtute
373 715 424 780 vel
446 737 485 780 ex
506 715 629 781 virtute
654 716 829 799 religionis,
851 716 902 780 vel
923 715 987 781 fide
1008 718 1235 800 promissionis,
1253 715 1292 780 vel

233 836 273 879 ex
294 813 473 892 devotione,
495 813 547 878 vel
569 835 608 878 ex
629 815 796 880 accidente
818 815 937 898 aliquo.
981 817 1062 881 Dico
1083 807 1200 899 igitur,
1220 815 1293 899 prius
1357 884 1358 887 Ἴ

162 958 163 961 =
230 915 499 998 impedimentum
517 936 582 979 non
598 935 692 997 posse
711 915 850 998 intelligi
869 937 942 980 cum
959 916 1160 980 matrimonii
1175 913 1291 990 vinculo,

230 1014 313 1078 bene
346 1020 456 1077 tamen
482 1013 659 1095 posterius.
713 1013 797 1078 Nam
828 1013 969 1097 intelligi
1004 1015 1120 1097 nequit
1151 1013 1294 1078 vinculum
1357 1074 1358 1095 p

230 1112 430 1178 matrimonii
458 1113 527 1176 sine
555 1113 769 1177 translatione
799 1112 933 1177 dominii
961 1134 1149 1195 corporum,
1179 1119 1216 1177 ut
1235 1131 1293 1176 eon-

230 1219 315 1292 stat;
345 1219 380 1302 at
402 1212 517 1294 nequit
538 1218 641 1290 stare,
663 1233 769 1295 neque
791 1212 931 1295 intelligi
951 1213 1219 1294 impedimentum
1236 1230 1295 1294 per·

230 1317 367 1394 petuum
388 1331 465 1374 usus
487 1310 647 1393 ipsorum,
677 1310 724 1374 ita
753 1316 791 1374 ut
812 1310 840 1374 si
868 1311 940 1394 quis
968 1310 1033 1375 illis
1054 1318 1182 1389 utatur,
1210 1309 1295 1374 faeiat

233 1416 349 1475 contra
386 1409 565 1491 rigorosam
600 1408 764 1490 justitiam
802 1430 876 1472 cum
914 1409 1128 1474 translatione
1169 1405 1294 1473 dominii.

131 1581 133 1584 ,
229 1507 341 1588 Patet,
372 1509 448 1592 quia
478 1527 542 1572 non
557 1515 674 1590 ¹posset
695 1509 730 1592 in
757 1529 795 1573 eo
825 1517 886 1573 usu
915 1530 985 1574 esse
1006 1516 1178 1593 peecatum
1198 1513 1296 1572 contra

226 1609 391 1692 justitiam
412 1608 605 1691 rigorosam‚
627 1608 691 1672 nisi
713 1615 799 1672 esset
820 1629 898 1672 usus
920 1609 969 1672 rei
989 1609 1133 1687 alienae3
1166 1606 1296 1690 implicat
1358 1689 1359 1696 ἵ

230 1715 341 1774 autem
363 1707 540 1772 dominium
569 1728 742 1790 corporum
772 1728 842 1772 esse
870 1707 1067 1772 translatum
1096 1713 1131 1771 et
1151 1728 1219 1770 rem
1239 1722 1295 1768 esse

229 1809 384 1887 alienam3
407 1813 506 1894 atque
528 1804 601 1870 ideo
620 1806 863 1870 matrimonium
881 1827 1088 1889 nequaquam
1108 1805 1185 1869 iniri
1201 1805 1297 1886 potest

230 1908 291 1972 sub
322 1929 361 1972 ea
390 1906 591 1984 conditione,
621 1912 660 1969 ut
681 1904 828 1969 debitum
856 1925 922 1969 non
951 1905 1116 1987 exigatur,
1147 1904 1175 1967 si
1195 1903 1240 1966 ita
1258 1901 1297 1962 in·
1358 1939 1359 1960 2

231 2007 415 2090 telligatur,
445 2012 484 2070 ut
504 2004 581 2069 talis
603 2025 681 2068 usus
709 2011 795 2068 esset
816 2010 986 2086 peccatum
1007 2001 1230 2068 fornicationis
1250 2002 1298 2063 aut

229 2106 393 2171 adulterii.
438 2104 531 2182 Quod
553 2109 664 2168 autem
691 2102 832 2185 intelligi
852 2109 964 2186 posset
984 2123 1004 2166 a
1024 2102 1184 2184 principio
1204 2106 1298 2164 trans-

230 2205 309 2270 ferri
332 2205 510 2270 dominium
531 2224 719 2285 corporum,
741 2201 899 2285 impedito
921 2207 1081 2285 perpetuo
1103 2223 1165 2265 usu
1186 2196 1299 2264 exalia

229 2303 366 2382 virtute,
396 2302 446 2367 vel
469 2323 508 2366 ex
537 2301 606 2366 sola
633 2300 793 2365 fidelitate
823 2322 899 2383 erga
927 2299 1298 2383 conjugempromittens

213 2423 264 2482 ¹se
288 2397 455 2484 nunquam
483 2400 630 2466 debitum
659 2401 700 2465 ab
730 2421 769 2466 ea
789 2401 984 2484 petiturum,
1013 2400 1064 2464 vel
1086 2421 1126 2479 err
1151 2397 1298 2462 fidelitate

230 2521 306 2584 erga
328 2501 434 2566 Deum
454 2501 582 2565 ratione
603 2501 670 2564 voti
697 2499 872 2578 castitatis,
902 2506 995 2584 patet
1016 2497 1203 2563 manifeste:
1231 2493 1298 2579 quia

229 2600 257 2664 si
279 2599 382 2683 aliqui
402 2599 568 2683 conjugati
585 2599 653 2682 jam
675 2606 896 2664 consummato
919 2599 1142 2677 matrimonio,
1174 2618 1235 2682 quo
1254 2591 1298 2658 rel

229 2700 419 2764 emitterent
439 2706 550 2764 votum
573 2699 744 2777 eastitatis,
762 2698 813 2763 vel
834 2699 877 2763 ad
898 2699 1088 2781 religionem
1109 2695 1297 2768 transierint

229 2803 264 2863 et
293 2797 528 2880 professionem
559 2797 721 2875 facerent,
755 2804 915 2880 perpetue
949 2802 1057 2862 essent
1089 2795 1235 2879 impediti
1261 2790 1297 2855 ab

227 2917 289 2960 usu
321 2895 519 2961 matrimonii
547 2917 606 2980 per
634 2895 783 2960 accidens
815 2896 943 2960 ratione
974 2896 1041 2960 voti
1069 2895 1230 2960 eastitatis
1253 2887 1298 2954 vel

229 2993 439 3078 professionis
476 2996 628 3074 emissae,
666 3002 699 3060 et
734 3001 843 3060 tamen
880 3001 989 3076 essent
1024 3001 1099 3058 vere'
1135 2989 1297 3077 conjugati.

228 3094 314 3176 Ergo
336 3099 425 3158 reete
447 3093 642 3177 intelligitur
669 3093 755 3157 idem
777 3115 797 3158 a
818 3093 994 3176 principio,
1026 3114 1126 3176 quum
1148 3090 1298 3156 vinculum

228 3191 427 3256 matrimonii
446 3193 557 3274 initur,
581 3215 681 3276 quum
704 3193 748 3257 sit
769 3193 882 3257 eadem
903 3193 1019 3257 ratio.“

290 3291 471 3356 Redeamus
499 3315 592 3374 nunc¹
614 3293 656 3358 ad
679 3291 929 3357 considerandas
958 3312 996 3356 sc
1015 3291 1207 3374 judicandas
1227 3289 1298 3353 duas

228 3389 309 3454 alias
339 3391 506 3473 opiniones
535 3392 575 3456 de
604 3413 761 3456 consensu
791 3391 833 3455 ad
855 3391 1005 3474 copulam
1033 3390 1214 3454 necessario
1234 3405 1300 3470 pro·

226 3489 321 3553 latas.
365 3489 547 3555 Consensus
570 3511 741 3574 expressus
762 3489 804 3554 ad
825 3490 968 3554 valorem
987 3488 1187 3553 matrimonii
1207 3484 1299 3550 nulla-

226 3593 321 3653 te'nus
343 3587 556 3668 desideratur,
580 3590 631 3654 uti
652 3589 868 3672 probavimus.

291 3687 457 3754 Sufficit
474 3710 566 3772 ergo
585 3709 801 3753 consensus
819 3688 1050 3771 implicitus.
1085 3688 1192 3766 Quare
1209 3685 1297 3751 etiam

228 3807 252 3851 s.
274 3786 473 3870 Thomas¹)
504 3787 635 3852 disertis
662 3787 770 3852 verbis
800 3787 909 3852 docet:
940 3787 1048 3870 „Bene
1077 3787 1226 3853 dixerunt
1244 3781 1296 3857 illi,

293 4002 313 4068 ¹)
330 4001 361 4070 Q.
380 4000 507 4064 XLVIII.
525 4004 608 4102 ert..l
628 4002 717 4056 eonel.
735 4001 830 4070 Suppl.
