2726 4560
761 343 799 403 30

241 501 400 584 gloriosae
420 500 563 584 Virginis
582 500 649 566 fuit
669 503 892 585 organizatum
914 508 948 568 et
967 491 1135 585 lineatum,
1160 513 1195 572 et
1218 509 1333 574 anima

243 602 415 684 conjuncta
436 601 565 684 corpori
587 621 647 684 per
667 601 880 681 creationem,
902 609 981 668 tuno
1003 603 1213 687 ,Altissimus
1237 627 1333 672 sanc-

241 700 378 766 tificavit
398 699 647 765 tabernaculum
668 701 792 765 suum.“
836 701 1051 784 Dignissimus
1075 711 1125 768 est
1146 727 1287 789 quoquc
1309 728 1331 770 s.

240 799 530 864 Bernardinus
559 799 767 877 Senensis,
796 800 853 882 qui
874 800 1036 866 audiatur.
1080 801 1215 883 ,Tertia
1239 807 1350 872 sanc}

240 898 395 977 tificatio,
424 898 581 982 inquit,¹)
615 905 664 963 est
685 898 890 978 maternalis3
922 899 1003 965 baec
1023 908 1169 966 removet
1195 903 1350 986 eulpam*

242 997 433 1081 originalem
454 1003 488 1061 et
515 996 642 1062 confert
663 998 818 1081 gratiam,
847 997 928 1062 baec
954 1006 1100 1064 removet
1128 1001 1234 1066 etiam
1257 1023 1332 1085 pro-

240 1098 380 1161 nitatem
408 1095 450 1160 ad
477 1095 679 1177 peccandum
704 1102 776 1162 tam
803 1096 974 1161 venialiter
1003 1119 1102 1181 quam
1130 1101 1350 1165 mortaliter.'

240 1196 285 1260 Et
303 1195 384 1260 baec
406 1193 471 1258 fuit
491 1195 526 1257 in
546 1194 582 1257 B.
599 1194 740 1276 Virgine
752 1193 866 1273 Maria,
890 1194 996 1260 Matre
1018 1196 1088 1261 Dei.
1133 1199 1219 1264 Sane
1240 1199 1330 1265 Deus
1349 1229 1350 1250 κ

240 1295 310 1377 ipse
332 1300 493 1372 aeternus,
517 1293 601 1358 sicut
622 1293 705 1358 mira
727 1315 786 1358 sua
809 1294 1116 1376 sapientia-creavit
1136 1299 1262 1378 omnia,
1287 1300 1350 1363 sic

239 1393 330 1457 illam
350 1390 558 1456 benedictam
579 1391 719 1457 Matrem
739 1410 833 1456 snam
853 1392 954 1457 talem
982 1395 1128 1460 condidit
1149 1403 1184 1463 et
1206 1397 1330 1463 sancti-

239 1491 349 1556 ficavit
375 1491 409 1554 in
440 1496 603 1572 tempore,
638 1491 768 1574 qualem
796 1511 868 1556 earn
884 1559 885 1562 ,
900 1499 1047 1558 sanctam
1075 1495 1174 1578 elegit
1202 1497 1241 1561 in
1272 1517 1330 1561 sua

240 1589 454 1669 aeternitate;
487 1594 521 1654 et
542 1588 643 1654 talem
664 1597 734 1656 tam
754 1589 926 1656 nobilitate
948 1599 1102 1673 naturae,
1131 1615 1234 1678 quam
1256 1591 1350 1678 per-J

238 1691 379 1756 sectione
410 1690 536 1773 gratiae
565 1689 710 1754 condidit
739 1696 893 1768 matrem,
923 1691 1053 1774 qualem
1081 1713 1154 1757 eam
1184 1683 1350 1760 decebat*

238 1792 359 1857 habere
381 1811 473 1854 suam
494 1788 759 1872 gloriosissimam
779 1789 1001 1871 majestatem3
1030 1791 1142 1874 quiin
1164 1813 1204 1857 ea
1227 1799 1265 1858 et
1288 1791 1327 1856 de
1349 1782 1350 1836 ἶ

239 1913 279 1956 ea
300 1889 441 1956 debebat
463 1908 605 1966 sumere,
636 1886 724 1970 quod
749 1887 784 1950 in
812 1893 986 1953 aeternum.
1011 1889 1074 1954 sibi
1101 1896 1173 1955 erat
1194 1892 1350 1974 unitum

239 1991 367 2056 unitate
385 2008 552 2072 personae,
572 1987 612 2052 de
631 2007 694 2069 quo
714 1986 818 2050 exiret
829 1987 973 2069 pretium
989 1988 1092 2052 totius
1107 1988 1325 2066 liberationis

237 2088 480 2174 justificationis
509 2093 543 2152 et
569 2085 822 2151 beatificationis
848 2086 1040 2152 humanae.“
1083 2088 1209 2165 Quibus
1231 2089 1326 2155 testi-

239 2189 302 2254 bus
324 2188 514 2271 adjioiamus
536 2207 559 2249 s.
590 2185 777 2250 Thomam
803 2207 824 2250 a
851 2184 1075 2252 Villanova
1102 2185 1323 2268 dicentemz2)
1349 2215 1350 2228 2

240 2288 380 2370 ,Decuit
400 2286 540 2351 Matrem
563 2285 625 2348 Dei
646 2305 717 2348 esse
737 2284 944 2367 purissimam
966 2285 1036 2350 sine
1057 2293 1208 2368 peccat03
1238 2284 1325 2352 unde
1349 2285 1350 2290 ’

240 2387 357 2464 anima,
381 2383 511 2468 quando
532 2383 641 2448 infusa
663 2389 721 2462 est,
743 2383 868 2448 nullam
887 2383 1004 2449 habuit
1026 2405 1065 2448 ex
1086 2405 1192 2463 carne,
1215 2402 1323 2468 neque
1349 2429 1350 2434 η

240 2484 403 2550 contraxit
423 2483 531 2547 labem
552 2483 715 2565 peccati,“
743 2487 822 2546 ets.
844 2482 1098 2547 Francisoum
1125 2483 1324 2549 Salesium
1349 2551 1350 2558 ,

240 2585 288 2650 ita
304 2588 496 2648 testantem:
506 2582 532 2664 3)
555 2581 682 2663 ,Quum
699 2581 841 2664 optimus
857 2580 945 2645 Deus
958 2600 1154 2664 praeparare
1173 2582 1240 2647 sibi
1256 2581 1324 2647 Ma·

239 2690 325 2748 trem
346 2681 480 2746 deberet
499 2679 677 2745 secundum
698 2701 753 2744 cor
770 2701 873 2758 suum,
886 2679 1155 2764 Redemptionem
1176 2703 1273 2747 suam
1294 2677 1323 2743 ei

170 2865 171 2870 ἵ
240 2781 439 2865 applicatam
460 2777 563 2843 voluit
590 2775 850 2844 instar'remedii
870 2781 1117 2862 praeservativi,
1146 2797 1189 2844 ne'
1209 2799 1323 2864 peeca-
1349 2769 1350 2822 ἶ

239 2888 326 2960 turn,
350 2878 438 2963 quod
460 2878 500 2942 de
522 2878 731 2961 generatione
753 2878 788 2941 in
807 2879 1052 2960 generationem
1071 2878 1323 2945 transfundeba-

240 2987 303 3058 tur,
327 2978 369 3044 ad
391 2999 464 3043 eam
484 2978 701 3061 perveniret.“
1349 2979 1350 2988 ‘

302 3078 469 3155 Quaenam
500 3098 575 3160 ergo
607 3076 711 3142 nubes
744 3076 880 3141 testium
911 3097 970 3158 pro
1002 3076 1064 3142 hoc
1092 3076 1322 3145 sublimissimo
1349 3148 1350 3164 χ

240 3201 263 3243 s.
289 3179 450 3261 Deiparae
478 3175 646 3260 privilegio
675 3175 913 3241 dimicantium!
947 3175 1049 3253 Quale
1079 3183 1247 3242 conamen
1273 3195 1322 3241 ar·
1349 3227 1350 3230 ,

239 3277 467 3344 dentissimum
484 3273 646 3360 qualeque
667 3274 813 3339 studium
828 3274 910 3339 illud
926 3275 1139 3358 praedicandi
1155 3275 1323 3341 encomiis·

239 3397 304 3460 que
325 3374 552 3459 pulcherrimis
575 3373 761 3440 celebrandi
781 3371 993 3438 indefessum!
1019 3372 1154 3439 Nullum
1173 3374 1320 3457 profecto

239 3474 414 3553 saeculum,
437 3474 524 3557 quod
545 3495 610 3538 non
632 3494 706 3537 suos
733 3471 918 3537 exhibuerit
939 3478 1041 3538 testes
1063 3493 1202 3556 suosque
1224 3472 1321 3556 hujus
1349 3499 1350 3502 ¹

238 3575 386 3640 veritatis
418 3580 583 3656 patronos.
631 3571 676 3637 Et
707 3571 803 3654 quid,
837 3571 871 3635 ni
903 3578 1087 3654 temporum
1120 3572 1261 3637 decursu
1289 3574 1321 3633 et

238 3673 400 3739 bellorum
420 3671 697 3738 vicissitudinibus
724 3670 988 3736 numerosissima
1009 3670 1153 3736 Orientis
1175 3676 1209 3734 et
1232 3667 1319 3736 Occi-

307 3904 328 3972 ¹)
350 3904 391 3958 Dc
413 3905 524 3960 immac.
548 3905 678 3971 concept
702 3902 734 3958 B.
758 3902 796 3959 Μ.
818 3902 858 3962 V.
880 3901 968 3958 Serm.
992 3901 1040 3960 1v.
1081 3903 1102 3970 ²)
1125 3901 1168 3956 De
1191 3901 1266 3957 laud
1288 3897 1317 3952 Β.

239 3987 315 4056 lirg.
330 3987 381 4043 lib.
399 3987 421 4043 1.
455 3987 476 4055 ³¹)
493 3987 585 4042 Tract.
603 3984 639 4039 de
657 4000 752 4042 amore
768 3984 821 4041 Dei
837 4002 864 4054 p.
881 3984 904 4050 l,
921 3984 970 4041 lib.
988 3983 1024 4053 ll,
1040 3999 1084 4054 op.
1102 3987 1126 4040 6.
