2730 4564
739 332 798 392 170

289 490 452 559 Sterilitas
488 492 522 555 in
558 491 737 575 virginibus
774 511 929 574 generare
967 491 1168 571 nolentibus,
1207 513 1297 575 quum

227 611 383 673 generare
404 596 550 673 possent,
580 597 615 655 et
641 591 772 674 quidem
798 589 930 673 majoris
951 589 1161 673 perfeetionis
1189 590 1295 669 studia,
1353 632 1357 641 ·

227 689 414 755 nullatenus
445 689 658 772 ignominiosa
689 689 817 767 habita,
855 688 920 753 imo
959 689 1059 754 etiam
1089 688 1220 754 Veteris
1249 690 1297 754 Te·
1355 736 1359 771 ,

226 789 381 852 stamenti
419 794 565 871 tempore
606 788 675 853 Deo
714 787 779 853 fuit
817 788 1051 871 acceptissima.
1112 788 1208 866 Quod
1243 810 1298 853 non

226 908 332 970 pauca
362 888 482 953 veteris
513 887 594 969 legis
626 887 698 952 loca
729 887 906 952 clarissime
939 889 1124 954 ostendunt.
1176 887 1297 970 „Felixl

226 987 414 1051 nominatur
434 987 469 1050 in
489 986 572 1051 libro
592 986 778 1070 Sapientiae
789 986 813 1067 1)
837 985 979 1067 ,sterilis
1001 992 1035 1050 et
1053 987 1297 1070 incoinquinata,

227 1106 311 1168 quae
343 1086 479 1150 nescivit
514 1085 646 1150 thorum
682 1086 716 1149 in
753 1084 889 1163 delict03
927 1084 1063 1149 habebit
1098 1084 1245 1150 fructum
1270 1085 1299 1148 in

226 1185 429 1266 respectione
461 1185 643 1248 animarum
677 1184 894 1249 sanctarum.“
948 1183 1187 1250 Celeberrimus
1219 1191 1299 1250 vates

226 1282 344 1369 Isaias:
358 1284 383 1366 2)
423 1283 532 1366 „Haec
568 1282 648 1347 dicit
680 1282 837 1347 Dominus
874 1281 1045 1361 eunuchis,
1081 1284 1214 1349 scribit:
1252 1283 1299 1366 qui

227 1381 443 1447 custodierint
463 1381 602 1447 sabbata
622 1403 695 1446 mea
721 1388 755 1447 et
777 1381 948 1464 elegerint,
978 1403 1062 1464 quae
1085 1403 1143 1465 ego
1165 1383 1254 1448 volui
1272 1387 1300 1446 et
1359 1407 1361 1446 3

225 1481 393 1547 tenuerint
423 1481 539 1546 foedus
567 1502 690 1560 meum,
724 1481 807 1563 dabo
840 1481 886 1544 eis
918 1481 952 1544 in
984 1480 1078 1545 domo
1107 1502 1180 1545 mea
1213 1481 1299 1545 etin

101 1583 102 1586 ’
226 1581 328 1644 muris
356 1581 436 1644 meis
463 1580 570 1645 lucum
602 1586 635 1645 et
661 1600 779 1644 nomen
804 1579 920 1643 melius
948 1601 969 1644 a
995 1578 1071 1643 filiis
1100 1585 1134 1644 et
1162 1579 1299 1644 filiabus:

225 1698 343 1742 nomen
365 1679 598 1762 sempiternum
618 1677 703 1742 dabo
723 1676 798 1756 illis,
821 1677 910 1760 quod
930 1697 994 1741 non
1015 1678 1167 1760 peribit.“

288 1778 338 1841 Ex
373 1799 418 1843 ss.
455 1777 642 1843 Patribus
677 1776 810 1860 plurimi
846 1776 1053 1859 gravissimae
1088 1777 1300 1854 auctoritatis,

226 1875 314 1941 inter
348 1899 429 1960 quos
465 1877 635 1960 speciatim
665 1875 905 1957 Ambrosius,³)
941 1875 1207 1959 Hieronymus,4)
1243 1875 1301 1939 Au-

226 1975 383 2056 gustinns,
393 1975 419 2057 ⁵)
448 1976 623 2059 Gregorius
653 1975 798 2059 Magnus,
809 1976 834 2057 6)
863 1975 1013 2058 Cyrillus,
1024 1976 1048 2058 ⁷)
1076 1975 1219 2040 loannes
1243 1976 1302 2039 Da·

225 2094 395 2138 mascenus
407 2075 432 2157 ⁸)
465 2074 700 2157 Bernardus,⁹)
735 2074 895 2157 insignem
926 2074 1011 2138 hunc
1041 2074 1147 2138 Isaiae
1179 2081 1303 2139 textum

226 2171 386 2236 etiamad
404 2175 567 2240 eunuchos
589 2173 776 2257 spirituales
798 2173 818 2237 i.
837 2194 864 2238 e.
883 2173 926 2238 ad
944 2195 1098 2256 personas
1117 2175 1303 2238 castitatem

225 2277 390 2335 servantes
407 2271 562 2338 referunt.
591 2273 850 2356 ,Virginitatem
864 2272 972 2356 inquit
988 2293 1012 2336 s.
1028 2272 1301 2348 Damascenus‚

225 2369 371 2434 carnales
406 2371 552 2437 homines
584 2372 731 2454 culpant,
771 2378 805 2437 et
838 2371 895 2455 qui
927 2371 1088 2454 voluptati
1123 2370 1302 2454 indulgent,

223 2469 405 2534 testimonii
432 2471 503 2536 loco
532 2471 728 2536 obtendunt:
762 2470 976 2553 „Maledictus
1004 2469 1123 2548 omnis,
1154 2469 1211 2553 qui
1240 2490 1302 2533 non

224 2567 362 2633 suscitat
390 2590 499 2634 semen
526 2570 560 2634 in
586 2570 719 2635 lsrael.“
761 2569 828 2635 Nos
856 2590 931 2634 vero
960 2568 1150 2648 verbi·Dei,
1181 2569 1239 2651 qui
1267 2589 1303 2632 ex

223 2665 356 2749 Virgine
390 2689 519 2734 carnem
548 2670 738 2752 assumpsit,
767 2669 929 2753 praesidio
957 2667 1051 2746 freti,
1084 2667 1137 2732 hic
1166 2668 1302 2732 dicimus

223 2764 444 2848 virginitatem
464 2769 505 2832 ab
524 2770 618 2834 initio
640 2770 674 2834 in
691 2769 858 2834 hominum
875 2774 995 2832 natura
1015 2767 1175 2832 consitam
1192 2767 1302 2832 fuisse.

223 2865 354 2929 Etenim
384 2865 479 2932 homo
513 2890 553 2933 ex
584 2875 674 2934 terra
704 2869 827 2951 virgine
860 2866 995 2932 effectus
1026 2866 1099 2931 fuit.
1152 2866 1202 2930 Ex
1235 2866 1302 2931 solo

154 2961 155 2966 ’
223 2961 303 3026 item
331 2963 454 3029 Adamo
483 2967 551 3032 Eva
582 2967 714 3032 condita
746 2973 811 3032 est:
843 2965 1022 3048 Virginitas
1054 2965 1153 3029 etiam
1184 2965 1218 3028 in
1248 2986 1305 3047 pa-

222 3061 330 3126 radiso
359 3063 521 3146 vigebat.“
570 3065 799 3150 „significatur
825 3065 886 3130 hoc
913 3064 1000 3142 loco,
1031 3069 1127 3128 notat
1155 3062 1184 3126 d.
1211 3062 1304 3126 Ber-

222 3160 379 3241 nardus,
402 3164 611 3229 sterilitatem
631 3185 696 3228 non
717 3185 787 3228 esse
810 3164 1057 3247 ignominiosam
1077 3162 1166 3244 apud
1186 3162 1302 3240 Deum,

216 3280 420 3343 ¹quamquam
445 3263 533 3328 inter
553 3263 699 3328 homines
726 3264 814 3328 illius
835 3262 947 3346 populi
973 3261 1117 3328 velutin
1139 3260 1304 3345 quoddam

222 3358 433 3442 opprobrium
452 3362 660 3428 haberetur.“

225 3493 420 3507 ᾕ-

221 3557 273 3627 ute
290 3559 421 3629 bertelius
437 3561 508 3670 ligiis
524 3562 576 3619 aab
598 3561 693 3631 mittis
714 3560 752 3618 bie
769 3559 986 3628 ssubudlbtutrit
1009 3560 1052 3617 ott
1076 3559 1192 3629 gottlide
1208 3557 1304 3624 &bote

220 3641 451 3791 “nflelbhlbdid'
466 3727 488 3795 ²)
504 3726 577 3792 nvi,
594 3729 611 3781 4
629 3743 687 3799 sqq.
720 3726 740 3794 3)
758 3723 876 3780 astos.
893 3724 964 3795 virg
987 3739 1032 3793 ep.
1051 3723 1100 3789 ιιι,
1118 3741 1145 3779 n.
1157 3727 1196 3778 17.
1228 3722 1251 3789 ⁴)
1270 3723 1304 3776 ln

221 3808 256 3863 Is.
273 3808 347 3874 LVI,
364 3812 388 3864 4.
422 3810 444 3877 ⁶)
463 3809 503 3863 De
521 3813 617 3864 sancta
634 3809 713 3878 Virg.
731 3824 773 3877 op.
793 3807 892 3862 XXIV.
924 3807 946 3875 ⁶)
964 3807 1069 3861 Pastor.
1087 3805 1138 3872 ΙΙΙ,
1154 3823 1181 3875 p.
1199 3821 1242 3874 cp.
1261 3807 1304 3859 28,

221 3891 242 3957 Ι)
260 3890 293 3944 In
309 3891 362 3946 lsa.
380 3890 428 3948 lib.
447 3892 479 3947 V.
520 3893 542 3959 ⁸)
558 3891 599 3945 Do
617 3889 688 3946 orth.
709 3889 757 3946 fid.
773 3889 821 3946 lib.
839 3889 889 3956 1v,
912 3905 955 3959 cp.
972 3892 1013 3945 25.
1053 3889 1075 3956 ⁹)
1095 3887 1304 3958 superillitum

101 3976 104 3981 '
220 3971 293 4028 hom.
310 3976 334 4030 3.
