2718 4556
749 351 809 413 326

243 511 350 595 ginem
381 511 481 577 fuisse
513 499 787 591 commendatam,
821 513 898 596 quia
929 512 984 576 ille
1013 511 1113 594 Virgo
1147 519 1228 577 erat:
1258 513 1301 576 de·

242 610 401 695 oebatque
429 613 603 694 Virginem
640 613 758 696 virgini
795 611 1021 678 commendari.
1080 612 1183 689 Quam
1218 614 1302 676 etiem

243 733 372 776 eausam
401 711 583 781 attulerunt
612 712 642 777 d.
673 713 887 794 Hieronymus
917 719 950 776 et
979 712 1009 775 d.
1022 701 1025 706 ’
1040 710 1233 775 Ambrosius.
1276 712 1302 776 Si

244 831 319 892 ergo
341 811 439 893 Virgo
467 811 693 877 commendata
722 818 772 875 est
792 810 911 875 Joenni
931 816 1067 892 propter
1096 810 1165 892 ejus
1192 810 1303 892 virgini·

242 1025 293 1077 pro
310 1008 362 1063 hac
387 1009 525 1062 sententia
550 1009 707 1062 nullatenus
724 1009 839 1077 allegari
856 1012 961 1076 potest3
988 1009 1132 1062 concludit
1150 1009 1196 1062 ille
1221 1009 1303 1062 solum·

242 1090 325 1143 modo
343 1109 377 1144 ex
395 1108 436 1155 eo,
456 1092 529 1160 quod
547 1091 670 1146 Christus
694 1092 814 1145 moriens
833 1091 977 1160 Virginem
1001 1091 1106 1160 virgini
1121 1092 1222 1145 ioanni
1244 1107 1303 1144 com·

243 1175 394 1241 mendant,
420 1192 479 1228 eam
502 1193 557 1228 non
579 1176 647 1229 alios
671 1174 798 1229 habuisse
822 1175 933 1228 liberos.
968 1175 1025 1227 Alii
1049 1191 1115 1228 vero
1134 1173 1227 1228 Patres
1247 1174 1305 1226 hauc

244 1257 401 1325 opinionem
433 1257 608 1312 subindicare
640 1259 778 1312 videntur.
821 1261 928 1312 Auctor
960 1260 1096 1312 sermonis
1127 1258 1162 1312 de
1192 1259 1305 1311 Passieno

243 1340 349 1406 innuit,
379 1358 399 1394 s.
426 1340 578 1408 Josephum
606 1341 714 1395 Christo
741 1342 865 1409 patiente
891 1341 981 1394 adhuc
1007 1341 1036 1394 in
1061 1341 1132 1393 vivis
1157 1339 1304 1408 superfuisse

147 1496 150 1502 1
242 1427 339 1490 atque,
372 1427 407 1480 ut,
434 1423 595 1492 obsequium
627 1424 750 1493 Virginis
782 1424 884 1500 virgini
914 1424 1088 1488 traderetur,
1123 1422 1305 1492 aequanimiter

242 1505 351 1572 tulisse,
382 1522 417 1558 ne
441 1505 499 1574 ipse
531 1506 635 1560 diutius
660 1507 851 1575 praepositura
877 1507 950 1560 tanti
981 1506 1128 1559 ministerii
1154 1509 1305 1559 oneraretur.

243 1587 410 1654 Audiamus,
427 1589 564 1657 quomodo
589 1589 745 1642 lsolanue
770 1590 937 1643 sententiam
953 1587 1026 1641 hanc
1042 1589 1118 1641 omni
1136 1605 1244 1656 prorsus
1258 1587 1305 1638 fun·

244 1670 373 1724 demente
398 1675 537 1725 carentem
564 1687 597 1724 ac
621 1672 681 1740 pias
705 1687 784 1724 aures
809 1673 983 1739 magnopere¹
1003 1669 1190 1726 offendentem
1212 1668 1304 1723 refutet.

243 1751 356 1819 „Neque
375 1753 448 1806 enim
466 1755 632 1808 rationabile
650 1760 699 1822 est,
716 1755 808 1823 inquit
826 1755 853 1812 (4
866 1773 892 1823 p.
907 1770 931 1807 c.
946 1755 988 1820 1),
1007 1755 1062 1807 imo
1080 1754 1195 1821 impium
1212 1752 1305 1806 videtur

243 1834 349 1899 dicere,
375 1836 449 1902 quod
474 1836 577 1906 Joseph
601 1837 726 1890 libellum
751 1837 861 1906 repudii
887 1836 996 1892 dederit
1021 1837 1047 1890 b.
1071 1835 1182 1904 Virgini
1204 1851 1248 1888 seu
1268 1833 1305 1884 lex

243 1917 346 1984 Moysis
368 1919 499 1986 jubebat:
525 1937 608 1988 quum
634 1920 710 1973 nulla
736 1921 860 1974 subesset
885 1936 978 1986 causa,
1004 1918 1059 1971 nisi
1082 1917 1187 1980 Joseph
1210 1912 1305 1968 mentiri

139 2047 141 2054 .
243 2000 388 2066 voluisset,
412 2001 486 2068 qaod
509 2019 565 2055 noa
589 2001 658 2056 facit
671 2003 774 2070 justus,
799 2003 962 2070 praesertim
979 2002 1053 2070 quod
1077 2001 1235 2070 conjugium
1249 1995 1306 2050 iilud

243 2082 320 2135 omni
344 2083 444 2136 claruit
468 2083 653 2152 perfectione;
678 2085 778 2138 eedad
796 2087 961 2153 perpetuum
984 2088 1093 2152 spectat
1115 2080 1305 2137 matrimonium

242 2169 378 2233 perpetua
395 2166 564 2221 cohabitatio
582 2168 795 2236 diuturnamque
810 2167 1011 2235 separationem
1029 2166 1163 2220 nonsart.
1188 2163 1306 2220 Consomt

243 2264 315 2315 ergo
327 2249 430 2302 rationi
446 2251 547 2303 mirum
565 2251 594 2303 in
611 2249 737 2314 modum,
763 2249 867 2317 Joseph
885 2249 1023 2303 viventem
1041 2264 1058 2301 a
1074 2249 1102 2302 b.
1121 2248 1235 2316 Virgine
1249 2261 1305 2298 nun·

243 2347 325 2397 quarn
351 2329 435 2384 fuisse
461 2337 632 2400 separatum:
664 2331 784 2385 charitas
810 2332 883 2384 enim
909 2348 1048 2398 nunquam
1075 2331 1183 2384 excidit
1207 2345 1237 2382 ac
1259 2327 1306 2392 ejus

243 2428 331 2464 nexus
348 2412 483 2466 charitate
500 2419 708 2482 perseverante:
725 2414 774 2467 sed
791 2414 866 2467 inter
882 2414 908 2467 b.
926 2413 1071 2482 Virginem
1090 2409 1119 2465 et
1136 2430 1157 2466 s.
1172 2407 1305 2478 Josephun

243 2493 297 2547 fuit
314 2511 392 2548 amor
409 2496 560 2550 secundum
578 2497 731 2564 perfectam
749 2495 924 2560 charitatem,
942 2512 1009 2564 ergo
1026 2511 1104 2548 amor
1120 2494 1168 2548 ille
1185 2503 1305 2559 nunquam

243 2575 296 2629 fuit
314 2576 461 2631 dissolutus
485 2583 513 2632 et
532 2597 583 2647 per
599 2596 769 2648 consequens
791 2594 844 2632 nec
869 2578 1040 2648 conjuginm,
1067 2577 1229 2646 praesertim
1244 2571 1307 2626 nulia

244 2658 411 2714 authoritate
429 2661 539 2715 nullave
556 2663 721 2716 necessitate
738 2661 1014 2715 intervenientibus.·‘
1049 2661 1126 2714 Haec
1146 2661 1202 2713 ilie.
1234 2657 1306 2724 Quart

245 2743 328 2796 etiam
346 2744 445 2797 merito
463 2761 483 2798 s.
498 2744 688 2798 Bernardus
704 2743 863 2799 Senensis
880 2745 956 2812 (tom.
970 2746 985 2798 3
1000 2760 1080 2796 serm.
1094 2742 1130 2796 de
1144 2759 1165 2796 s.
1178 2736 1305 2807 Josephc):

245 2825 359 2891 „Voluit
376 2827 509 2880 Dominus
527 2828 616 2896 ipsum
633 2828 785 2896 Josepham
802 2829 872 2882 mori
893 2833 958 2881 ante
976 2826 1152 2881 Dominicam
1169 2824 1306 2894 passionem

244 2908 373 2974 maxime,
391 2926 425 2962 ne
442 2913 531 2964 morte
548 2910 649 2965 Christi
666 2911 799 2964 immenso
817 2910 913 2965 dolore
930 2908 1127 2963 cruciaretur.“

312 2990 406 3045 Placet
438 2992 496 3046 fere
529 2994 673 3059 omnibus,
705 2999 727 3048 s.
754 2993 920 3062 Josephum,
953 2995 1139 3060 antequam
1171 2986 1306 3044 christus

244 3074 383 3142 publice
408 3076 614 3144 praedicare
640 3077 820 3144 inciperet,
845 3077 937 3131 vivere
960 3075 1081 3130 desiisse.
1116 3074 1202 3127 Juxta
1218 3064 1306 3132 sspi-

244 3156 375 3226 phanium
402 3157 506 3212 haeres.
532 3161 566 3212 78
583 3177 603 3214 s.
621 3159 727 3229 ioseph
757 3178 812 3213 non
844 3160 931 3212 multo
956 3163 1019 3226 poet
1045 3157 1184 3212 Christum
1208 3163 1306 3222 puerum

167 3261 169 3265 ⁴
245 3239 420 3306 duodennem
446 3241 475 3293 in
500 3242 605 3310 templo
631 3247 771 3309 repertum
798 3259 813 3295 e
839 3241 907 3295 vivis
933 3240 1060 3294 excessit.
1101 3235 1306 3305 „Evangelistne

245 3323 336 3389 inquit
358 3323 453 3376 Estius
477 3325 506 3377 in
530 3325 612 3378 lih.4
635 3331 703 3380 sent.
726 3325 790 3379 dist.
808 3329 841 3380 30
858 3324 880 3393 ᾗ.
899 3326 923 3390 8,
946 3324 1051 3377 nuliam
1074 3323 1161 3387 illius,
1186 3327 1306 3385 tamquam

193 3428 194 3432 ¹
244 3402 335 3457 adhuc
351 3407 484 3472 viventis,
509 3410 679 3462 mentionem
697 3408 803 3462 faciunt
820 3413 883 3476 post
899 3405 971 3460 illud
987 3405 1079 3460 Lucae
1098 3405 1139 3460 11:
1165 3403 1224 3470 „Et
1245 3399 1307 3453 erat

244 3486 402 3541 subditus
426 3489 528 3543 illis.“
562 3491 624 3545 Non
648 3491 779 3560 legimus,
804 3490 882 3544 illum
907 3489 1011 3558 nuptiis
1035 3487 1065 3541 in
1081 3487 1155 3541 Cana
1179 3480 1306 3540 celebratis

244 3571 417 3640 interfuisse,
434 3589 599 3642 quamquam
616 3574 698 3628 iesus
715 3576 826 3643 ejusque
843 3563 1004 3626 mater'illis
1020 3569 1214 3625 interfuerunt.
1244 3560 1307 3620 Nihil

244 3655 361 3722 amplius
394 3656 428 3709 de
454 3657 502 3711 illo
534 3658 563 3711 in
588 3658 743 3725 Evangelio
769 3663 912 3723 narratur;
942 3655 1043 3709 fratres
1068 3655 1180 3708 Domini
1208 3646 1306 3706 subinde

244 3746 497 3799 commemorantur
526 3742 603 3795 nulla
632 3742 772 3795 mentione
801 3739 876 3794 facta
906 3758 927 3794 s.
952 3737 1075 3806 Josephi.
1123 3737 1202 3790 Patet
1229 3732 1306 3796 etiem,

243 3822 365 3890 Josepho
389 3825 537 3892 superstite
561 3841 613 3878 nec
637 3821 705 3893 opus
727 3823 810 3877 fuisse
832 3840 884 3878 nec
908 3823 1047 3888 decuisse,
1074 3826 1190 3874 metram
1211 3812 1306 3872 Domini

245 3905 334 3958 alieno
353 3908 528 3962 committere
546 3907 662 3962 custodi.
1178 3947 1182 3957 .

311 3987 337 4042 S.
355 3989 538 4058 Hieronymus
556 3991 663 4058 (contra
680 3988 799 4054 Helvid)‚
817 4006 837 4044 s.
856 3986 1043 4043 Bernardinus
1061 3985 1188 4041 Senensis
1204 3983 1273 4048 (tom
1285 3979 1306 4030 3·
