2728 4554
742 383 802 440 418

232 544 300 610 filia
336 550 370 609 et
401 565 519 626 sponsa
555 548 589 607 et
619 548 724 606 mater
760 541 889 605 existat.
945 541 1100 607 Dicamus
1133 564 1203 626 ergo
1233 565 1292 608 cun

234 644 291 709 Pio
313 643 359 708 II:

334 740 472 823 „Partus
495 745 532 805 et.
548 738 719 821 integritas
742 732 906 802 discordes
928 735 1075 821 terhpore
1097 741 1199 824 longo,

332 839 475 923 Virginis
496 839 531 902 in
552 838 675 922 gremio
697 835 832 902 foedera
852 837 943 919 pacis
963 837 1096 902 habet.“

297 941 429 1016 Restat,
461 944 499 1002 ut
531 959 555 1001 s.
586 936 747 1019 Deiparae
776 935 972 1018 Virginitatc
1001 943 1079 1000 ante
1107 938 1297 1020 partum,in

236 1045 333 1122 partu
362 1043 396 1102 et
422 1043 498 1118 post
517 1041 649 1118 partum
676 1034 829 1116 probata,
860 1033 948 1099 illius
969 1034 1213 1102 Maternitatem
1237 1058 1298 1101 con-

185 1165 186 1168 *
236 1137 414 1224 sideramus
451 1141 484 1199 et
515 1135 557 1198 ad
589 1133 797 1217 quaestiones
828 1132 1002 1198 nonnullas
1035 1134 1100 1199 huo
1133 1141 1297 1218 spectantes

237 1236 504 1320 respondeamus:
526 1255 643 1316 nempe
1020 1243 1023 1248 “

223 1357 232 1372 ·
300 1342 326 1400 1.
357 1335 477 1400 Utrum
496 1333 527 1398 b.
550 1332 649 1415 Virgo
671 1353 706 1396 re
728 1353 805 1396 vera
825 1332 869 1397 sit
890 1332 952 1396 Dei
972 1339 1088 1397 mater.

298 1439 326 1500 2.
360 1433 522 1513 Quidnam
543 1430 583 1496 de
604 1429 827 1495 Maternitatis
849 1431 1008 1514 dignitate
1030 1431 1232 1497 credendum.

300 1538 327 1598 3.
360 1532 479 1598 Utrum
503 1531 535 1595 b.
557 1530 656 1613 Virgo
682 1530 766 1594 hanc
787 1519 1010 1595 Maternitatis
1037 1531 1227 1614 dignitatem
1247 1550 1300 1594 me·

238 1633 350 1698 ruerit.
393 1629 477 1696 Hinc
499 1629 722 1696 disserendum
743 1635 793 1694 est

697 1841 800 1972 eac.
832 1839 860 1946 Ι.

313 2047 370 2114 DE
392 2043 722 2138 nnrnnmrrrls
742 2041 955 2110 malrum
976 2043 1238 2112 animumn.

301 2212 510 2277 Insurrexere
548 2209 703 2292 permulti
742 2215 856 2273 contra
893 2207 954 2272 hoc
998 2207 1117 2290 dogma
1154 2208 1300 2283 haeretici,

240 2331 378 2392 quorum
417 2309 473 2373 alii
510 2309 732 2374 Maternitatis
770 2309 962 2391 dignitatem
999 2308 1160 2374 indirecte
1196 2310 1300 2391 impug-

240 2408 364 2472 nabant
392 2409 617 2491 aggredientes
646 2408 767 2473 Christi
796 2407 927 2472 Domini
959 2406 1010 2472 vel
1038 2403 1239 2473 divinitatem
1262 2405 1301 2470 vel

238 2507 492 2586 humanitatem3
522 2506 579 2572 alii
599 2529 675 2572 vero
703 2508 786 2571 hanc
814 2506 1008 2588 dignitatem
1029 2506 1155 2572 directe
1184 2509 1301 2572 insecta·

239 2602 360 2668 bantur
381 2604 431 2668 vel
454 2626 506 2683 eo,
536 2604 623 2688 quod
645 2627 762 2688 corpus
785 2604 907 2669 Christi
927 2625 993 2668 non
1015 2626 1055 2669 ex
1076 2605 1106 2669 b.
1131 2607 1232 2671 Maria
1249 2605 1302 2669 for·

223 2708 377 2780 matum,
409 2703 466 2767 sed
489 2726 505 2768 e
527 2704 617 2769 coelo
647 2704 817 2786 delapsum
845 2708 879 2767 et
899 2724 959 2785 per
986 2702 1016 2766 b.
1039 2703 1206 2786 Virginem
1226 2702 1301 2787 quasi

240 2821 299 2882 per
328 2801 475 2865 canalem
495 2804 721 2868 transmissum
746 2801 846 2866 fnisse
875 2801 1046 2866 docuerint
1067 2802 1118 2867 vel
1141 2826 1194 2882 eo,
1223 2801 1300 2886 quod,

240 2899 290 2963 uti
322 2897 493 2964 Nestorius
532 2903 665 2986 ejusque
697 2901 856 2978 asseclae,
896 2901 1051 2965 unionem
1081 2901 1300 2985 hypostaticam

240 2999 328 3062 inter
372 2998 452 3063 duas
495 3001 529 3065 in
574 3001 703 3066 Christo
748 3001 883 3064 naturas
928 2999 1123 3065 existentem
1163 3000 1300 3084 negarint

241 3098 394 3163 unionem
421 3106 549 3164 tantum
578 3099 781 3176 admittendo
808 3097 974 3162 moralem.
1018 3097 1107 3164 Duas
1136 3100 1171 3163 in
1192 3098 1301 3164 Christo

241 3217 395 3279 personas
423 3197 480 3262 isti
507 3198 671 3263 haeretice
701 3198 867 3261 docentes:
898 3195 1040 3260 divinam
1068 3219 1182 3277 unam,
1209 3198 1301 3262 huma-

241 3317 317 3360 nam
338 3296 490 3376 alteram,
520 3302 756 3380 consequenter
781 3293 885 3360 sclam
905 3315 1080 3378 personam
1106 3297 1301 3362 humanans

159 3413 161 3416 ·
242 3395 272 3459 b.
300 3394 405 3460 Maria
432 3397 636 3479 progenitam
662 3416 733 3461 esse
762 3393 916 3459 dixerunt
943 3393 1083 3478 ideoque
1112 3415 1136 3460 s.
1161 3395 1301 3479 Deiparae

242 3494 444 3576 denegarunt
483 3496 617 3560 titulum
655 3493 875 3578 ᾖξ’νεοτοκος,α
921 3514 1004 3577 quae
1043 3515 1109 3558 non
1156 3495 1213 3573 sit,
1252 3488 1301 3555 nisi

244 3595 514 3678 „gpturorozogss

305 3693 585 3760 Beatissimam
614 3693 819 3776 Virginem
850 3713 941 3758 vere
974 3691 1212 3776 „terrorest
1240 3690 1258 3754 i.
1281 3706 1301 3749 e·

242 3793 456 3874 Deiparam
482 3813 578 3871 esse,
605 3791 766 3875 probatur

307 3895 334 3953 1.
367 3911 465 3968 exs.
495 3891 720 3974 Scriptura:

305 3986 527 4055 Maternitatis
564 3988 758 4073 dignitatem
788 3988 932 4073 Angelus
964 3988 1098 4054 Gabriel
1135 3989 1166 4053 h.
1198 3976 1302 4066 Virgini
