2730 4564
553 407 555 412 ·
577 375 634 434 143

58 553 123 596 non
143 530 248 596 fuerit
265 531 387 596 bonum
404 530 679 615 perfectissimum
701 541 735 600 et
753 536 913 618 optimum
930 538 1045 604 matris
1067 561 1146 606 suae

59 631 223 696 solatium.

120 730 155 794 b.·
187 729 270 812 ,Hic
292 751 396 809 error,
426 731 598 800 continuat
619 753 642 796 s.
665 731 819 812 Thomas,
847 735 1037 819 injuriam
1064 737 1147 806 facit

61 830 235 914 Spiritui
263 836 411 909 sancto,
436 830 528 914 cujus
550 831 729 896 sacrarium
749 832 814 898 fnit
834 841 948 900 uterus
969 837 1145 921 virginalis,

59 931 91 994 in
113 950 179 1012 qno
202 949 333 994 caruem
350 928 471 995 Christi
493 928 654 995 formavit.
690 930 784 996 Unde
806 954 871 998 nou
893 933 1038 1028 decebat,
1057 938 1148 1021 quod

59 1030 98 1119 de
121 1035 254 1094 caetero
276 1028 455 1095 violaretur
475 1050 536 1112 per
557 1029 819 1096 commixtionem
840 1032 997 1098 virilem.“

122 1150 148 1192 c.
181 1128 349 1210 ,Derogat
369 1149 467 1210 porro
490 1127 685 1210 dignitati
706 1137 745 1195 et
767 1132 981 1198 sanctitati
1003 1134 1145 1202 Matris

60 1227 140 1305 Dei,
171 1247 257 1309 quae
278 1227 500 1308 ingratissima
521 1227 703 1306 videretur,
732 1228 761 1292 si
782 1235 876 1295 tanto
899 1230 967 1297 filio
989 1241 1147 1302 contenta

57 1347 122 1390 non
145 1331 248 1404 esset;
264 1331 306 1390 et
327 1326 355 1390 si
376 1325 607 1409 virginitatem,
630 1348 714 1410 quae
736 1328 770 1392 in
792 1349 832 1394 ea
853 1331 1047 1398 miraculose
1070 1352 1145 1399 ccu-

58 1432 189 1491 servata
217 1424 341 1504 fuerat,
370 1433 486 1509 sponte
512 1425 651 1509 perdere
679 1427 778 1494 vellet
803 1449 863 1511 per
891 1431 998 1496 carnis
1027 1454 1145 1499 coucu-

58 1526 194 1591 bitum.“
238 1523 332 1589 Unde
360 1525 505 1607 perbelle
536 1547 616 1590 ven.
647 1526 846 1594 Canisius:
876 1529 1028 1610 „Erravit
1056 1553 1143 1616 ergo,

57 1625 176 1707 inquit,
187 1624 210 1706 ¹)
234 1645 359 1688 summa
380 1623 438 1688 illa
457 1624 625 1706 Sapientia
646 1645 712 1689 non
732 1627 899 1692 meliorem
921 1629 985 1694 sibi
1005 1638 1145 1698 matrem

58 1723 192 1806 eligense,
213 1743 297 1806 quae
316 1723 372 1788 diu
391 1724 561 1789 continens
578 1725 791 1802 esset-vellet
808 1734 842 1793 et
859 1735 992 1810 posset·
1006 1730 1157 1796 'Erravit'-

57 1824 90 1887 in
112 1823 188 1888 aliis
210 1823 299 1886 mille
321 1822 499 1906 virginibus
522 1824 724 1895 exornandis.
739 1831 808 1890 tam
829 1827 1064 1907 studiosus-in·
1082 1829 1144 1894 hac
1261 1889 1264 1897 .

55 1945 122 1987 una
144 1943 221 1987 vero
245 1922 465 1986 conservanda
485 1922 665 2005 negligens,
689 1927 1144 2010 qnae-tantumvirgimtatis

55 2023 249 2087 thesaurum
281 2021 351 2086 Deo
384 2021 572 2104 angelisque
604 2030 733 2104 gratum
765 2023 828 2088 sibi
854 2040 879 2088 'a
910 2025 1043 2090 mortali
1074 2028 1143 2091 viro

56 2122 139 2204 eripi
161 2127 342 2204 pateretur.
386 2120 517 2186 Erravit
537 2120 572 2184 in
592 2121 734 2204 hospitio
756 2123 955 2205 apparando,
975 2147 1075 2208 quum
1096 2127 1144 2190 in-

56 2228 174 2285 cautus
196 2219 237 2284 ad
259 2219 349 2284 illam
378 2219 527 2297 divertit,
558 2241 642 2302 quae
664 2241 823 2286 summam
844 2222 1060 2291 inhabitantis
1082 2226 1143 2291 Dei

56 2319 198 2401 gratiam
220 2318 491 2400 dulcedinemque
513 2318 717 2401 spiritualem
736 2319 911 2404 degustans
933 2323 976 2387 ad
994 2345 1042 2403 ea,
1060 2346 1144 2408 quae
1270 2323 1271 2326 ’

57 2419 165 2483 caruis
193 2425 295 2501 atque
324 2418 469 2483 libidinis
499 2426 589 2497 sunt,
621 2420 703 2485 adeo
732 2441 803 2484 sese
831 2419 965 2504 abjecit,
996 2429 1029 2487 et
1056 2422 1145 2506 quod

58 2518 183 2601 Spiritu
206 2517 289 2582 duce
320 2524 354 2582 et
375 2524 510 2582 auctore
538 2525 706 2602 coeperat,
735 2519 888 2586 incarne
916 2520 1047 2586 demum
1069 2543 1145 2586 con·

56 2619 267 2682 summaret.“

118 2717 192 2782 Huc
213 2717 356 2795 accedit,
386 2717 474 2800 quod
494 2716 623 2782 facilins
651 2717 766 2796 fuerit,
795 2717 954 2800 virginem
974 2740 1045 2784 esse
1066 2727 1145 2803 post

55 2823 204 2899 parturn,
238 2837 337 2900 quam
364 2816 465 2898 prius.
516 2817 572 2898 ,Si
593 2817 686 2894 ,enim
714 2823 791 2881 ante
823 2823 1017 2900 conceptum
1046 2824 1080 2884 et
1110 2818 1145 2883 in

55 2924 154 2999 partu
172 2916 273 2998 Virgo
295 2936 365 2980 esse
386 2915 505 3008 potuit,
529 2915 760 2981 animadvertit
780 2916 1014 3000 Tostatus,²)
1036 2938 1057 2982 a
1077 2917 1146 2982 for-

57 3016 135 3080 tiori
166 3021 242 3097 post
273 3021 422 3097 partum,
459 3037 559 3097 quum
590 3015 682 3079 nulla
714 3016 893 3081 necessitas
925 3017 1145 3099 corruptionis

57 3121 220 3192 maneret,
261 3113 339 3197 quia
376 3120 415 3177 ut
450 3113 636 3195 conciperet
674 3135 806 3179 necesse
845 3120 918 3180 erat
948 3115 1146 3181 naturaliter

57 3213 149 3295 perdi
172 3213 396 3296 virginitatem
413 3211 465 3276 vel
486 3212 602 3278 saltem
624 3213 788 3295 suscipere
806 3233 926 3292 semen,
944 3219 983 3279 ut
999 3220 1143 3296 pareret,

58 3313 187 3376 omnino
217 3312 437 3378 necessarium
466 3317 539 3377 erat
559 3311 756 3377 naturaliter
783 3311 855 3378 fieri
883 3313 1145 3396 corruptionem

58 3420 227 3478 attamen
250 3419 368 3496 postea
395 3413 588 3494 incorrupta
615 3419 779 3491 maneret,
808 3413 856 3478 nil
882 3411 1052 3492 obstabat,
1081 3412 1147 3478 nisi

59 3513 224 3591 voluntas,
254 3533 355 3595 quum
375 3512 443 3595 jam
465 3531 526 3576 nec
555 3511 725 3593 concipere
746 3533 806 3578 nec
828 3533 944 3594 parere
966 3511 1145 3595 quidquam

58 3633 188 3678 necesse
218 3612 322 3676 erat.“
364 3610 474 3676 Etiam
502 3616 614 3674 votnm
641 3617 820 3692 perpetuae
850 3611 1026 3691 castitatis,
1057 3609 1145 3693 quod

58 3711 88 3774 b.
110 3712 208 3795 Virgo
231 3711 341 3776 emisit
369 3711 438 3794 jam
459 3716 536 3776 ante
565 3710 811 3792 conceptionem
832 3710 921 3789 Filii,
952 3709 992 3774 ab
1018 3730 1057 3774 ea
1078 3707 1146 3773 vio·

59 3810 161 3876 latum
181 3810 307 3890 fuisset,
331 3810 359 3876 si
379 3817 456 3894 post
476 3815 607 3892 partum
629 3808 699 3892 ejus
720 3808 838 3876 fuisset
859 3809 997 3892 cognita.

121 4027 141 4094 ¹>
160 4025 191 4081 L.
208 4042 231 4083 c.
249 4028 316 4081 sect.
334 4024 372 4093 ll,
389 4041 433 4095 cp.
452 4028 491 4080 10.
525 4025 547 4092 ²)
566 4024 599 4078 In
618 4041 715 4095 evang.
733 4024 832 4082 Matth.
851 4043 876 4095 q.
894 4023 926 4080 L.
944 4039 970 4093 p.
990 4025 1045 4078 117.
