2730 4564
43 521 180 602 virginem
202 527 240 585 et
261 521 505 586 immaculatam
525 521 664 586 Mariam
683 522 791 604 ipsum
813 523 875 588 Dei
895 525 1029 608 Filium,
1053 531 1112 614 qui

42 620 131 684 clleo
144 619 248 685 Patre
269 626 344 684 ante
363 620 493 686 saecula
510 627 607 685 natus
630 627 689 699 est,
706 621 741 684 in
758 621 883 688 ultimis
904 626 1110 694 saeculorum

43 719 145 801 absque
174 719 307 784 semine·
332 719 517 801 concepisse
550 741 589 784 ex
619 719 746 802 Spiritu
774 727 888 787 sancto
920 731 954 789 et
984 725 1110 792 incor-

43 818 287 900 ruptibiliter
314 839 388 883 eum
415 819 564 901 genuisse
591 818 811 883 indissolubili
836 832 1048 903 permanente
1075 833 1112 892 et

42 925 101 997 post
128 923 266 1000 partum
302 919 446 1001 ejusdem
478 919 731 1002 virginitate,
769 921 1002 989 condemnatus
1035 926 1108 990 sit.“

43 1016 220 1082 Declaratur
246 1017 326 1082 haec
353 1019 473 1082 veritas
499 1017 606 1083 verbis
633 1039 846 1102 ,semperque
872 1021 1048 1104 virginem“
1076 1031 1112 1090 et

43 1116 341 1200 „incorruptibiliter
358 1117 537 1200 genuisse.“
578 1118 614 1183 Si
634 1118 720 1182 enim
741 1137 806 1182 non
826 1121 1000 1190 mansisset
1020 1123 1110 1207 virgo

42 1214 183 1297 inpartu,
206 1215 380 1298 virginitas
400 1237 466 1279 non
481 1215 605 1281 ¹fuisset
624 1215 867 1282 indissolubilis.

89 1360 111 1402 c.
143 1339 194 1404 Ss.
225 1338 368 1402 Patres
397 1344 511 1403 contra
539 1338 747 1404 insolentiam
772 1339 1013 1408 haereticorum
1034 1345 1112 1410 Dei-

42 1458 122 1517 parac
149 1438 376 1521 virginitatem
407 1443 531 1502 temere
559 1437 822 1521 impugnantium
852 1439 980 1506 fervore
1009 1444 1110 1508 animi

42 1539 148 1602 accensi
177 1537 340 1602 dimicant
368 1558 489 1620 eosque
517 1537 714 1602 validissime
743 1538 899 1606 refutant.
950 1542 1005 1623 ,Si
1034 1542 1112 1608 doc-

41 1637 117 1702 trinis
132 1661 198 1704 non
215 1637 364 1702 creditur
379 1637 595 1716 sacerdotum,
614 1637 776 1703 exclamat
793 1638 822 1702 d.
840 1638 1109 1726 Ambrosius,¹)

41 1736 174 1802 credatur
210 1737 354 1802 oraculis
387 1737 525 1816 Christi,
565 1737 718 1802 credatur
748 1739 881 1804 monitis
912 1738 1111 1823 Angelorum

42 1835 215 1903 dicentium:
256 1837 371 1921 ,quia
401 1859 478 1902 non
510 1844 571 1902 est
602 1837 853 1921 impossibile
887 1837 966 1903 Deo
999 1861 1109 1905 omne

42 1936 218 2017 verbum;“
232 1936 259 2019 Ξ)
277 1936 447 2001 'credatur
476 1935 626 2019 Symbolo
655 1936 900 2019 Apostolorum,
934 1938 1021 2020 quod
1048 1939 1112 2004 Ec-

42 2033 121 2099 clesia
148 2036 301 2100 Romana
330 2035 563 2101 intemeratum
594 2056 723 2117 semper
755 2035 899 2100 custodit
929 2043 963 2102 ct
991 2044 1107 2102 servat.

42 2131 112 2198 llaec
132 2142 182 2200 est
202 2135 311 2218 virg0‚
342 2135 481 2218 quaein
501 2141 597 2199 utero
619 2134 783 2216 concepit,
815 2134 919 2217 virgo,
950 2157 1033 2218 quae
1054 2158 1113 2220 pe·

42 2235 111 2311 perit
138 2235 253 2300 filium.
310 2234 362 2300 Sic
395 2235 481 2298 enim
515 2234 673 2316 scriptum
705 2239 771 2298 est:
810 2234 914 2316 ,Ecce
945 2234 1044 2318 Virgo
1076 2236 1110 2299 in

43 2337 118 2397 utero
145 2333 314 2416 concipiet
342 2341 375 2399 et
402 2334 511 2417 pariet
538 2333 692 2413 Filium;“
705 2334 731 2417 8)
762 2353 828 2397 non
859 2334 946 2399 enim
974 2356 1113 2418 concep·

43 2435 131 2590 {uram
151 2433 383 2499 tantummodo
405 2433 585 2516 Virginem,
608 2432 666 2498 sed
688 2439 722 2497 et
742 2432 924 2516 parituram
943 2432 1111 2516 Virginem

59 2529 135 2595 nior

90 2655 198 2740 Neque
233 2656 300 2720 alio
329 2657 433 2740 vergit
459 2655 650 2721 Maximus
678 2655 938 2720 Taurinensis
967 2657 1002 2721 in
1029 2656 1111 2722 haec

43 2753 123 2819 verba
139 2756 366 2839 erumpenst4)
389 2755 445 2838 ,si
463 2755 569 2820 Deum
590 2755 704 2834 credis,
725 2754 860 2832 coelum,
879 2754 991 2820 stellas
1009 2756 1111 2820 solem

44 2853 161 2920 condere
182 2853 333 2938 potuisse
356 2876 395 2919 ex
416 2854 534 2934 nihil03
567 2854 595 2918 si
615 2861 752 2932 terram,
780 2853 897 2933 maria,
920 2854 1109 2935 animantia,

44 2951 277 3037 universumque
305 2953 402 3036 hujus
434 2951 625 3036 spectabilis
653 2953 766 3018 mundi
798 2961 965 3034 ornatum3
998 2955 1026 3019 si
1053 2955 1114 3020 ho·

44 3051 142 3116 niuem
174 3055 309 3119 demum
340 3075 381 3116 ex
411 3053 488 3118 limo
520 3053 666 3136 potuisse
700 3052 821 3136 fingere
852 3053 1016 3132 admittis,
1053 3075 1113 3118 cur

44 3147 117 3215 illum
142 3153 292 3218 intactae
318 3152 445 3235 Virgini
473 3152 575 3235 ipsius
606 3151 667 3216 Dei
696 3159 852 3234 operante
880 3153 1003 3218 virtute
1031 3153 1110 3218 dare

44 3268 93 3312 nou
116 3254 264 3334 potuisse
294 3251 483 3317 contendis?
516 3251 606 3329 Quae
636 3252 721 3315 enim
747 3251 852 3334 major
878 3252 1112 3334 omnipotentis

46 3344 93 3411 Dei
110 3351 212 3417 virtus
235 3351 308 3430 erit,
328 3358 455 3430 cuncta,
475 3371 558 3434 qnae
580 3351 615 3414 in
636 3350 735 3415 coelis
758 3351 847 3414 etin
867 3351 988 3416 mundo
1009 3352 1111 3432 vides,

45 3451 183 3516 cnevisse
213 3474 255 3516 ex
286 3451 404 3531 nihilo,
437 3451 558 3516 autin
589 3450 807 3516 intemeratae
834 3449 978 3533 Virginis
1006 3458 1111 3530 utero,

46 3545 117 3612 nullo
136 3551 355 3633 praecedente
378 3550 502 3616 carnali
524 3551 703 3633 complexu,
726 3551 890 3615 hominem
911 3551 1044 3615 creare?
1077 3550 1114 3616 Si

46 3643 71 3706 iu
87 3646 146 3727 his,
175 3671 262 3733 quae
291 3650 457 3728 videntur,
488 3650 652 3715 Creatoris
681 3650 951 3733 omnipotentiam
971 3650 1114 3728 miraris,

49 3819 231 3837 κ...-

99 3927 117 3995 ι)
136 3929 229 3998 Epist.
251 3931 294 3988 42.
337 3933 358 3999 2)
381 3931 448 3987 Luc.
472 3931 500 3999 1,
525 3933 566 3986 37.
608 3931 629 3998 ⁸)
655 3929 715 3985 lsai.
739 3931 804 3999 Vll,
828 3932 868 3986 14.
909 3931 931 3996 ⁴)
953 3929 994 3984 De
1018 3929 1115 3985 Natis.

47 4005 140 4065 Domini
155 4011 232 4068 hom.
249 4013 312 4069 Vll.
