2718 4556
445 355 449 364 ¹
537 362 597 422 283

45 523 261 588 continentiam
287 522 373 586 inter
401 543 435 586 se
462 521 535 604 pari
564 542 721 586 consensu
750 543 878 586 servare
898 523 1108 604 potuerunt.“

45 623 105 686 Alia
123 623 222 699 ratio,
254 642 355 704 quare
384 619 620 702 significatione
650 619 846 684 accidentali
866 620 1109 684 matrimonium

45 722 210 786 Marianum
232 741 297 784 non
320 719 516 801 oportuerit,
544 740 583 782 ex
605 739 642 782 00
666 719 860 798 desumitur,
889 719 977 802 quod
997 719 1030 781 in
1051 718 1108 782 illo

44 821 243 898 matrimonio,
267 819 316 883 uti
336 818 507 899 Estius1)
537 817 658 899 optime
681 819 920 896 animadvertit,
944 839 1016 899 ,res
1038 818 1109 900 ipsa

44 919 131 984 110111
158 916 356 995 exhibenda,
390 915 515 980 scilicet
544 915 666 980 Christi
693 917 895 995 lncamatio,
924 939 984 1000 per
1011 937 1109 999 quam

45 1017 190 1082 Ecclesiae
213 1015 391 1081 secundum
425 1021 576 1078 naturam
608 1016 844 1098 00111111111.α
876 1017 1111 1080 Verumtamen

45 1115 115 1179 hunc
135 1114 378 1198 significationis
408 1111 572 1176 deiectum
594 1113 628 1176 in
650 1114 706 1178 illo
736 1115 938 1179 sanctissimo
960 1113 1109 1197 conjugio

44 1215 190 1297 supplerit
217 1220 251 1278 01
273 1212 402 1276 abunde
430 1211 510 1275 satis
532 1213 753 1293 compensavit
774 1213 839 1277 alia
866 1212 1026 1295 quaedam
1047 1212 1110 1294 sig-

44 1313 186 1392 nificatio,
216 1333 300 1395 quae
323 1311 440 1376 ceteris
470 1311 622 1382 omnibus¹
648 1312 742 1375 deest
770 1312 942 1394 conjugiis:
976 1331 1040 1393 qua
1061 1310 1109 1373 ni·
1194 1354 1196 1358 -

44 1413 147 1478 mirum
162 1411 309 1476 Ecclesia
329 1411 418 1492 virgo
442 1416 475 1474 et
493 1410 683 1492 incorrupta
701 1410 824 1475 Christi
840 1431 960 1492 sponsa
982 1409 1110 1474 eadem·

45 1532 98 1591 qne
117 1501 220 1582 mater
241 1507 449 1592 significetur.

97 1611 127 1675 si
156 1610 253 1673 11111
286 1608 425 1690 denique
448 1613 482 1671 et
511 1607 642 1689 quidem
673 1606 746 1671 finis
769 1608 927 1672 ultimus
961 1607 1015 1689 (de
1047 1605 1110 1670 1110

45 1711 211 1792 propinquo
240 1709 260 1771 i.
292 1729 334 1785 0.,
369 1708 408 1772 de
438 1708 554 1790 copula
583 1707 707 1771 carnali
732 1707 800 1790 jam
828 1709 957 1790 loquuti
985 1697 1109 1778 sumus)

47 1809 272 1885 consideratur,
305 1806 366 1870 hac
398 1807 526 1870 ratione
558 1801 743 1888 conjugium
772 1806 957 1872 Marianum
988 1805 1111 1887 absque

45 1905 103 1970 ulla
122 1907 323 1970 dubitatione
344 1904 409 1968 1111
430 1903 713 1987 perfectissimum.
751 1904 840 1968 Finis
863 1905 949 1968 enim
970 1903 1025 1967 ille
1047 1923 1112 1966 non

45 2013 106 2070 erat
134 2005 233 2088 prolis
269 2026 308 2068 ex
342 2010 455 2068 111110
493 2003 670 2067 concubitu
701 2004 882 2086 susceptio,
921 2002 978 2066 sed
1009 1999 1111 2083 prolis

48 2103 172 2184 Spiritus
205 2103 312 2168 sancti
343 2102 591 2167 obumbratione
619 2102 653 2164 in
681 2107 775 2166 utero
804 2101 1012 2165 beatissimae
1039 2099 1112 2163 Vir-

46 2203 117 2283 ginis
135 2203 294 2269 iormatae
315 2201 500 2284 procreatio
534 2207 567 2265 01
590 2201 740 2265 educatio
772 2222 831 2265 nec
863 2221 928 2264 non
960 2197 1133 2266 altissimi.

45 2305 174 2384 mysterii
211 2301 396 2367 occultatio.
441 2299 719 2377 Quemadmodum
758 2301 843 2365 enim
883 2298 962 2362 olim
1000 2303 1113 2362 sancta

45 2409 218 2467 sanctorum
239 2401 309 2466 velo
332 2400 473 2484 quodam
493 2399 728 2482 pretiosissimo
758 2421 798 2464 ex
818 2398 1007 2482 hyacintho,
1036 2416 1113 2479 pur-

47 2520 117 2579 pura
136 2509 168 2566 et
184 2502 280 2584 bysso
303 2500 450 2564 00110010
472 2498 755 2582 pulcherrimaque
776 2500 936 2563 varietate
958 2495 1111 2562 contexto

47 2597 306 2677 abscondebatur,
345 2599 393 2663 ita
431 2604 507 2662 ante
546 2598 750 2662 sanctissima
785 2589 843 2660 illa
874 2595 1111 2660 incarnationis

47 2701 184 2778 mysteria
211 2719 339 2764 sacrum
361 2697 546 2779 conjugium
567 2695 669 2760 veluti
690 2696 797 2760 velum
825 2717 865 2759 ex
886 2694 1029 2758 omnium
1049 2692 1112 2757 vir·

48 2800 142 2862 tntum
169 2799 330 2863 varietate
358 2797 498 2879 Spiritus
527 2795 632 2859 sancti
659 2816 756 2877 opere
785 2793 1001 2876 compositum
1022 2791 1111 2855 Deus

49 2894 185 2962 collocari
206 2897 319 2962 voluit.
939 2916 960 2962 ·,
1056 2918 1058 2920 ·

102 2995 181 3061 Finis
202 2996 299 3078 hujus
322 2993 463 3076 conjugii
492 2999 563 3056 erat
583 3013 680 3074 porro
702 2991 882 3074 pudicitiae
906 2991 937 3054 b.
959 2989 1111 3072 Virginis
1144 3065 1146 3068 Ι

47 3088 162 3160 honoris
191 3101 225 3159 et
252 3093 449 3176 virginitatis
477 3091 650 3174 protectio.
691 3091 806 3156 Omnia
833 3112 908 3154 vero
936 3089 995 3152 illa
1023 3110 1114 3152 sanc·

48 3189 151 3256 tissimi
179 3194 276 3277 hujus
309 3191 508 3256 matrimonii
540 3190 733 3272 dignitatem
764 3189 883 3253 mirum
914 3189 948 3252 in
981 3188 1114 3252 modum

50 3293 267 3356 commendant.
311 3291 397 3355 Dum
425 3297 556 3354 caetera
583 3289 791 3353 matrimonia
819 3289 862 3353 ad
883 3287 1114 3353 destruendam

49 3387 252 3469 virginitatem
274 3392 447 3474 conjugum
475 3389 680 3468 ordinentur,
709 3389 799 3453 istud
819 3387 962 3452 mirabili
983 3386 1045 3450 Dei
1067 3385 1114 3449 di-

50 3493 239 3567 spensatione
277 3491 467 3555 institutum
503 3488 568 3553 1111
601 3488 644 3552 ad
682 3509 753 3552 earn
790 3484 1043 3552 conservandam
1081 3489 1126 3568 01

50 3592 274 3672 protegendam.
307 3588 421 3671 ,Sicut
441 3589 559 3665 vinum,
577 3587 685 3670 inquit
705 3585 1076 3672 pulcherrime'Gonet,
1088 3583 1113 3664 2)

52 3686 130 3764 quod
158 3695 238 3754 teste
270 3689 428 3772 Apostolo
466 3688 615 3752 luxuriae
648 3687 848 3752 incentivum
881 3690 946 3764 est,
984 3685 1019 3749 in
1049 3683 1114 3747 En-

56 3839 234 3852 q———-

97 3916 131 3984 '¹)
146 3917 175 3972 ln
195 3921 232 3976 lV
254 3921 328 3976 Sent.
351 3921 505 3974 Comment.
527 3917 591 3973 dist.
610 3918 696 3984 XXX,
718 3917 741 3986 ξ.
761 3920 800 3972 10.
844 3917 866 3983 ²)
890 3916 1008 3984 Clypeus
1031 3913 1119 3968 theol.

51 3997 167 4056 scholast.
183 4008 247 4058 tom.
263 4005 296 4060 V.
314 4003 386 4070 disp.
403 4003 449 4066 lV,
467 4001 503 4055 de
520 4001 707 4056 matrimonio.
