2730 4564
778 338 817 398 78

260 494 436 581 quillam
464 497 592 563 vitam
620 519 788 580 agamus
816 497 857 562 in
886 499 993 563 omni
1021 500 1186 582 pietate
1215 512 1257 570 et
1283 528 1332 571 ca·

161 657 162 660 ,
259 597 446 662 stitate.“

321 695 530 762 Nobilissima
549 695 630 760 haec
651 696 754 760 virtus
776 702 843 761 tres
864 696 966 762 habet
986 699 1120 782 gradus:
1142 701 1270 767 Primus
1290 711 1331 768 est

260 796 507 880 conjugatorum
520 801 554 859 et
566 795 752 878 appellatur
766 796 901 862 castitas
916 818 986 862 con
989 793 1147 881 jugalia,
1162 803 1331 868 consistens

258 897 357 974 ineo,
374 902 413 960 ut
429 894 594 978 conjugati
611 901 650 985 et
661 914 795 977 corpore
814 902 849 960 et
865 895 971 961 animo
991 897 1178 963 abstineant
1194 900 1237 964 ab
1257 903 1333 966 omni

260 1017 321 1062 usu
349 995 466 1060 illicito
499 1015 538 1059 ac
570 994 740 1058 inhonesto
774 1015 847 1058 cum
879 995 952 1059 aliis
982 1002 1016 1060 et
1047 997 1133 1061 inter
1161 1020 1196 1063 se
1224 1022 1333 1083 purum

260 1098 498 1178 honestumque
526 1093 637 1158 colant
663 1093 914 1158 matrimonium.
959 1094 1123 1160 Secundus
1152 1098 1273 1180 gradus
1293 1105 1334 1163 est

261 1196 433 1260 viduarum
453 1193 665 1276 aliorumque,
684 1192 821 1276 quinon
840 1193 944 1258 solum
962 1194 1003 1259 ab
1025 1194 1148 1274 illicit0,
1169 1197 1228 1262 sed
1245 1199 1333 1263 etiam

261 1318 281 1360 a
302 1295 393 1360 licito
410 1292 609 1358 matrimonii
626 1314 687 1356 usu
709 1291 909 1358 abstinentes
928 1292 970 1357 ad
989 1293 1228 1360 conciliandum
1243 1297 1333 1379 magis

261 1394 367 1459 Deum
382 1415 447 1458 non
465 1393 605 1474 amplius
626 1391 810 1474 conjugium
829 1392 921 1470 inire,
939 1392 996 1457 sed
1012 1393 1199 1459 castitatem
1216 1416 1333 1460 servare

263 1493 383 1558 volunt.
428 1491 622 1556 Oastitatem
644 1489 843 1554 vidualem
867 1490 970 1555 multo
994 1493 1258 1560 excellentiorem
1278 1516 1333 1559 ma·

257 1591 403 1675 jorisque
425 1590 578 1654 castitate
600 1589 762 1672 conjugali
784 1611 853 1654 esse
875 1591 994 1670 meriti,
1014 1613 1108 1657 nemo
1131 1594 1188 1676 qui
1208 1596 1333 1660 nesciat.

262 1691 457 1768 Audiamus,
488 1689 649 1773 quomodo
677 1688 801 1754 Doctor
829 1690 974 1772 gentium
1002 1713 1022 1754 a
1045 1691 1169 1787 §piritu
1198 1715 1223 1758 s.
1247 1694 1333 1776 inspi-

261 1797 353 1855 ratus
381 1789 441 1854 hac
474 1788 514 1852 de
544 1789 696 1854 castitate
723 1789 927 1871 judicaverit.
978 1790 1159 1872 „Mulier‚·
1190 1791 1332 1876 inquit,¹)

262 1890 433 1973 alligata
454 1894 524 1967 est,
547 1895 695 1971 quanto
717 1894 893 1971 tempore
915 1889 974 1953 vir
999 1890 1082 1973 ejus
1104 1891 1219 1972 vivit3
1243 1890 1333 1976 quod

262 1990 296 2054 si
322 1988 533 2052 dormierit
558 1987 618 2051 vir
645 1988 742 2070 ejus,
771 1987 948 2052 liberata
973 1995 1047 2052 est:
1077 1990 1129 2054 cui
1152 1991 1253 2070 vult,
1280 2012 1332 2054 nu·

260 2089 343 2167 bat3
372 2093 527 2152 tantum
552 2087 592 2150 in
619 2087 792 2152 Domino.
840 2087 1004 2163 Beatior
1030 2095 1161 2153 autem
1188 2091 1282 2168 erit,
1308 2088 1333 2152 si

261 2188 319 2252 sic
336 2187 603 2270 permanserit
621 2187 833 2251 secundum
850 2208 972 2250 meum
990 2188 1212 2252 consilium.
1246 2189 1332 2253 Puto

262 2294 402 2366 autem,
430 2287 532 2371 quod
559 2280 598 2352 et
625 2308 693 2370 ego
717 2288 909 2370 Spiritum
932 2287 1002 2351 Dei
1028 2287 1225 2351 habeam.“
1267 2289 1331 2352 Ter-

260 2389 328 2452 tius
356 2387 474 2470 gradus
504 2387 666 2452 castitatis
695 2394 745 2452 est
774 2409 900 2466 eorum,
935 2388 990 2470 qui
1018 2388 1242 2471 virginitatem
1270 2408 1332 2452 con·

262 2493 393 2551 servant
413 2491 604 2569 perpetuam
625 2507 684 2549 nec
705 2485 774 2550 ulla
802 2485 937 2550 libidine
958 2485 1142 2551 voluntaria
1164 2508 1333 2551 commacu-

261 2586 332 2650 lant
353 2606 469 2667 corpus
491 2585 542 2649 vel
563 2585 711 2650 animam.
1163 2603 1164 2607 ¹

323 2685 466 2750 Castitas
499 2683 708 2767 virginalis
742 2705 799 2748 seu
832 2683 1044 2766 virginitas
1081 2689 1130 2747 est
1161 2685 1330 2749 secundnm

261 2783 291 2847 d.
325 2783 624 2866 Augustinum2)
660 2784 875 2861 continentia,
913 2804 999 2866 „qua
1030 2782 1202 2865 integritas
1236 2782 1330 2849 carnis

260 2883 323 2965 ipsi
351 2882 501 2948 Creatori
532 2884 659 2947 animae
692 2890 725 2948 et
754 2884 859 2947 carnis
888 2889 1037 2960 vovetur,
1071 2889 1282 2948 consecratur
1307 2885 1333 2944 et

261 2982 439 3046 servatur.“
496 2981 691 3065 „Virginalis
730 2982 914 3070 integritas,
955 2981 1062 3064 inquit
1101 2981 1332 3046 celleberrimus

261 3080 478 3163 Hipponensis
514 3081 702 3164 antistes,³)
743 3088 776 3145 et
810 3103 870 3163 per
905 3081 993 3163 piam
1031 3080 1268 3146 continentiam
1300 3078 1331 3142 ab

262 3181 349 3244 omni
381 3180 555 3244 concubitu
590 3180 776 3244 immunitas
809 3180 963 3262 Angelica
994 3180 1101 3262 portio
1135 3186 1200 3258 est,
1240 3187 1273 3244 et
1306 3179 1332 3240 in

262 3301 359 3346 carne
396 3280 599 3363 corruptibili
638 3279 889 3362 incorruptionis
927 3285 1105 3361 perpetuae
1140 3275 1332 3343 meditatio.“

262 3380 458 3446 Castitatem
485 3379 674 3462 virginalem
703 3378 849 3443 nominat
881 3399 905 3442 s.
933 3376 1171 3455 Ambrosius,
1180 3375 1208 3459 4)
1242 3378 1333 3460 „inte-

262 3500 353 3562 gram
373 3476 479 3556 fidem,
503 3477 640 3543 solidam
661 3499 751 3561 spem
774 3484 807 3542 et
828 3477 987 3542 sinceram
1009 3475 1235 3541 charitatem.“

325 3576 353 3639 A
371 3575 544 3641 Doctore
562 3577 753 3660 Angelioo
774 3576 919 3658 angelica
936 3576 1016 3640 haec
1034 3575 1136 3639 virtus
1155 3571 1332 3652 definitum)

263 3676 443 3759 „quaedam
472 3678 621 3760 specialis
649 3677 766 3755 virtue,
796 3698 861 3759 qua
890 3675 1007 3759 aliquis
1036 3696 1070 3740 se
1099 3675 1275 3740 immunem
1299 3670 1331 3735 ab

268 3829 463 3839 ——-„-.—--

329 3910 349 3976 ¹)
368 3912 381 3962 l
401 3909 461 3964 Cor.
479 3909 543 3969 Vll.
560 3911 592 3964 39
609 3926 648 3977 sq.
689 3910 711 3975 ²)
728 3908 789 3964 Lib.
807 3909 841 3962 de
859 3926 879 3962 s.
898 3908 1029 3978 Virginit.
1046 3923 1089 3976 cp.
1107 3909 1132 3964 8.
1171 3908 1193 3975 ³)
1210 3908 1242 3963 L.
1260 3923 1282 3962 c.
1298 3919 1333 3971 cp.

262 3995 301 4048 13.
335 3991 357 4056 ⁴)
374 3990 437 4046 Lib.
454 3992 489 4045 de
506 3992 605 4048 viduis.
638 3992 659 4059 ὅ)
676 3991 711 4058 11,
729 3995 753 4058 2,
772 4009 797 4060 q.
815 3989 897 4058 cml,
915 4008 939 4046 a.
956 3995 978 4046 1.
997 4007 1072 4060 corp.
