2728 4560
544 334 602 396 217

51 495 85 560 ab
109 497 209 562 altero
240 496 386 580 separari
414 517 454 560 ex
481 502 596 560 mutuo
622 502 719 579 pacto
747 495 834 560 inter
861 496 1013 580 conjuges
1042 517 1118 561 con·

51 595 177 662 cedendo
206 595 360 662 videlicet
388 594 565 660 dominium
598 595 758 660 directum
786 617 918 660 suorum
944 615 1117 678 corporum

51 701 77 758 et
102 695 286 779 denegando
301 721 303 726 ·
316 694 494 760 dominium
521 695 603 760 utile
632 693 741 778 quoad
762 716 858 759 usum
885 694 1021 778 copulae
1051 695 1124 760 sive

49 794 84 858 ad
102 802 226 879 tempus
248 795 315 860 sive
336 795 371 858 in
391 799 595 878 perpetuum.

100 895 237 978 Objicies
272 900 304 959 1:
335 894 446 960 Omnis
475 898 664 958 contractus
691 892 805 957 adsui
831 892 1034 957 validitatem
1062 914 1118 957 ne-

50 994 173 1058 cessario
194 993 335 1076 requirit
355 1014 543 1076 expressum
563 1011 756 1057 consensum
776 991 811 1055 in
832 991 1008 1074 objectum,
1031 992 1119 1057 circa

50 1092 122 1173 quod
159 1093 263 1176 primo
302 1098 459 1156 versatur.
522 1091 717 1158 Contractus
754 1112 830 1162 vero
869 1091 1118 1156 matrimonialis

50 1191 139 1272 primo
170 1198 203 1257 et
231 1213 292 1275 per
319 1213 354 1278 se
382 1197 531 1256 versatur
560 1192 646 1256 circa
674 1190 838 1273 copulam,
868 1213 968 1274 quum
996 1213 1055 1274 per
1083 1213 1117 1256 so

49 1291 137 1370 primo
156 1297 246 1356 etex
261 1299 380 1355 natura
401 1312 460 1354 sua
477 1290 646 1355 ordinetur
667 1289 709 1353 ad
726 1289 827 1372 prolis
848 1291 1117 1372 procreationem,
1152 1309 1154 1314 ’

49 1388 202 1473 adquam
231 1389 348 1472 copula
375 1389 519 1453 medium
546 1388 763 1453 necessarium
793 1394 851 1453 est.
894 1389 979 1471 Ergo
1006 1390 1118 1454 matri·
1175 1406 1181 1419 ·

48 1489 179 1552 nonium
216 1489 260 1553 ad
298 1489 349 1552 sui
386 1488 590 1553 validitatem
630 1508 820 1553 consensum
860 1509 1046 1571 expressum
1084 1489 1119 1552 in
1213 1527 1215 1530 .

48 1588 185 1669 copulam
204 1588 388 1653 necessario
409 1588 565 1671 requirit!

99 1685 259 1769 Negamus
281 1676 453 1771 majoremss
475 1687 516 1752 ad
535 1687 661 1752 nullum
682 1687 769 1752 enim
787 1692 992 1752 contractum
1012 1687 1118 1751 valide

47 1781 211 1850 ineundum
242 1787 443 1851 necessarius
482 1793 531 1850 est
563 1807 733 1868 expressus
766 1807 938 1850 consensus
974 1786 1007 1849 in
1039 1807 1116 1864 rem,

49 1882 123 1948 circa
148 1907 245 1967 quam
274 1892 462 1951 contractus
490 1893 653 1964 versatur,
683 1884 740 1950 sed
761 1885 879 1950 sufficit
906 1885 1055 1951 virtualis
1085 1891 1119 1951 et

48 1979 229 2064 implicitus3
259 1985 312 2049 hic
334 1986 419 2049 enim
440 1984 558 2049 sufficit
580 1985 622 2049 ad
644 1992 754 2049 actum
774 1985 964 2074 humanum,
988 1983 1118 2066 qualem

49 2084 208 2164 requirunt
228 2085 361 2166 negotia
381 2085 564 2162 hominum,
586 2091 625 2148 ut
645 2083 751 2148 valide
772 2088 979 2166 peragantur.
1022 2081 1119 2146 Prae·

49 2185 129 2247 terea
156 2183 333 2267 objectum,
364 2185 450 2248 circa
479 2183 566 2266 quod
586 2205 647 2267 per
674 2203 708 2248 se
735 2183 839 2266 primo
866 2189 1016 2246 versatur
1045 2203 1119 2246 con·

49 2283 163 2346 tractus
183 2283 448 2362 matrimonialis,
478 2305 543 2347 non
570 2289 620 2348 est
641 2283 713 2366 ipsa
733 2281 851 2364 copula
877 2281 1031 2360 carnalis,
1061 2281 1119 2345 sed
1169 2341 1173 2349 ,

50 2375 215 2445 dominium
236 2381 271 2445 in
292 2403 431 2464 corpora
452 2383 624 2466 conjugum
646 2382 680 2445 in
701 2380 815 2446 ordine
836 2380 878 2461 ad
899 2380 1004 2459 illam;
1032 2380 1118 2444 unde

50 2474 99 2541 illa
126 2501 190 2543 non
222 2479 408 2562 explicite„
428 2481 485 2545 sed
516 2481 674 2564 implicite
705 2485 836 2544 tantum
867 2480 1055 2544 continetur
1085 2478 1120 2542 in

50 2574 164 2658 objecto
196 2579 411 2659 matrimonii,
448 2601 564 2663 nempe
599 2581 685 2645 sicut
717 2578 852 2644 effectus
888 2579 922 2642 in
954 2600 1052 2643 causa
1085 2585 1119 2642 et

50 2696 117 2740 usus
135 2678 183 2741 rei
203 2678 239 2742 in
261 2677 403 2743 dominio
425 2699 482 2742 seu
501 2684 666 2761 potestate
688 2679 811 2757 utendi,
831 2699 914 2761 quae
936 2678 977 2742 ab
997 2677 1120 2742 actuali

50 2795 103 2838 usu
122 2777 266 2860 separari
286 2782 404 2861 potest.
500 2850 504 2861 Ι

105 2875 240 2960 Objicics
277 2882 309 2941 2:
341 2876 472 2956 Omnia,
506 2873 590 2960 quae
622 2883 698 2942 sunt
730 2877 764 2942 in
795 2876 1000 2942 matrimonio
1032 2875 1120 2940 iuter

49 2971 142 3038 virum
163 2983 197 3041 et
218 2997 353 3040 uxorem
373 2983 505 3059 praeter
527 2977 690 3041 carnalem
711 2977 869 3060 copulam,
890 2982 1027 3060 possunt
1049 2996 1119 3040 esse

50 3069 131 3138 licita
144 3076 244 3140 inter
271 3075 408 3140 fratrem
440 3083 473 3141 et
502 3098 662 3157 sororem;
695 3078 723 3142 si
753 3097 828 3160 ergo
858 3075 900 3141 ad
928 3096 1120 3139 consensum

49 3175 309 3240 matrimonialem
346 3196 412 3239 non
450 3176 630 3260 requiritur
674 3197 848 3240 consensus
886 3175 920 3238 in
959 3173 1118 3256 copulam,
1197 3179 1200 3189 '

51 3280 225 3340 contractus
246 3273 494 3339 matrimonialis
515 3276 639 3358 poterit
660 3276 799 3340 existere
821 3274 907 3339 inter
927 3273 1064 3337 fratrem
1086 3279 1120 3337 et

49 3373 196 3437 sororem!

103 3470 286 3555 Respondet
306 3472 478 3555 Angelus
505 3473 698 3556 scholae¹)
726 3471 768 3538 ad
789 3473 872 3537 hanc
893 3471 1119 3536 difficultatem

52 3564 107 3630 sibi
139 3570 342 3654 propositam
379 3571 526 3655 negando
566 3573 775 3652 antecedens3
813 3573 890 3637 licet
923 3572 1008 3637 enim
1045 3593 1120 3635 con-

52 3683 152 3734 sensus
176 3691 349 3753 ,expressus
378 3669 413 3733 in
441 3669 591 3753 copulam
619 3693 685 3735 non
710 3672 911 3755 requiratur,
940 3670 1120 3753 requiritur

51 3767 150 3830 tamen
169 3768 304 3834 traditio
326 3769 499 3852 potestatis
521 3768 564 3834 ad
585 3771 748 3836 carnalem
766 3770 932 3854 copulam3
955 3769 1013 3834 sed
1033 3768 1120 3834 inter

55 3903 236 3920 Ἁ-

114 3979 132 4048 ¹l
147 3981 176 4050 Q.
192 3982 317 4052 XLVIII,
334 3985 363 4038 in
381 3983 516 4058 Suppla.
535 3986 548 4037 1
567 3983 602 4038 ad
618 3988 643 4040 2.
