2718 4556
755 333 815 395 330

242 519 321 564 non
354 496 469 562 duxit
504 494 725 578 Deiparam
756 492 951 576 bigamus,
985 491 1054 558 sed
1086 498 1132 557 ut
1170 512 1301 575 semper

243 597 370 680 virgo.
412 593 576 660 Probatur

308 699 333 759 1.
363 715 387 760 1.
411 693 642 775 Scriptura.
686 691 763 756 Ideo
784 690 933 755 nonnulli
954 690 1069 755 Patres
1094 711 1118 754 s.
1145 689 1301 773 Josephum

243 798 324 862 alios
354 817 394 860 ex
425 794 490 858 alia
518 813 619 856 uxore
647 811 835 873 procreasse
867 790 987 855 liberos
1015 795 1151 871 putant,
1185 790 1301 872 quiein

135 887 141 900 ’
243 893 418 977 Evangelio
439 890 605 957 interdum
626 891 757 954 Domini
777 889 910 968 fratres,
938 890 1025 953 inter
1046 909 1128 971 quos
1149 889 1302 972 praecipue

242 1017 267 1060 1.
297 993 438 1058 Jacobus
470 991 590 1068 minor,
623 995 925 1054 commemorantur.
975 989 1049 1052 Jam
1077 1010 1154 1053 vero
1183 990 1301 1053 110001-
1352 983 1353 994 ’

243 1097 433 1176 gnmentum
464 1110 504 1153 ex
536 1111 559 1153 s.
589 1087 695 1152 literis
723 1087 953 1170 depromptum
984 1087 1097 1170 quovis
1130 1093 1220 1152 caret
1246 1087 1261 1150 f
1293 1121 1302 1132 -

243 1190 405 1254 demente.
466 1187 557 1252 Sicut
596 1187 681 1250 enim
719 1185 928 1268 Evangelista
964 1185 1126 1250 Jacobum
1166 1187 1303 1250 minoren

243 1288 388 1371 appellat
417 1285 520 1351 filium
551 1284 698 1368 Alphaei,
709 1285 732 1368 1)
764 1284 813 1349 ita
841 1284 1001 1350 Jacobum
1032 1286 1191 1368 majorem
1219 1285 1303 1350 filiun

242 1386 412 1464 Zebedaei,
422 1385 447 1467 2)
481 1405 556 1468 ergo
588 1406 653 1448 non
680 1384 823 1466 Josephi.
873 1383 978 1448 Maria
1008 1405 1123 1466 porr0,
1158 1406 1238 1468 quae
1266 1389 1303 1448 est

242 1485 358 1551 Jacobi
385 1484 519 1548 minoris
547 1490 661 1562 mater,
672 1483 697 1565 3)
727 1503 875 1566 quaeque
895 1483 1030 1565 Josephi
1057 1505 1142 1548 uxor
1171 1505 1238 1549 esse
1262 1483 1303 1546 de

242 1585 324 1662 buit,
348 1589 493 1665 tempore
513 1581 676 1647 Passionis
700 1582 830 1645 Domini
851 1581 957 1646 adhuc
978 1583 1012 1645 in
1033 1581 1113 1646 vivis
1137 1588 1217 1647 erat.

305 1683 456 1764 ,Erant
483 1688 622 1746 autem
652 1681 713 1745 ibi
742 1681 815 1762 (sub
846 1702 941 1746 cruce
962 1680 1126 1763 Domini),
1156 1687 1263 1746 narrat
1284 1701 1302 1744 s.

242 1779 474 1861 Matthaeus,⁴)
507 1779 707 1844 mulieres
735 1779 893 1844 multae
922 1801 943 1872 a
969 1780 1101 1862 longe,
1133 1803 1236 1864 quae
1260 1799 1303 1843 se·

242 1886 362 1944 outae
395 1884 516 1943 erant
545 1879 684 1944 lesum
720 1899 740 1942 a
772 1878 982 1957 Galilaea,
1020 1879 1303 1945 ministrantes
1355 1893 1357 1962 ζ

243 1979 296 2058 01;
325 1978 440 2043 inter
468 1999 569 2060 quas
599 1983 692 2042 erat
713 1976 844 2041 Maria
872 1975 1121 2059 Magdalene
1151 1975 1304 2044 erilem
1354 2011 1357 2084 p

241 2077 363 2145 Jacobi
392 2083 434 2142 et
460 2077 616 2159 Joseph
644 2083 778 2142 mater
809 2083 849 2141 et
877 2082 1016 2141 mater·
1036 2075 1229 2142 filiorum
1253 2075 1304 2139 Ze
1355 2113 1357 2136 s

241 2176 421 2241 bedaei.“
472 2176 647 2241 Debuisset
676 2197 751 2258 ergo
783 2197 807 2240 s.
836 2175 958 2258 Joseph
989 2175 1134 2242 admissa
1162 2177 1221 2241 hac
1246 2193 1303 2239 sen·

241 2276 346 2340 tentia
366 2274 588 2357 longissimum
605 2295 664 2357 per
684 2281 813 2357 tempus
832 2274 912 2340 duas
932 2273 1029 2339 simul
1047 2273 1173 2340 'habere
1194 2291 1303 2348 uxores,

241 2372 330 2456 quod
357 2395 423 2438 non
452 2373 557 2444 solum
583 2373 663 2456 legi,
697 2372 755 2438 sed
783 2373 883 2437 etiam
911 2393 935 2436 s.
959 2373 1149 2456 Scripturas
1177 2374 1304 2456 ,virum
1357 2381 1358 2384 ’

238 2473 409 2555 justum“
448 2471 541 2535 illum
577 2474 706 2538 vocanti
744 2479 858 2556 aperte
896 2480 1066 2556 repugnat.
1127 2475 1205 2553 Quis
1241 2491 1303 2554 ergo

241 2571 304 2635 sibi
335 2572 549 2654 persuaserit,
582 2573 648 2638 sive
676 2573 854 2657 Josephum
886 2573 966 2638 duas
998 2573 1116 2637 simul
1148 2573 1304 2639 adscivisse
1357 2645 1358 2656 χ

241 2671 402 2752 conjuges,
423 2690 540 2753 nempe
561 2672 699 2736 Mariam
718 2673 834 2737 Jacobi
859 2679 893 2738 et
913 2672 1052 2737 alteram
1072 2672 1220 2751 Mariam,
1238 2671 1304 2736 Jesu
1357 2657 1358 2670 ³

241 2769 364 2835 Christi
390 2776 542 2850 matrem,
572 2771 638 2836 sive
667 2793 685 2836 e
712 2773 848 2854 geminis
877 2771 942 2836 illis
970 2793 1069 2836 unam
1090 2774 1111 2836 1.
1136 2793 1163 2838 0.
1184 2771 1304 2836 Mariam

240 2867 356 2934 Jacobi
370 2868 566 2950 repudiasse,
578 2877 617 2936 ut
629 2871 763 2937 duceret
775 2878 914 2937 matrem
923 2869 1011 2937 Jesu.
1041 2869 1303 2936 Altissimumhac

242 2966 282 3030 de
303 2988 339 3030 10
360 2967 527 3033 silentium
551 2977 584 3035 et
605 2971 683 3034 ins.
708 2971 877 3053 Scriptura
901 2977 935 3036 et
955 2971 989 3034 in
1010 2970 1208 3036 Traditione.
1245 2967 1304 3032 Hoc

240 3063 405 3130 videbitur
424 3067 526 3132 multo
551 3068 736 3148 absurdius,
765 3064 793 3133 si
821 3069 893 3151 quis
921 3090 995 3133 cum
1020 3069 1150 3152 aliquot
1170 3066 1304 3134 Patribus

241 3162 324 3244 (ven.
355 3164 453 3243 Beda,
463 3166 489 3248 ⁵)
519 3189 542 3230 s.
574 3167 804 3250 chrysologossl
835 3168 911 3250 etc.)
941 3168 1044 3246 dicat,
1074 3168 1150 3234 illas
1177 3167 1304 3252 geminae

240 3259 378 3326 feminas
409 3261 510 3328 fuisse
548 3286 682 3330 sorores.
737 3266 940 3348 ,Sororem
977 3267 1115 3332 uxoris
1152 3273 1239 3332 tuae
1271 3263 1305 3325 in

240 3359 491 3442 pellicatum
517 3364 639 3429 illius
665 3386 744 3429 non
772 3365 991 3448 accipies.“
1033 3365 1126 3430 Talia
1148 3387 1220 3449 ergo
1240 3382 1304 3428 con·

240 3456 341 3522 nubia
361 3460 618 3542 prohibebantur
646 3463 680 3526 in
700 3463 854 3529 Levitico.
898 3463 932 3529 Si
953 3485 1028 3528 vero
1049 3464 1167 3531 Jacobi
1187 3459 1304 3529 minoris

240 3562 346 3620 mater
374 3579 397 3622 s.
418 3559 553 3643 Josephi
580 3583 663 3625 uxor
691 3583 761 3626 0110
789 3583 854 3626 non
875 3569 1000 3644 potest,
1037 3585 1198 3646 quaenam
1216 3558 1305 3626 luerit

240 3676 337 3734 uxor,
378 3677 418 3721 ex
450 3681 515 3742 qua
545 3666 596 3726 tot
626 3660 747 3726 liberos
782 3662 931 3745 genuisse
962 3662 1123 3728 tradunt?
1164 3657 1304 3755 Nonnulli

240 3807 435 3818 ——.—

307 3885 503 3955 1)11110.111,
526 3891 565 3943 18.
605 3890 627 3956 ²)
644 3889 742 3944 March.
760 3891 793 3957 X,
810 3894 834 3946 3.
876 3892 896 3958 ⁸)
913 3893 1000 3948 Marc.
1024 3893 1083 3960 XV,
1100 3896 1141 3950 40.
1180 3893 1199 3960 ⁴)
1214 3888 1304 3946 matta

240 3967 356 4035 xxvn,
373 3971 405 4023 55
422 3987 461 4038 sq.
494 3971 515 4038 ⁵)
532 3970 565 4024 ln
582 3971 667 4026 Marc.
687 3973 722 4058 ¹⁶)
738 3972 824 4028 Serm.
840 3975 898 4028 480.
