2808 4556
764 345 824 405 596

247 507 411 590 concipiat
440 512 474 570 et
500 505 610 588 pariat
637 503 761 582 filium,
793 505 848 587 qui
870 504 1027 588 populum
1055 528 1149 570 suum
1180 507 1333 576 liberabit

120 633 122 640 ¹
246 628 265 671 a
288 613 392 670 morte
414 611 559 682 aeterna,
582 625 602 668 a
623 602 754 668 fortiori
775 602 862 668 idem
882 603 1038 667 Dominus
1061 605 1203 671 liberare
1226 617 1333 690 potest

246 706 362 770 urbem
382 703 566 768 Jerusalem
587 724 608 766 a
628 702 821 786 captivitate
843 702 1026 785 temporali.

310 851 523 936 ,Dicendum
545 850 654 933 inquit
676 849 750 914 ideo
776 849 926 915 Doctor
952 850 1220 935 Angelicusst)
1250 856 1333 938 quod

246 951 433 1018 incarnatio
452 948 575 1016 Christi
595 947 758 1030 significat
778 948 882 1031 ipsam
904 948 1135 1014 liberationem
1152 951 1333 1018 Jerusalem

246 1073 306 1135 per
327 1052 435 1116 locum
456 1071 476 1113 a
498 1047 630 1131 majori:
661 1047 739 1130 quia
760 1046 789 1111 si
812 1047 899 1112 Deus
928 1047 1020 1113 dedit
1041 1048 1146 1114 filium
1176 1073 1275 1117 suum
1297 1053 1334 1117 ad

247 1151 388 1215 salutem
410 1148 512 1213 totius
535 1145 657 1223 mundi,
686 1144 790 1210 multo
812 1147 914 1228 magis
936 1154 1048 1228 potest
1069 1148 1195 1214 salvare
1219 1173 1276 1216 vos
1297 1151 1333 1216 ab

246 1249 320 1314 istis
341 1246 502 1324 hostibus
527 1245 616 1329 „qui
637 1244 802 1327 proprio
824 1244 928 1309 Filio
953 1267 1020 1311 suo
1044 1268 1119 1311 non
1141 1250 1334 1332 pepercit,

247 1349 316 1413 sed
337 1369 408 1430 pro
429 1346 543 1411 nobis
565 1344 745 1409 omnibus
767 1345 942 1409 tradidit
963 1344 1148 1428 illum,“²)
1171 1349 1225 1412 vel
1245 1349 1336 1432 quasi

246 1469 346 1512 causa
374 1445 504 1510 motiva.
549 1444 619 1509 Hoc
648 1445 734 1508 enim
762 1444 864 1508 movit
893 1445 1082 1525 Dominum,
1114 1448 1205 1532 quod
1235 1450 1337 1513 multa

246 1546 333 1610 bona
360 1544 410 1608 illi
431 1542 569 1627 populo,
600 1542 746 1626 quamvis
773 1541 897 1625 injusto
926 1544 1164 1624 concedantur,
1197 1546 1335 1630 quiade

247 1645 303 1710 illo
326 1641 515 1727 providerat
535 1640 639 1705 filium
661 1662 756 1705 suum
778 1641 1046 1707 incarnandum.“

307 1789 579 1855 Emmanuelis
616 1810 691 1872 ergo
729 1797 948 1873 conceptus
985 1798 1025 1855 et
1056 1794 1259 1859 nativitas
1295 1794 1336 1858 de

247 1890 411 1973 Virgine
446 1909 522 1952 non
555 1894 616 1952 est
648 1889 801 1970 signum
833 1888 995 1954 futurae
1029 1893 1244 1972 victoriae,
1283 1894 1337 1958 sed

246 1990 387 2054 futura
413 1987 588 2052 victoria
614 2009 909 2071 regnorumque
939 1990 1075 2055 clades
1103 1992 1219 2074 signa
1248 2001 1339 2058 sunt

246 2087 515 2154 Emmanuelis
554 2086 599 2150 de
637 2087 803 2170 Virgine
843 2089 1052 2153 nascituri.
1107 2090 1213 2156 Dabit
1251 2093 1338 2156 Deus

245 2188 426 2272 promissae
456 2187 527 2269 opis
556 2186 653 2250 breve
684 2186 958 2268 complementum
986 2188 1021 2252 in
1050 2188 1179 2271 signum
1201 2190 1338 2255 alterius

247 2287 350 2352 multo
372 2285 506 2368 majoris
528 2283 693 2362 beneficii,
723 2306 840 2369 nempe
868 2285 987 2350 salutis
1009 2286 1209 2368 spiritualis,
1242 2309 1338 2372 quam

246 2384 420 2468 praebebit
441 2383 617 2466 aliquando
640 2383 726 2448 filius
754 2384 794 2448 de
816 2384 950 2466 Virgine
972 2391 1150 2467 conceptus
1173 2393 1208 2451 et
1230 2395 1336 2452 natus.

247 2484 380 2567 „Omnis
401 2483 564 2561 liberati0,
587 2483 696 2565 inquit
717 2481 952 2566 Vitringa,³)
982 2485 1173 2566 temporalis
1197 2507 1336 2570 quoque,

247 2603 331 2666 quae
354 2580 510 2646 ecclesiae
540 2582 607 2646 sive
628 2581 750 2665 populo
774 2581 835 2646 Dei
857 2582 924 2646 ullo
947 2582 1167 2666 qualicunque
1188 2591 1338 2668 tempore

247 2680 381 2763 obtigit,
410 2678 551 2744 fundata
579 2687 630 2745 est
658 2681 692 2743 in
720 2681 778 2745 illa
805 2681 1001 2746 liberatione
1030 2689 1064 2746 et
1086 2681 1193 2747 salute
1216 2683 1338 2748 illustri

246 2802 285 2844 ac
306 2780 462 2862 gloriosa,
493 2801 578 2863 quae
606 2779 684 2844 olim
712 2779 870 2844 ecclesiae
899 2780 1086 2864 obtingeret
1106 2780 1141 2844 in
1163 2781 1337 2846 Servatcre

247 2877 369 2956 mundi,
393 2878 524 2943 Christo
545 2878 625 2944 Jesu
646 2879 812 2943 nascituro
841 2900 882 2943 ex
902 2879 1046 2962 Virgine.
1086 2859 1258 2962 Propheta
1279 2881 1337 2945 hoc

246 2976 359 3042 videns
388 2977 595 3060 mysterium,
626 2977 660 3041 id
688 2977 751 3042 sibi
781 2984 815 3042 et
835 2977 899 3060 piis
928 2977 969 3042 ob
999 2977 1111 3043 oculos
1138 2979 1237 3061 ponit
1256 2986 1338 3044 tam·

247 3098 345 3160 quam
374 3097 528 3159 praesens
556 3076 734 3158 docetque,
768 3075 883 3140 fallere
912 3098 977 3140 non
1005 3098 1101 3159 posse
1129 3078 1336 3160 praedictum

247 3185 282 3242 et
303 3177 499 3260 promissum
523 3178 583 3241 Dei
613 3177 653 3240 de
683 3176 879 3241 liberatione
906 3177 1045 3252 minore,
1078 3176 1237 3258 quamdiu
1263 3197 1336 3258 pro-

247 3277 382 3340 missum
404 3275 444 3340 de
466 3275 662 3341 liberatione
683 3276 807 3358 majore
837 3282 871 3340 et
892 3276 1047 3353 maxima,
1078 3275 1184 3340 omnis
1210 3275 1335 3358 gratiae

247 3382 282 3440 et
303 3375 509 3439 liberationis
537 3373 760 3453 fundamento,
790 3395 850 3456 per
870 3374 1066 3439 miraculum
1086 3381 1337 3456 repraesentan-

248 3473 326 3538 dum
347 3473 552 3537 consisteret.
595 3472 634 3536 Id
655 3494 731 3538 vero
760 3473 809 3537 ita
830 3473 985 3556 proponit
1005 3473 1085 3556 piis,
1117 3479 1155 3536 ut
1176 3473 1256 3537 licet
1277 3473 1336 3535 im·

247 3571 449 3654 plementum
470 3570 598 3654 longius
627 3571 734 3636 adhuc
755 3571 901 3649 abesset,
932 3571 1133 3636 considerari
1162 3573 1250 3636 etin
1271 3571 1336 3636 fide

247 3669 337 3734 credi
366 3690 404 3733 ac
433 3669 536 3733 uideri
565 3670 645 3735 velit
665 3677 825 3755 tanquam
847 3691 1017 3752 praesens,
1047 3670 1185 3753 perinde
1212 3670 1334 3736 utalia

314 3902 333 3961 ¹)
360 3898 513 3953 Commeat.
543 3901 572 3953 in
602 3916 644 3967 cp.
673 3899 736 3965 Vll,
768 3899 831 3954 lsai.
861 3901 928 3955 lect.
953 3901 977 3954 8.
1026 3901 1049 3966 ²)
1077 3899 1157 3956 Rom.
1188 3899 1263 3966 Vlll,
1295 3902 1335 3954 3‘2.

246 3978 268 4041 ³)
286 3979 439 4032 Comment.
457 3980 485 4031 in
505 3979 565 4035 lsai.
584 4000 609 4049 p.
628 3980 649 4036 l.
