2730 4564
552 366 610 428 159

58 547 90 594 ex
114 527 238 592 mortali
269 533 410 610 utroque
442 532 631 591 concretus:
664 527 722 591 sed
749 532 788 591 ut
815 536 989 610 appareret
1021 531 1123 596 etiam

57 625 222 691 inhomine
250 626 344 690 illum
372 646 442 691 esse
472 625 661 704 coelestem,
693 631 822 690 creatus
851 634 902 692 est
930 629 999 694 sine
1022 651 1122 713 opera

57 725 202 806 genitoris.
245 724 399 790 Habebat
428 725 513 790 enim
541 724 745 807 spiritualem
772 723 904 790 Patrem
933 727 1053 808 Deum3
1087 736 1124 795 et

57 824 126 890 sicut
154 825 253 890 Pater
285 824 425 907 Spiritus
457 825 526 907 ejus
559 824 647 888 Deus
679 823 748 886 sine
780 830 900 905 matre,
935 826 984 891 ita
1014 835 1123 893 mater

57 925 183 1006 eorporis
205 925 275 1008 ejus
296 924 394 1006 Virgo
417 923 485 988 sine
507 923 631 1005 patre.“

104 1029 131 1086 4.
158 1024 263 1089 Sicuti
282 1023 436 1106 primus
458 1022 626 1086 Adamus
648 1021 694 1086 de
715 1027 830 1085 terra
850 1021 1119 1104 immaculata,

57 1119 88 1184 de
106 1129 191 1188 terra
210 1123 334 1205 virgine
355 1121 493 1204 prodiit,
522 1121 571 1185 ita
592 1121 691 1184 etiam
719 1119 900 1184 alterum
925 1121 1123 1188 Adamum

54 1222 204 1300 procreari
224 1242 289 1285 non
312 1219 456 1298 decebat,
478 1219 542 1283 nisi
563 1239 603 1282 ex
630 1218 763 1283 Matre
785 1217 970 1302 Virgine.
1014 1221 1122 1298 Quare

55 1338 74 1380 s.
100 1320 281 1386 Basilius
312 1318 539 1401 Magnus21)
576 1318 732 1401 „Quando
763 1318 888 1400 primus
920 1319 1025 1389 Adam
1056 1319 1124 1385 non

55 1437 87 1480 ex
104 1419 161 1483 riri
182 1441 221 1484 ac
241 1417 382 1482 feminae
409 1437 582 1498 congressu
610 1416 770 1499 processit
797 1417 984 1496 adortum,
1017 1419 1075 1483 sed
1103 1439 1122 1482 e

54 1521 129 1582 terra
147 1503 309 1583 formatus
331 1523 395 1595 est,
425 1515 559 1580 ultimus
581 1515 702 1595 Adam,
732 1522 770 1580 ut
797 1516 916 1596 ueteris
937 1516 1025 1581 illius
1047 1538 1124 1581 oon-

53 1616 202 1697 tagionem
224 1615 506 1698 corruptelamque
528 1613 727 1678 instauraret
748 1634 808 1678 sua
828 1615 982 1694 novitate,
1005 1637 1124 1699 corpus

54 1715 214 1798 assumpsit
234 1715 270 1778 in
291 1713 439 1797 virginali
460 1719 553 1777 utero
575 1712 768 1792 formatum,
798 1720 837 1778 ut
857 1734 916 1797 per
937 1735 1067 1780 carnem
1087 1717 1123 1780 in

53 1812 285 1880 similitudinem
312 1819 397 1878 esset
417 1812 575 1895 peccati.“
619 1812 756 1895 Copiose
777 1811 838 1877 hoc
867 1813 907 1877 de
929 1822 1121 1896 argumento

54 1909 188 1994 disputat
209 1911 447 1978 Cardinalis
467 1908 700 1975 Bellarmin.
735 1909 799 1991 „Et
820 1930 907 1988 sane,
926 1911 1072 1995 inquire)
1094 1913 1124 1977 si

53 2030 157 2093 corpus
185 2011 283 2094 primi
310 2010 401 2075 Adae
430 2031 470 2075 ex
497 2009 575 2074 limo
602 2015 711 2074 terrac
742 2008 954 2088 fabricatum,
986 2031 1052 2074 non
1078 2011 1121 2076 ab

52 2107 162 2192 Angelo
184 2110 303 2193 aliquo,
327 2108 384 2174 sed
405 2130 426 2173 a
446 2108 515 2174 solo
534 2108 603 2173 Deo
625 2107 803 2172 formatum
825 2107 1040 2192 effectumque
1062 2116 1121 2190 est,

53 2215 162 2288 quanto
194 2208 318 2292 majore
349 2208 476 2272 ratione
508 2228 625 2290 corpus
657 2206 791 2271 secundi
820 2207 937 2272 Adami
969 2229 1009 2272 ex
1040 2209 1125 2274 inte·

53 2307 180 2386 gerrima
207 2307 417 2391 virgineaque
446 2327 558 2385 carne,
589 2327 654 2370 non
681 2327 781 2389 opera
802 2306 862 2370 viri
882 2307 1034 2389 alicujuS,
1065 2309 1124 2374 sed

53 2405 111 2470 sola
139 2407 279 2490 Spiritus
307 2407 411 2472 sancti
440 2406 561 2471 virtute
588 2404 827 2488 procreandum
852 2404 984 2470 fuerat?
1023 2407 1067 2473 Et
1094 2409 1123 2473 si

53 2503 119 2569 olim
145 2511 299 2571 nascente
327 2505 447 2570 mundo
477 2505 520 2570 ad
546 2504 638 2568 illam
664 2503 766 2568 solam
794 2525 905 2568 vocem
931 2505 1126 2588 imperantis

53 2602 121 2669 Dei:
152 2604 343 2689 „Germinet
363 2611 453 2669 terra
472 2604 608 2668 herbam
629 2603 807 2668 virentem“
820 2603 845 2685 ³)
875 2603 979 2669 omnis
1000 2605 1123 2689 ubique

52 2707 131 2768 terra
160 2705 251 2769 nullo
290 2710 441 2787 suscepto
479 2703 601 2768 semine
637 2703 672 2766 in
703 2708 866 2766 momento
904 2705 1054 2787 concepit
1084 2727 1124 2772 ac

50 2804 168 2885 peperit
184 2804 321 2890 herbam
342 2803 445 2867 omnis
466 2801 608 2885 generis:
631 2806 754 2884 quanto
776 2801 879 2884 magis
901 2802 1124 2886 conveniebat,

51 2906 83 2964 ut
107 2903 225 2968 mundo
254 2908 444 2967 renascente
472 2901 515 2965 ad
542 2901 716 2983 imperium
744 2899 844 2964 solius
866 2899 928 2966 Dei
957 2901 1027 2966 sine
1055 2903 1123 2968 ullo

50 2996 181 3066 humano
208 3001 330 3066 semine
351 3007 442 3066 terra
462 3005 575 3065 nostra
596 3000 782 3082 conciperet
811 3006 845 3064 et
865 2999 960 3065 daret
979 2998 1126 3066 fructum

52 3100 176 3163 suum?“

106 3203 132 3262 5.
163 3198 321 3264 Ultimam
340 3198 517 3276 rationem,
539 3202 578 3260 ut
599 3195 680 3260 alias
701 3196 845 3262 rationes
867 3218 888 3262 a
908 3218 949 3262 ss.
971 3197 1126 3265 Patribus

49 3294 186 3375 prolatas
205 3297 379 3363 brevitatis
401 3318 498 3363 eausa
514 3298 797 3380 praetereamus,⁴)
818 3297 913 3362 nobis
935 3299 1126 3382 suppeditet

50 3392 232 3480 Radulphus
268 3397 404 3462 Ardens.
458 3396 669 3479 „Quatuor
694 3402 782 3460 sunt
821 3398 1125 3479 generationes

51 3496 318 3579 temporales,
347 3497 411 3561 ait:
450 3495 559 3560 Prima
586 3494 651 3559 fuit
678 3515 739 3558 nec
771 3495 818 3559 de
851 3495 940 3561 viro
972 3518 1045 3561 nec
1078 3498 1126 3562 de

50 3590 63 3653 f
69 3594 205 3675 emina,
235 3602 274 3661 ut
296 3596 426 3679 quando
449 3596 537 3660 Deus
564 3593 717 3660 formavit
737 3593 878 3676 primum
898 3595 1062 3660 hominem
1084 3596 1126 3660 de

50 3695 140 3758 terra.
182 3694 331 3762 Secunda
351 3693 416 3758 fuit
442 3693 483 3758 de
511 3693 600 3758 viro
630 3693 721 3758 sine
749 3691 911 3772 femina,
934 3700 973 3758 ut
995 3693 1126 3777 quando

111 3925 131 3993 ¹)
150 3925 210 3983 Lib.
234 3927 270 3982 de
294 3943 361 3982 vera
385 3924 556 3994 virginitate.
598 3925 621 3991 Ι)
646 3923 735 3991 Super
757 3923 867 3978 Missus.
908 3923 929 3991 ⁸)
945 3924 1020 3978 Gen.
1043 3919 1064 3989 Ι,
1086 3920 1125 3978 ΙΙ.

49 4004 68 4072 ⁴)
85 4007 138 4064 Cfr.
150 4009 310 4065 Thomassin
328 4009 363 4064 de
380 4006 575 4063 incarnatione
588 4006 674 4065 Verbi
687 4005 740 4060 Dei
756 4008 823 4061 tom.
837 4004 888 4073 ΙΙΙ,
902 4003 951 4059 lib.
964 4003 1001 4072 ΙΙ,
1017 4020 1060 4074 ep.
1075 4004 1126 4060 ΙΙΙ.
