2808 4556
756 383 814 441 612

237 545 346 628 Caput
375 543 458 627 ejus,
483 542 568 607 siout
590 563 707 624 corpus
729 564 753 606 s.
776 542 892 608 Jacobi
912 544 1060 628 Majoris,
1090 545 1326 628 Hispaniarum

237 643 403 727 Apostoli,
435 640 675 723 Compostellae
705 649 923 706 asservantur.
967 644 1100 708 Festum
1127 645 1245 710 Jacobi
1266 646 1325 710 Mi·

235 744 340 823 noris,
377 741 491 806 fratris
527 740 674 818 Domini,
716 741 902 806 celebratur
937 743 1043 824 prima
1076 743 1171 826 Maii,
1207 745 1325 810 Jacobi

235 842 369 926 Majoris
390 840 513 905 festum
534 839 689 922 vigesima
711 841 827 924 quinta
847 840 936 905 Julii.

297 940 479 1006 Dubitatur
508 939 548 1002 de
577 960 601 1002 s.
623 938 749 1004 Jacobo
778 939 906 1017 Minori,
937 945 1049 1005 utrum
1076 942 1164 1006 idem
1193 943 1238 1007 sit
1265 944 1286 1009 J
1291 965 1324 1009 a·

210 1085 212 1088 >
236 1039 356 1105 cobus
379 1037 551 1120 Alphaei
572 1059 657 1102 oum
677 1036 827 1102 Jacobo
849 1037 979 1103 fratre
999 1039 1170 1119 Domini,
1194 1043 1323 1106 annon?

235 1139 269 1205 Si
290 1145 366 1204 sunt
388 1138 519 1217 diversi,
547 1136 699 1216 lacobus,
730 1136 835 1203 frater
857 1137 996 1218 Domini,
1027 1139 1069 1204 ad
1090 1139 1324 1221 Apostolorum

233 1259 405 1302 numerum
432 1258 498 1300 non
519 1236 679 1318 pertinet3
713 1236 741 1300 si
769 1257 844 1302 vero
876 1244 953 1303 sunt
980 1238 1084 1317 idem,
1113 1238 1202 1302 idem
1224 1240 1324 1304 etiam

234 1336 298 1400 erit
319 1335 486 1418 Alphaeus
508 1356 582 1399 cum
604 1333 758 1417 cleopha.

295 1435 506 1500 Exstiterunt
537 1440 664 1498 veteres
702 1439 737 1497 et
768 1440 916 1498 recentes
949 1434 1141 1516 scriptores,
1181 1435 1240 1518 qui
1270 1436 1324 1502 Ja-

232 1535 350 1600 cobum
373 1534 513 1618 Alphaei
534 1533 674 1598 eundem
696 1555 766 1598 esse
788 1555 863 1598 cunr
882 1534 1023 1613 Jacobo,
1054 1534 1157 1600 fratre
1181 1535 1322 1614 Domini,

233 1635 386 1717 negarint
412 1638 583 1716 putantes,
613 1639 681 1698 tres
710 1631 812 1698 fuisse
840 1633 997 1712 Jacobos,
1027 1655 1128 1698 unum
1149 1633 1322 1714 Zebedaei,

230 1883 305 1952 quod
321 1881 370 1936 ille
388 1881 422 1935 ad
441 1881 584 1936 Caesarem
601 1879 776 1947 appellasset,
794 1884 824 1934 et
837 1879 953 1934 Romam
972 1881 1084 1935 aFesto
1099 1881 1228 1936 Judaeae
1246 1899 1323 1951 prae·

230 1966 290 2020 side
308 1965 407 2019 missus
427 1969 511 2029 esset,
537 1955 720 2017 in'Jacobum
738 1962 854 2017 fratrem
871 1963 982 2016 Domini
1004 1963 1170 2018 tumultuari
1188 1964 1323 2032 coepisse.

230 2049 342 2103 Scribas
374 2048 449 2102 euim
480 2050 509 2102 et
539 2045 699 2115 pharisaeos
734 2044 856 2113 aliosque
882 2046 1053 2101 ludaeorum
1084 2047 1246 2114 principes,
1276 2046 1323 2114 qui

230 2130 340 2186 Christo
359 2147 416 2184 non
441 2128 605 2193 credebant,
631 2128 724 2182 animo
742 2145 854 2197 prorsus
878 2129 974 2198 iniquo
996 2129 1104 2194 tulisse,
1129 2129 1323 2196 evangelicam

230 2213 387 2267 doctrinam
404 2212 504 2266 iacobi
529 2229 613 2280 opera
630 2212 670 2266 ita
686 2216 939 2280 propagatamut
956 2213 1074 2282 populus
1098 2211 1158 2265 fere
1176 2213 1322 2266 universus

229 2296 326 2348 Jesum
344 2311 441 2350 verum
468 2311 527 2348 esse
546 2295 634 2347 Deum
657 2294 837 2349 existimaret.
871 2295 930 2362 Quo
955 2294 1042 2362 igitur
1068 2301 1195 2363 tempore
1213 2295 1322 2348 Judaea

228 2394 280 2446 per
296 2378 373 2431 Festi
390 2381 510 2431 mortem
527 2375 658 2430 Praeside
678 2377 807 2444 carebat,
832 2393 848 2429 a
865 2377 972 2431 Jacobo
990 2376 1119 2445 petiisse,
1145 2380 1177 2429 ut
1195 2393 1320 2430 errorem

228 2461 331 2530 populo
357 2461 495 2528 eriperet,
518 2460 632 2528 etquid
656 2460 691 2514 de
709 2461 776 2513 Jesu
801 2467 878 2513 recte
903 2476 935 2512 ac
952 2475 1018 2512 vere
1043 2458 1223 2512 sentiendum
1240 2461 1321 2522 esset,

228 2547 324 2610 aperte
348 2543 494 2610 palamque
519 2541 636 2598 diceret.
670 2543 741 2596 llam
766 2543 802 2596 ob
826 2559 887 2595 rem
903 2542 1041 2596 Jacobum
1065 2542 1095 2594 in
1118 2543 1219 2610 templi
1238 2543 1322 2610 pinna

228 2644 276 2680 seu
300 2625 419 2694 angulo,
449 2625 479 2677 in
505 2642 588 2693 quem
613 2626 739 2681 Christus
765 2643 781 2679 a
808 2625 942 2679 daemone
967 2628 1081 2678 evectus
1110 2627 1196 2678 antea
1221 2624 1321 2688 fuerat,

227 2709 402 2773 collocatum,
427 2712 459 2761 ut
475 2707 585 2762 facilius
610 2708 699 2762 audiri
719 2712 812 2777 posset
835 2708 986 2776 apopulo,
1011 2707 1060 2774 qui
1076 2710 1194 2774 propter
1218 2706 1321 2760 festum

226 2791 349 2846 Paschae
375 2791 616 2860 frequentissimus
642 2791 865 2860 Hierosolymam
894 2793 1078 2855 convenerat,
1108 2789 1143 2842 ab
1168 2790 1220 2852 iis,
1252 2807 1321 2859 quos

226 2874 396 2943 supradixi,
419 2873 517 2927 scribis
541 2877 570 2927 et
586 2873 738 2942 pharisaeis
756 2879 830 2928 elata
846 2891 916 2928 voce
933 2879 1079 2944 rogatum:
1104 2874 1146 2939 „0
1164 2874 1257 2940 Juste,
1275 2874 1321 2928 cui

226 2975 277 3012 nos
299 2973 395 3012 omnes
419 2955 504 3010 fidem
525 2956 660 3012 adhibere
682 2974 734 3026 par
756 2962 810 3023 est,
835 2957 1063 3027 quandoquidem
1084 2956 1205 3025 populus
1228 2958 1321 3011 omnis

226 3045 303 3096 errat
324 3042 421 3096 Jesum
447 3043 557 3094 sectans
580 3039 762 3106 crucifixum,
787 3040 857 3094 doce
881 3058 941 3106 nos,
966 3040 1042 3109 quod
1065 3039 1103 3092 sit
1126 3040 1231 3094 ostium
1252 3040 1320 3094 Jcsu

224 3123 318 3178 suffixi
335 3123 438 3178 cruci.“
473 3123 519 3178 Ad
543 3122 613 3177 haec
636 3123 716 3176 illum
740 3123 929 3191 respondisse:
957 3123 1050 3192 „Quid
1066 3138 1111 3176 me
1135 3122 1320 3192 interrogatis

226 3204 261 3261 de
278 3207 347 3261 Jesu
370 3205 430 3260 filio
446 3205 579 3272 hominis;
606 3205 669 3274 Ipse
693 3205 774 3260 sedet
792 3206 822 3258 in
844 3207 923 3260 coelo
948 3223 965 3260 a
989 3205 1097 3261 dextris
1121 3221 1248 3260 summae
1265 3207 1318 3260 vir·

224 3288 303 3354 tutis,
327 3291 356 3342 et
373 3291 507 3342 venturus
530 3287 619 3341 estin
641 3288 762 3342 nubibus
779 3289 877 3343 coeli.“
912 3288 1018 3358 Quibus
1035 3287 1129 3342 verbis
1152 3305 1239 3357 quum
1257 3306 1317 3358 por·

224 3371 295 3426 moti
318 3370 400 3426 multi
421 3369 473 3424 Dei
494 3370 649 3436 potentiam
673 3371 885 3438 praedicarent,
910 3370 1017 3428 scribas
1040 3373 1070 3423 et
1092 3370 1255 3438 pharisaeos
1277 3372 1318 3426 ira

224 3453 349 3524 percitos
372 3452 510 3507 Jacobum
536 3469 571 3506 ex
603 3457 759 3508 memorato
784 3453 884 3523 templi
907 3453 970 3508 loco
993 3453 1177 3522 praecipitem
1201 3454 1316 3508 dedisse.

224 3536 317 3606 Lapsu
334 3540 393 3590 tam
410 3535 490 3602 gravi
508 3535 685 3590 debilitatum
703 3540 798 3590 tamen
815 3553 845 3590 se
863 3538 892 3590 in
909 3553 1001 3606 genus
1018 3537 1195 3604 submisisse,
1219 3541 1249 3591 et
1264 3537 1316 3591 fer·

224 3618 401 3674 santissimos
417 3635 516 3688 preces
533 3620 570 3676 ad
582 3619 671 3674 Deum
688 3637 739 3689 pro
756 3619 879 3674 inimicis
895 3619 1009 3675 fudisse.
1043 3619 1198 3689 Lapidibus
1215 3618 1315 3674 deinde

223 3701 317 3756 Auani
332 3702 434 3756 summi
448 3701 608 3757 Sacerdotis
618 3703 705 3772 jussu,
717 3702 860 3756 referente
873 3701 1005 3772 Josspho,
1019 3703 1141 3771 petitum
1154 3719 1188 3756 ac
1202 3702 1314 3756 tandem

222 3783 337 3840 fullonis
353 3783 443 3849 fuste,
468 3801 522 3848 ouo
540 3783 597 3839 uda
613 3785 778 3839 vestimenta
800 3785 964 3854 extorqueri
980 3784 1088 3850 solent,
1111 3787 1144 3838 ut
1160 3785 1202 3839 ait
1217 3785 1313 3838 Hiero·

223 3882 322 3934 nymns
347 3863 394 3932 (de
418 3865 514 3935 script.
537 3868 605 3922 eccl.
629 3867 660 3922 in
683 3865 769 3934 laci,
795 3867 888 3937 capite
912 3883 1076 3937 percussum
1099 3867 1263 3922 occubuisse
1284 3869 1313 3920 et

223 3947 270 4000 vel
286 3963 374 4015 prope
392 3949 528 4018 templum
546 3950 658 4015 eodem,
676 3966 731 4018 quo
749 3953 856 4019 martyr
873 3951 992 4017 obierat,
1016 3950 1093 4016 loco,
1110 3950 1157 4005 vel
1173 3949 1204 4004 in
1220 3951 1311 4004 monte

225 4024 366 4083 olivarum
382 4028 467 4085 fuisse
483 4031 651 4100 sepultum“
682 4031 763 4086 Haec
781 4031 838 4088 ills.
