2728 4554
763 363 824 422 446

255 521 452 605 principium
484 523 624 606 gratiae,
658 523 834 587 secundum
866 521 1069 587 diuinitatem
1098 521 1233 605 quidem
1259 544 1322 587 auc-

256 622 438 701 toritative,
468 622 643 687 secundum
664 620 899 686 humanitatem
926 641 1000 685 vero
1028 621 1321 687 instrumentaliter.

242 721 351 786 'Unde
391 727 425 785 et
462 721 598 786 dicitur:
638 718 798 801 „Gratia
836 725 874 783 et
910 719 1061 782 veritas
1097 741 1168 802 per
1201 721 1321 786 Jesun

258 818 458 884 Christum
489 809 598 884 facta
629 818 785 901 s.unt.“¹)
834 817 938 882 Beata
962 823 1076 882 autem
1101 818 1201 902 Virgo
1231 819 1322 884 Maria

256 919 529 1001 propinquissima
551 917 679 982 Christo
701 917 765 981 fuit
786 916 962 981 secundum
982 916 1232 998 humanitatem,
1259 918 1323 1000 quia

258 1037 298 1080 ex
320 1038 359 1081 ea
385 1017 511 1099 accepit
530 1017 705 1081 humanam
727 1023 887 1080 naturam.
929 1015 973 1079 Et
998 1015 1072 1081 ideo
1093 1038 1173 1100 prae
1195 1016 1320 1081 caeteris

257 1116 412 1198 majorem
434 1116 548 1181 debuit
565 1137 585 1180 a
603 1115 732 1180 Christo
754 1115 877 1201 gratiae
896 1114 1133 1197 plenitudinem
1156 1115 1320 1180 obtinere.“

258 1213 382 1295 ,Beata
402 1214 510 1296 Virgo,
540 1215 662 1294 scribit,
670 1215 695 1298 ²)
728 1235 812 1298 quae
839 1213 904 1279 fuit
932 1214 1043 1279 aDeo
1074 1215 1181 1279 electa
1207 1217 1242 1278 in
1267 1235 1320 1278 ma·

181 1317 183 1322 '
258 1320 358 1391 trem,
387 1314 578 1397 ampliorem
599 1313 865 1380 sanctificationis
886 1314 1026 1397 gratiam
1047 1313 1209 1392 obtinuit,
1238 1333 1320 1397 quan

258 1411 399 1476 loannes
417 1412 568 1494 Baptista
589 1420 623 1478 et
640 1413 806 1491 Jeremias,
829 1414 886 1495 qui
907 1419 984 1478 sunt
1005 1411 1102 1476 electi
1123 1405 1162 1476 ut
1181 1411 1319 1494 speciales

258 1510 529 1594 praefiguratores
551 1511 814 1577 sanctificationis
833 1511 963 1577 Christi.
1007 1511 1106 1594 Cujus
1129 1510 1253 1592 signum
1272 1516 1318 1584 est,

260 1610 348 1694 quod
376 1609 492 1675 beatae
515 1611 641 1693 Virgini
667 1612 862 1694 praestitum
890 1618 955 1690 est,
984 1618 1023 1676 ut
1051 1611 1090 1675 de
1120 1617 1249 1675 caetero
1269 1630 1319 1672 non

259 1715 410 1792 peccaret
430 1730 489 1774 neo
516 1709 699 1775 mortaliter
719 1731 779 1774 nec
799 1709 984 1774 venialiter:
1013 1709 1087 1774 aliis
1114 1716 1226 1774 autem
1245 1729 1320 1773 sanc-

260 1807 394 1872 tificatis
415 1808 559 1872 creditur
578 1808 772 1892 praestitum
794 1830 879 1887 esse,
910 1815 948 1873 ut
969 1808 1009 1872 de
1039 1814 1171 1872 caetero
1193 1805 1320 1872 mortali-

262 1913 314 1970 ter
334 1928 400 1971 non
420 1913 603 1990 peccarent,
626 1907 735 1972 divina
758 1928 812 1971 eos
834 1908 940 1990 gratia
960 1909 1186 1990 protegente.“

298 2017 302 2024 '
323 2005 445 2082 Quibus
465 2005 571 2070 verbis
595 2006 624 2070 d.
643 2006 781 2071 Thomas
803 2007 1006 2089 apertissime
1028 2007 1133 2086 docet,
1156 2007 1188 2071 b.
1203 2004 1318 2087 Virgini,

239 2111 376 2198 ⁸utpote
406 2105 552 2188 proxime
587 2127 661 2169 cum
693 2101 821 2170 Christo
854 2105 1072 2170 maternitatis
1104 2106 1233 2170 vinculo
1261 2124 1320 2168 con·

258 2204 401 2286 junctae,
419 2204 574 2286 majorem
590 2224 668 2285 prae
690 2205 807 2268 ceteris
829 2225 1014 2268 concessam
1036 2203 1137 2268 fuisse
1159 2203 1319 2286 gratiarum

261 2301 505 2384 plenitudinem.
561 2301 754 2367 Maternitas
793 2323 867 2384 ergo
908 2301 1017 2366 divina
1054 2303 1246 2385 principium
1281 2305 1319 2364 est

263 2399 405 2463 omnium
436 2401 615 2482 gratiarum
649 2401 679 2464 b.
712 2401 839 2483 Virgini
869 2422 1109 2480 concessarum,
1146 2400 1318 2466 maternitas

263 2519 361 2562 causa
388 2499 544 2578 finalis,
573 2493 674 2583 quare
696 2500 784 2565 Deus
812 2500 930 2564 merita
958 2506 1027 2565 tam
1055 2501 1225 2579 sublimia,
1251 2499 1319 2562 dona

263 2603 331 2661 tam
352 2597 611 2662 extraordinaria
631 2598 837 2663 beatissimae
859 2600 1103 2681 praeparaverit
1124 2599 1254 2682 Virgini.

324 2698 390 2762 Ave
413 2718 488 2780 ergo
510 2719 534 2762 s.
556 2696 670 2775 Maria,
698 2718 756 2761 ave
778 2697 876 2780 Virgo
897 2697 1167 2780 praeclarissima,
1198 2703 1245 2764 tot
1262 2702 1318 2759 tan·

262 2796 370 2880 tisque
392 2797 484 2861 donis
504 2783 746 2878 pretiosissimis
774 2818 812 2860 ac
840 2797 954 2879 gratiis
973 2797 1203 2879 pulcherrimis
1229 2803 1258 2860 te
1276 2793 1317 2856 de·

263 2901 408 2960 conatam
428 2895 589 2973 videmus,
618 2895 695 2977 quia
717 2916 790 2959 eum
810 2901 943 2978 portare
971 2895 1160 2977 gremioque
1187 2901 1242 2960 tuo
1259 2911 1317 2955 con-

264 2994 394 3058 cludere
422 2994 586 3072 meruisti,
620 3015 716 3077 quem
744 2995 828 3059 coeli
856 3002 889 3059 et
918 2995 1002 3059 coeli
1030 2994 1197 3062 coelorum
1224 3006 1316 3073 capere

263 3114 329 3157 non
349 3093 502 3176 possunt!
546 3093 722 3170 Quaeritur

285 3273 336 3337 3⁰:
368 3272 514 3337 Utrum
541 3293 565 3336 s.
594 3273 726 3338 Maria
751 3272 887 3357 pluris
915 3272 1087 3350 fecerit,
1118 3291 1208 3336 esse
1233 3267 1301 3331 Vir·

301 3372 429 3454 ginem
456 3371 534 3435 Deo
562 3371 748 3451 dicatam,
778 3392 891 3455 quam
918 3393 1003 3436 esse
1029 3370 1197 3436 Matrem
1221 3364 1287 3432 Dei.

326 3503 356 3568 S.
374 3503 539 3568 Ecclesiae
556 3509 666 3586 p'atres
688 3525 726 3567 ac
747 3504 896 3568 doctores
917 3504 951 3566 in
974 3501 1128 3568 solvenda
1144 3502 1204 3566 hac
1224 3514 1313 3581 quaes·
1357 3575 1358 3606 1

142 3649 143 3652 ¹
263 3603 353 3668 tione
374 3624 439 3667 non
460 3601 676 3666 consentiunt.
720 3602 803 3667 Sunt
824 3602 919 3680 enim,
940 3602 996 3685 qui
1016 3607 1175 3679 asserant,
1192 3591 1313 3663 beatissi·
1357 3669 1358 3674 ἵ

264 3723 350 3764 mam
370 3701 536 3784 Virginem
564 3701 696 3784 optione
718 3701 796 3784 data
816 3702 1060 3766 maternitatem
1086 3699 1223 3764 divinam
1240 3709 1313 3776 prat

264 3801 379 3865 tulisse
406 3801 587 3884 virginitati
614 3801 761 3866 illibatae
793 3802 891 3866 etiam
919 3807 995 3866 voto
1024 3797 1241 3871 confirmatae;
1268 3784 1311 3851 alii
1357 3795 1358 3806 ¹

332 3998 352 4064 ¹)
370 3999 430 4055 Joa.
449 4000 470 4066 1,
488 4003 528 4054 17.
560 3999 582 4066 2)
599 3997 650 4066 ΙΙΙ,
666 4016 693 4065 p.
710 4015 735 4066 q.
754 3999 866 4066 XXVII,
884 4016 907 4054 a.
925 4002 941 4054 6
958 3998 994 4053 ad
1012 4001 1034 4053 1.
