2730 4564
583 332 640 392 137

68 494 187 560 clesiae
210 493 373 572 doctores,
404 491 481 575 quia
502 491 746 571 existimabant,
769 491 920 571 Mariam,
945 514 1028 575 quae
1050 515 1154 577 quon·
1260 521 1268 532 .

69 594 146 672 dam
166 592 423 676 omnipotentiae
446 591 573 656 divinae
594 592 626 656 vi
645 591 758 656 lesum
784 589 989 669 edidissetis
1010 591 1155 675 Josepho

67 693 151 757 alios
168 691 290 756 liberos
301 711 420 775 ⁴parere
439 705 505 756 non
521 691 682 773 potuisse3
705 691 759 755 cui
775 690 979 774 persuasioni
997 691 1153 761 omnino

69 790 247 875 „aliquid
275 789 602 874 superstitionis?
630 789 760 853 inest?

134 896 160 964 1.
194 889 429 982 Argumentum
459 910 482 955 s.
512 888 747 972 Scripturas
774 909 834 970 pro
862 911 886 953 s.
910 889 1071 972 Deiparae
1092 890 1156 955 vir·

68 991 207 1074 ginitate
248 989 348 1054 etiam
385 994 460 1072 post
498 995 631 1074 partum
670 987 793 1058 tuenda
831 988 944 1070 paucis
983 1010 1155 1070 possumus

69 1098 218 1154 astruere
244 1088 365 1166 verbis,
393 1089 587 1172 praesertim
608 1110 709 1170 quum
735 1089 769 1152 in
789 1087 1157 1171 paragraphispraece·

70 1187 224 1256 dentibus
255 1188 377 1254 veritas
406 1188 486 1252 haec
519 1209 559 1252 ex
591 1209 615 1251 s.
644 1187 737 1254 libris
762 1187 830 1269 jam
861 1185 983 1268 pluries
1015 1187 1158 1269 probata

70 1288 180 1352 fuerit.
232 1286 346 1351 Nonne
375 1309 402 1358 v.
433 1308 461 1370 g.
490 1285 679 1352 Ezechiel
710 1285 907 1368 propbeta
935 1285 1158 1368 virginitatem

69 1393 265 1470 perpetuam
278 1384 476 1456 lucidissime
494 1385 675 1468 designavit
688 1407 747 1469 per
759 1391 890 1467 portam
904 1384 995 1450 illam
1012 1384 1158 1452 clausam

70 1488 104 1553 in
127 1486 223 1572 domo
247 1485 386 1570 Domini,
410 1505 493 1568 quae
515 1506 713 1566 nunquam
734 1483 902 1567 aperietur
924 1491 958 1549 et
978 1505 1037 1567 per
1058 1505 1157 1567 quam

69 1587 119 1650 vir
152 1585 171 1648 i.
207 1605 233 1648 e.
264 1606 288 1648 s.
321 1583 443 1666 loseph
482 1603 547 1646 non
584 1583 742 1656 intravit?
790 1581 852 1647 Per
888 1583 973 1659 hanc
1012 1583 1159 1648 clausam
1219 1669 1221 1672 Ι

69 1691 203 1768 portam
222 1689 416 1766 perpetuam
437 1682 760 1768 Deiparaeintelligi
781 1681 1010 1765 virginitatem,
1038 1683 1159 1748 docent

70 1787 161 1849 inter
175 1783 257 1848 alios
274 1805 298 1847 s.
316 1781 569 1865 Hieronymus,¹)
586 1803 612 1846 s.
627 1782 855 1866 Ambrosius,²)
875 1804 899 1846 s.
916 1781 1156 1865 Augustinua³)

134 1882 298 1947 Probatur
311 1881 432 1945 ,eadem
453 1881 572 1946 veritas
591 1882 691 1946 etiam
711 1881 833 1960 verbis,
864 1881 983 1964 quibus
1004 1879 1034 1944 b.
1058 1880 1158 1962 Virgo

70 1981 232 2072 angelum,
255 1986 449 2063 conceptum
471 1988 512 2060 et
525 1986 657 2062 partum
679 1981 942 2058 annuntiantem,
965 1978 1156 2066 alloqueba-

71 2089 142 2147 tur:
185 2080 405 2162 ,Quomodo
438 2078 514 2150 iiet
545 2079 670 2157 istud,
709 2080 894 2162 quoniam
925 2080 1049 2144 virum
1079 2100 1158 2143 non

72 2180 346 2264 cognoscol‘ff)
379 2178 453 2254 Non
473 2179 635 2243 immerito
663 2178 890 2261 Valential)
919 2180 967 2245 ita
988 2199 1160 2262 argumen-

71 2288 179 2345 tatur:
203 2279 258 2362 ,si
279 2279 311 2342 b.
328 2278 427 2361 Virgo
449 2276 624 2360 aliquando
646 2277 751 2342 virum
773 2279 982 2360 cognovisset,
1005 2298 1159 2361 sequere-

72 2388 139 2458 tur,
162 2401 235 2444 eam
255 2378 431 2462 aliquando
455 2385 488 2443 et
510 2377 641 2461 quidem
662 2377 805 2461 graviter
825 2399 986 2460 peccasse,
1008 2375 1159 2441 violando

73 2479 200 2552 scilicet
234 2485 430 2561 perpetuum
466 2477 665 2560 virginitatis
700 2485 828 2558 votum3
865 2478 1035 2560 perspicue
1074 2475 1161 2546 enim

73 2577 253 2644 ostendunt
284 2597 309 2640 s.
339 2576 514 2659 Gregorius
545 2576 709 2660 Nyssenus
722 2579 747 2660 6)
781 2583 815 2642 et
847 2577 876 2641 d.
907 2576 1118 2658 Augustinus,
1133 2575 1157 2657 ⁷)

71 2677 102 2740 b.
126 2675 356 2758 Virginemiis
376 2674 484 2739 verbis
507 2674 668 2754 indicare,
691 2675 823 2750 obstare
845 2675 909 2740 sibi
929 2680 1056 2752 votum,
1081 2694 1161 2756 quo-

72 2775 182 2839 minus
222 2795 366 2857 unquam
404 2774 508 2838 virum
546 2795 739 2857 cognoscere
776 2781 895 2857 posset.
952 2774 1162 2855 Consequens

73 2895 151 2938 vero
184 2880 235 2938 est
266 2874 396 2938 omnino
432 2872 553 2938 falsum
583 2894 832 2957 repugnansque
864 2873 1027 2939 communi
1058 2871 1162 2938 totius

73 2975 241 3040 Ecclesiae
278 2973 385 3040 fidei.“
439 2973 549 3056 ,inter
587 2974 830 3057 scripturarum
867 2974 955 3052 loca,
995 2973 1038 3037 ad
1076 2991 1161 3055 quae

73 3072 191 3139 Patres
223 3072 404 3156 appellant,
443 3079 538 3138 notat
573 3073 611 3138 cl.
646 3072 872 3149 Franzelim
886 3073 912 3155 8)
946 3071 1068 3155 juverit
1105 3070 1163 3134 ad·

74 3181 202 3239 vertere
234 3173 429 3256 praesentim
461 3173 503 3238 ad
534 3173 666 3238 modum
698 3173 925 3252 excellentiae,
959 3193 1023 3254 quo
1056 3177 1164 3234 mater

75 3271 298 3338 Emmanuelis
326 3272 367 3336 ab
396 3273 483 3338 lsaia
511 3280 545 3338 et
573 3274 614 3338 ab
642 3273 858 3356 Evangelistis
887 3273 1009 3338 dicitur
1037 3273 1161 3357 ἧπαρ-

77 3387 196 3450 θενοςε
227 3371 270 3438 ad
297 3379 421 3438 certam
443 3373 601 3457 Dominae
630 3372 844 3438 voluntatem¹
861 3373 1011 3455 servandi
1032 3371 1164 3454 virgini-

76 3475 155 3541 tatis
196 3473 362 3554 integrum
401 3472 515 3551 decue,
559 3492 656 3556 qnam
699 3472 839 3556 Spiritus
884 3479 1018 3536 sanctus
1058 3471 1165 3536 voluit
1253 3499 1256 3504 ·

145 3744 165 3810 ¹)
181 3741 212 3795 ln
229 3741 415 3796 Ezechielem.
429 3758 472 3810 cp.
487 3737 586 3795 XLIV.
620 3739 640 3803 ²)
655 3738 695 3792 De
709 3739 796 3795 instit.
809 3739 916 3809 Virgin.
929 3755 972 3807 cp.
982 3743 1005 3792 7.
1039 3741 1060 3805 ³)
1074 3738 1163 3792 Serm.

79 3826 110 3878 18
126 3824 161 3879 de
178 3830 315 3892 tempore.
355 3823 462 3891 ⁴)Luc.
481 3823 561 3888 Lat.
603 3820 1048 3891 ὁ)Τοῐῐι.18ῖ,(113ῑ).29.2ρ.1.
1091 3823 1164 3889 ⁶)ln

80 3907 153 3963 Orat.
177 3907 212 3961 de
230 3907 324 3962 Natis.
342 3907 462 3960 Domini.
505 3907 526 3973 ἵ)
544 3904 608 3959 Lib.
632 3903 667 3959 de
691 3921 712 3957 s.
731 3903 899 3973 virginitate
924 3920 967 3974 cp.
985 3908 1009 3960 4.
1052 3905 1073 3971 8)
1089 3906 1121 3960 L.
1140 3921 1166 3958 c.

79 4009 140 4059 pag.
160 3994 213 4045 12⁵.
284 4021 287 4028 =
