2728 4554
759 355 821 414 476

251 535 275 580 s.
297 514 415 580 Leonis
442 514 647 593 institutum,
676 513 797 597 quippe
826 513 884 596 qui
910 519 1002 580 totus
1022 513 1179 580 fueritin
1207 535 1256 594 eo,
1278 521 1307 579 nt

250 613 420 679 recensitis
439 613 529 691 locis,
551 613 609 678 ubi
627 611 776 678 Christus
796 618 904 692 natus,
923 611 981 678 ubi
1001 635 1022 678 a
1038 613 1144 698 Magis
1163 613 1306 693 adoratus,

249 712 308 777 ubi
328 711 486 778 educatus
508 717 570 791 est,
603 712 890 796 demonstratoqua
915 712 1079 796 sepulcro,
1108 714 1144 778 in
1165 735 1228 797 quo
1246 713 1308 795 ,hu-

249 831 346 876 mana
367 810 553 877 conditione
571 810 706 894 jacuit,“
729 817 763 876 et
783 817 894 876 monte
916 810 1044 890 Oliveti,
1073 811 1162 877 unde
1182 810 1309 877 ascendit

249 911 284 976 in
305 910 446 989 coelum,
475 909 645 975 confirmet
666 914 701 974 et
722 909 858 988 evincat,
888 908 1053 976 Christum
1075 909 1247 976 Dominum
1264 909 1308 974 hu·

249 1029 379 1074 monam
407 1029 537 1074 carnem
564 1029 600 1072 re
629 1028 705 1073 vera
733 1008 925 1090 sumpsisse:
954 1007 997 1073 ad
1018 1009 1111 1091 cujus
1139 1009 1188 1074 rei
1215 1007 1308 1074 confir·

249 1107 427 1172 mationem
454 1106 595 1190 sepulcri
622 1105 653 1170 b.
677 1106 819 1190 Virginis
845 1108 968 1173 mentio
988 1107 1071 1172 nihil
1098 1108 1228 1172 omnino
1251 1127 1308 1172 oon·

248 1203 336 1270 ferre
357 1211 497 1287 poterat.

311 1303 549 1370 Concludamus
588 1326 662 1369 cum
700 1305 910 1370 celeberrimo
949 1305 1126 1371 Benedicto
1161 1304 1240 1370 XIV.
1271 1302 1307 1367 di·

251 1403 398 1486 cente:¹)
424 1402 511 1486 ,Nos
532 1403 566 1467 in
586 1410 726 1486 utraque
748 1405 967 1470 controversia
987 1411 1059 1470 tum
1079 1405 1120 1470 de
1142 1425 1234 1483 anno,
1252 1409 1307 1468 tun

249 1502 290 1567 de
311 1501 391 1580 loco,
411 1522 475 1584 quo
498 1501 580 1566 obiit
599 1501 631 1566 b.
650 1502 759 1584 Virgo,
777 1502 899 1567 nullius
920 1507 1032 1585 partes
1052 1503 1226 1585 sequimur,
1243 1502 1307 1566 satis
1358 1509 1359 1522 ¹

249 1600 411 1678 contenti,
439 1600 581 1666 diversas
608 1601 808 1665 recensuisse
835 1602 1014 1667 sententias
1044 1607 1078 1666 et
1103 1601 1305 1676 fundamenta,
1358 1583 1359 1600 ¹

249 1699 367 1784 quibus
396 1720 544 1784 quaeque
569 1721 681 1764 earum
701 1701 862 1766 innititur.
904 1700 990 1766 Illud
1010 1707 1120 1766 tamen
1141 1700 1305 1783 repetimus,

249 1798 454 1880 exploratum
477 1819 563 1877 esse,
592 1798 623 1863 b.
645 1799 811 1882 Virginem
833 1821 872 1864 ex
893 1800 955 1865 hac
974 1801 1042 1865 vita
1063 1800 1225 1882 migrasse,
1251 1798 1305 1880 ejus

181 1927 184 1934 ·
249 1899 391 1964 animam
411 1920 431 1963 a
452 1919 588 1982 corpore
608 1898 710 1964 fuisse
731 1900 928 1984 sejunctam,
950 1899 1143 1982 statimque,
1164 1897 1250 1963 nulla
1266 1893 1306 1960 rel

248 1997 382 2061 minima
408 2019 501 2062 mora
527 1998 700 2082 interjecta
726 2021 792 2064 non
819 2000 922 2065 solum
951 1999 1050 2064 beata
1077 1999 1200 2064 visione
1223 1997 1306 2062 fuisse

246 2095 439 2180 praeditam,
458 2096 516 2160 sed
534 2097 698 2162 sublatam
718 2098 761 2163 ad
783 2119 979 2183 empyreum,
998 2104 1033 2163 et
1056 2097 1232 2162 exaltatam
1251 2113 1306 2159 esse

249 2214 348 2277 super
369 2195 483 2260 choros
505 2195 732 2278 Angelorum.“
953 2199 954 2208 ’

740 2361 935 2378 ἉΛΛΛΛΛΛΛΙᾺΛΛΛ,

692 2473 794 2607 cap.
826 2474 870 2581 ΙΙ.

333 2673 391 2740 ns
412 2674 687 2797 nssnssmn
709 2621 906 2745 omanus
927 2675 1238 2745 assumemus.

307 2836 533 2903 Differentiam
576 2840 662 2905 inter
701 2841 832 2906 Domini
873 2842 978 2906 nostri
1015 2841 1244 2907 Ascensionem
1281 2841 1308 2900 et

243 2935 276 3001 b.
297 2935 439 3019 Virginis
459 2938 722 3022 Assumptionem
751 2941 946 3006 existentem
974 2962 997 3004 s.
1025 2939 1169 3005 P'etrus
1198 2935 1308 3004 Dami-

244 3055 341 3100 anus
362 3035 451 3100 hisce
471 3039 617 3120 praecise
640 3039 795 3104 describit
816 3039 935 3105 verbis:
963 3040 1149 3122 ,Ascendit
1172 3038 1307 3122 inquit,²)

234 3131 393 3199 ¹Salvator
422 3135 457 3198 in
488 3136 614 3201 coelum
642 3139 858 3220 potestativae
890 3138 1021 3204 virtutis
1053 3139 1205 3222 imperio,
1236 3137 1308 3200 siout

244 3232 402 3298 Dominus
424 3228 457 3298 e't
479 3234 628 3314 Creator,
650 3235 848 3319 Angelorum
869 3238 1043 3302 comitatus
1065 3236 1233 3321 obsequio,
1252 3251 1307 3297 non

243 3330 365 3395 auxilio
403 3331 515 3398 fultus.
569 3333 745 3418 Assumpta
786 3341 837 3401 est
869 3335 975 3400 Maria
1012 3336 1047 3400 in
1083 3336 1223 3414 eoelum,
1259 3327 1307 3396 sed

243 3430 368 3512 gratiae
389 3430 588 3498 sublevantis
608 3433 745 3513 indicio,
775 3434 1005 3504 comitantibus
1034 3441 1071 3500 et⁴
1089 3433 1307 3501 auxiliantibus

242 3528 390 3611 Angelis,
421 3551 518 3612 quam
547 3530 740 3597 sublevabat
766 3533 887 3614 gratia,
916 3553 982 3598 non
1009 3540 1137 3599 natura.
1179 3533 1305 3614 Ideoque

243 3626 312 3692 dies
330 3627 411 3692 haec
427 3628 624 3712 Assumptio,
642 3630 796 3696 Ascensio
814 3630 872 3695 ills
890 3639 1032 3711 vocatur,
1053 3655 1154 3716 quum
1171 3631 1255 3698 aliud
1270 3628 1306 3692 sit

242 3725 400 3807 potentia,
420 3725 510 3791 aliud
531 3728 761 3808 misericordia,
780 3729 950 3813 solumque
970 3730 1031 3795 soli
1053 3732 1097 3797 sit
1117 3729 1304 3815 privilegium

147 3849 149 3854 ·
243 3824 401 3903 Creatori,
423 3831 575 3890 natiuam
596 3848 705 3892 rerum
725 3827 860 3911 propria
880 3834 1045 3911 potestate
1066 3828 1276 3914 supergredi-⁰

307 3989 328 4056 ¹)
346 3988 378 4044 Ia.
395 4004 420 4044 e.
436 4004 481 4057 cp.
498 3987 573 4056 VIII,
591 4007 619 4045 n.
636 3993 675 4046 12.
715 3991 738 4058 ς)
754 3992 795 4046 De
813 3994 1009 4062 assumptione
1026 3993 1058 4050 B.
1075 3993 1114 4050 M.
1131 3996 1163 4052 V.
1180 3991 1303 4049 serm-441
