2808 4556
752 359 812 418 628

237 523 397 588 virescere
426 541 465 584 ac
497 518 669 584 florescere
699 519 885 601 conspexit3
919 525 990 584 tum
1022 521 1056 584 11
1084 521 1143 584 illa
1171 521 1326 605 inexpug-

236 621 340 688 nabili
362 619 448 685 turri
469 641 489 682 a
510 617 594 682 facie
615 617 754 696 inimici,
786 638 826 681 ex
856 639 921 702 qua
943 619 1032 684 mille
1055 620 1160 702 clypei
1182 621 1326 702 pendent

238 719 408 802 omnisque
430 723 597 781 armatura
625 715 776 795 fortium3
806 723 877 781 tum
903 717 937 780 in
958 717 1054 782 horto
1084 719 1141 782 illc
1163 720 1325 798 concluse,

237 819 295 902 qui
316 817 421 886 nescit
449 815 565 879 violari
591 835 697 897 neque
726 815 890 896 corrumpi
918 815 994 881 ullis
1023 817 1218 881 insidiarum
1239 817 1326 883 frau-

237 917 349 996 dibus3
371 922 443 980 tum
464 914 498 977 in
521 934 655 989 corusca
676 912 734 977 illa
753 913 815 977 Dei
837 913 979 994 civitate,
1000 916 1093 996 cujus
1110 915 1326 982 fundamenta

236 1017 270 1080 in
292 1013 457 1080 montibus
479 1012 618 1091 sanctis;
641 1018 712 1076 tum
733 1012 766 1075 in
789 1014 1020 1095 augustissimo
1035 1014 1092 1078 illo
1108 1015 1171 1078 Dei
1192 1015 1325 1098 templo,

236 1112 325 1198 quod
357 1112 473 1176 divinis
505 1110 671 1193 refulgens
704 1110 932 1192 splendoribus
964 1113 1098 1194 plenum
1138 1121 1190 1178 est
1222 1115 1327 1197 gloria

237 1212 384 1290 Domini;
415 1218 485 1275 tum
514 1209 549 1273 in
577 1208 650 1274 aliis
679 1209 824 1291 ejusdem
852 1211 980 1292 generis
1012 1213 1143 1277 omnino
1165 1212 1325 1295 plurimis,

236 1311 354 1394 quibus
384 1309 546 1376 excelsam
575 1308 737 1390 Deiparae
770 1308 965 1391 dignitatem
998 1309 1133 1393 ejusque
1162 1310 1327 1377 illibatam

236 1409 456 1475 innocentiam
479 1414 513 1472 et
528 1406 611 1470 nulli
633 1428 777 1489 unquam
794 1427 896 1471 naevo
919 1407 1095 1472 obnoxiam
1113 1395 1327 1475 sanctitatem

235 1508 407 1592 insigniter
428 1504 695 1590 praenuntiatam
715 1505 817 1570 fuisse
838 1505 953 1571 Patres
975 1506 1195 1572 tradiderunt.

297 1607 349 1672 Ad
370 1607 455 1671 hanc
475 1605 613 1670 ¹eandem
642 1605 826 1669 divinorum
844 1607 1018 1670 mune'rum
1044 1605 1147 1672 veluti
1166 1629 1328 1673 summam

236 1706 492 1790 originalemque
513 1703 671 1786 Virginis,
702 1702 743 1767 de
772 1725 837 1787 qua
858 1710 956 1768 natus
979 1712 1030 1770 est
1049 1706 1159 1784 Jesus,
1191 1707 1327 1790 integri-

234 1812 340 1870 tatem
368 1801 615 1868 describendam
642 1799 743 1865 iidem
762 1801 1002 1884 Prophetarum
1031 1804 1230 1870 adhibentes
1261 1806 1326 1871 elo·

235 1905 400 1987 quianon
422 1901 520 1966 aliter
540 1901 645 1982 ipsam
666 1908 840 1982 augustam
853 1901 1019 1984 Virginem
1041 1902 1324 1982 concelebrarent,

234 2024 274 2066 ac
300 2001 351 2066 uti
379 1999 564 2065 columbam
592 1999 746 2064 mundam
776 2006 809 2066 et
831 2007 978 2065 sanctam
998 2001 1183 2068 Jerusalem
1215 2010 1251 2068 et
1273 2025 1326 2068 ex-

235 2102 359 2168 celsum
383 2100 445 2164 Dei
466 2099 621 2163 thronum
642 2105 676 2163 11
697 2119 808 2163 arcam
828 2099 1098 2166 sanctificationis
1123 2107 1158 2166 11
1180 2101 1324 2180 domum,

235 2223 334 2285 quam
355 2199 419 2284 sibi
436 2205 572 2262 aeterua
590 2197 775 2263 aedificavit
794 2199 971 2281 Sapientia,
992 2207 1025 2264 et
1043 2201 1202 2283 Reginam
1224 2202 1323 2280 illam,

235 2322 320 2384 quae
343 2298 468 2364 deliciis
490 2296 624 2362 affluens
653 2303 687 2362 11
708 2298 819 2362 innixa
846 2321 944 2381 super
966 2298 1132 2364 Dilectum
1160 2322 1259 2366 suum
1287 2322 1325 2366 ex

235 2421 291 2465 ore
314 2396 475 2462 Altissimi
501 2395 645 2478 prodivit
672 2397 803 2462 omnino
832 2397 995 2480 perfecta,
1024 2399 1172 2481 speciosa
1200 2421 1242 2464 11
1271 2421 1325 2483 pe-

234 2499 324 2564 nitus
353 2518 429 2561 cara
452 2497 520 2560 Deo
551 2501 585 2559 et
613 2495 704 2559 nullo
734 2516 878 2578 unquam
905 2496 989 2560 labis
1018 2518 1120 2562 naevo
1147 2499 1323 2564 maculata.

235 2597 341 2674 Quum
373 2615 449 2658 vero
486 2593 550 2676 ipsi
580 2593 697 2658 Patres
728 2593 960 2678 Ecclesiaeque
994 2595 1177 2677 Scriptores
1215 2598 1323 2662 animo

234 2701 409 2777 menteque
439 2699 649 2776 reputarent,
679 2692 903 2758 beatissimam
931 2693 1097 2776 Virginem
1127 2694 1168 2758 ab
1198 2697 1324 2779 Angclo

158 2875 161 2880 Ι
234 2791 387 2858 Gabriele
419 2791 684 2856 sublimissimam
713 2791 775 2856 Dei
803 2791 919 2857 Matris
952 2792 1146 2875 dignitatem
1179 2795 1210 2859 ei
1243 2818 1325 2860 nun-

232 2893 353 2971 tiante,
381 2891 485 2975 ipsius
508 2891 570 2956 Dei
595 2891 725 2956 nomine
755 2898 789 2956 et
807 2891 901 2974 jussu
930 2893 1037 2974 gratia
1063 2892 1195 2974 plenam
1222 2893 1327 2960 fuisse

233 2997 472 3072 nuncupatam,
504 2989 701 3068 docuerunt,
730 2989 793 3054 hac
821 2989 980 3072 singulari
1008 2991 1211 3074 solemnique
1238 2993 1322 3057 salu-

233 3089 361 3154 tatione
389 3109 557 3172 nunquam
585 3087 668 3153 alias
696 3088 811 3154 audita
840 3089 984 3167 ostendi,
1016 3089 1192 3173 Deiparam
1221 3090 1322 3156 fuisse

234 3188 379 3253 omnium
408 3187 590 3252 divinarum
622 3187 803 3269 gratiarum
832 3187 942 3252 sedem
975 3188 1192 3272 omnibusque
1222 3190 1322 3255 divini

234 3287 377 3370 Spiritus
399 3285 650 3352 charismatibus
672 3294 880 3366 exornatam,
902 3288 967 3353 imo
990 3286 1180 3352 eorumdem
1201 3289 1321 3354 charis·

233 3392 360 3452 matum
381 3385 544 3452 infinitum
566 3407 669 3469 prope
690 3385 882 3452 thesaurum
910 3386 1144 3470 absyssumque
1166 3388 1322 3454 inexhau-

233 3491 335 3563 stam,
365 3484 447 3550 adeo
477 3491 515 3549 ut
535 3506 703 3568 nunquam
731 3485 907 3551 maledicto
937 3486 1078 3552 obnoxia
1106 3493 1140 3551 11
1162 3508 1321 3553 unacum

232 3583 316 3648 Filio
345 3590 525 3666 perpetuae
553 3584 792 3650 benedictionis
818 3585 984 3669 particeps
1012 3587 1053 3651 ab
1075 3585 1248 3653 Elisabeth
1275 3587 1321 3652 di·

232 3681 307 3746 rino
330 3688 406 3746 acta
428 3677 553 3765 Spiritu
575 3682 689 3748 audire
711 3683 870 3748 meruerit
891 3685 1129 3766 „benedicta
1149 3693 1193 3751 tu
1215 3687 1320 3752 inter

234 3779 437 3860 mulieres,
468 3788 506 3846 et
533 3781 771 3847 benedictus
801 3783 960 3848 fructus
988 3784 1142 3848 ventris
1171 3786 1262 3850 tui.“

294 3879 379 3943 Hinc
405 3901 471 3945 non
491 3879 660 3945 luculenta
688 3881 811 3960 minus,
842 3903 941 3965 quam
969 3903 1104 3948 concors
1132 3885 1320 3950 eorumdem

233 3977 397 4042 sententia
417 3978 684 4060 gloriosissimam
704 3979 887 4063 Virginem,
918 3981 971 4046 cui
997 3981 1078 4048 feeit
1098 4004 1232 4066 magna,
1263 3983 1320 4066 qui
1395 4015 1396 4082 p
