2782 4554
490 433 492 440 ·
512 397 573 457 499

73 556 166 619 enito
202 575 335 618 carnem
367 553 511 635 dederit,
546 577 629 639 quae
661 578 771 621 uerum
805 558 910 623 Deum
941 582 977 626 re
1009 583 1086 628 vera

75 655 145 720 erit
179 653 321 736 ideoque
353 652 517 738 plerisque
557 655 795 721 sublimissimis
831 657 954 724 donata
984 660 1086 728 fuerit

73 753 244 836 rogativis,
267 752 365 836 digna
386 761 557 819 censeatur
578 775 710 819 necesse
733 763 792 835 est,
813 778 897 839 quae
919 759 960 823 ab
984 763 1086 826 omni·

73 853 244 917 creaturis
265 853 422 916 honorem
443 853 584 936 accipiat
605 854 770 919 divinitati
791 857 983 938 proximum.

73 951 298 1015 sdversarii
319 951 432 1029 nostri,
455 951 613 1034 imprimis
635 952 868 1036 Lutherus1)
893 962 926 1020 et
947 956 1084 1042 Bezap

73 1053 245 1116 notionem
265 1051 349 1115 hanc
370 1051 458 1115 inter
478 1051 626 1131 latriam,
657 1051 780 1117 duliam
807 1060 841 1118 et
861 1053 1086 1136 hyperduliam

72 1152 149 1215 iunt
179 1150 371 1234 ridentque,
402 1174 523 1234 ,quum
552 1152 614 1217 hoc
644 1152 818 1218 discrimen
847 1153 1023 1236 aliquando
1052 1158 1087 1221 in

73 1251 229 1332 criptura
264 1249 485 1316 confundatur
521 1258 555 1316 et
587 1251 677 1316 dulia
711 1272 771 1335 pro
807 1251 905 1317 latria
940 1254 991 1318 vel
1024 1255 1086 1320 Dei

73 1371 85 1411 1
115 1349 302 1430 accipiatur
329 1370 434 1433 neque
464 1349 540 1414 solis
567 1351 740 1415 conveniat
768 1352 957 1417 creaturis.“
1000 1354 1086 1436 ,Sed

90 1448 127 1510 id
149 1446 293 1530 quidem,
315 1448 492 1531 respondet
520 1471 548 1512 v.
572 1447 823 1532 Carisius,³)
853 1471 951 1534 saepe
973 1460 1085 1518 autem

73 1567 105 1609 se
127 1567 249 1610 nomen
266 1547 424 1611 creaturis
446 1548 647 1630 assignatur;
666 1548 765 1613 latria
785 1569 870 1628 vero,
889 1556 929 1615 ut
946 1552 1085 1617 servitus

87 1645 151 1708 soli
173 1643 350 1723 reddenda,
369 1645 403 1708 in
424 1666 506 1709 novo
526 1645 734 1711 Testamento
756 1667 885 1730 semper
905 1670 1084 1714 accommo-

73 1744 126 1806 r.“

73 1842 86 1904 l
89 1862 183 1905 erum
211 1862 276 1905 non
306 1840 493 1907 scholastici
522 1849 661 1922 tantum,
692 1842 749 1908 sed
771 1850 847 1908 ante
871 1843 1003 1909 illorum
1031 1868 1085 1911 ae-

73 1963 102 2004 m
131 1941 201 2024 jam
236 1961 260 2004 s.
297 1940 546 2023 Augustinus,⁴)
587 1964 658 2007 ven.
694 1943 836 2026 Beda‚⁵)
878 1967 902 2009 s.
941 1946 1083 2012 Joannes

73 2039 254 2121 rascenusl)
294 2039 415 2122 aliique
454 2040 551 2124 inter,
572 2040 704 2105 latriam
745 2049 779 2108 et
811 2044 933 2108 duliam
970 2045 1084 2110 distin-

73 2159 96 2202 ·e
134 2137 326 2202 docuerunt.
380 2138 545 2220 ,Colimus
577 2139 756 2223 Martyres,
795 2142 903 2225 inquit
934 2143 1085 2227 Hippo-

73 2239 143 2302 sis
169 2235 343 2320 praesul
373 2237 413 2302 de
434 2244 575 2320 utroque
597 2237 689 2303 cultu
711 2239 832 2304 diserte
855 2240 1023 2322 disserens,
1047 2265 1085 2309 eo

73 2361 91 2400 u
114 2335 285 2400 charitatis
308 2343 342 2400 et
363 2338 538 2416 societatis,
563 2360 627 2421 quo
650 2347 684 2402 et
705 2340 739 2403 in
762 2340 823 2404 hac
845 2341 913 2406 vita
934 2341 1085 2408 coluntur

74 2435 106 2499 :ti
135 2435 282 2500 homines
313 2436 374 2500 Dei
397 2485 557 2500 ......
586 2443 622 2501 at
649 2436 706 2501 illo
736 2438 843 2516 cultu,
874 2441 931 2522 qui
960 2440 1084 2507 Graece

74 2537 135 2600 ιειά
158 2535 294 2613 dicitur,
324 2534 426 2600 latine
448 2557 513 2599 uno
534 2535 633 2599 verbo
656 2536 720 2600 dici
741 2558 807 2601 non
827 2545 952 2620 potest,
985 2562 1085 2623 quum

74 2635 233 2718 quaedam
261 2633 392 2717 proprie
423 2633 588 2698 divinitati
617 2633 729 2699 debita
759 2637 914 2716 servitus,
945 2659 1005 2703 nee
1034 2660 1086 2703 co-

74 2757 106 2813 rs,
135 2756 194 2798 uec
214 2732 387 2797 colendum
417 2732 578 2810 docemus,
612 2734 675 2797 nisi
696 2757 798 2798 unum
821 2736 934 2801 Deum.
980 2737 1086 2815 Quum

74 2857 112 2898 >m
140 2834 181 2898 ad
201 2833 294 2897 illum
316 2832 440 2897 cultum
462 2833 628 2916 pertineat
649 2832 773 2899 oblatio
802 2835 969 2915 sacrificii,
999 2838 1084 2902 unde

74 2934 187 2997 olatria
207 2932 328 2996 dicitur
350 2952 476 3010 eorum,
508 2931 565 3014 qui
584 2931 646 2996 hoc
674 2932 770 2998 idolis
800 2935 970 3015 exhibent,
993 2936 1084 3002 nullo

74 3035 98 3097 lo
120 3031 184 3096 tale
206 3031 330 3119 aliquid
353 3029 528 3109 offerimus,
551 3037 610 3095 aut
632 3030 834 3098 offerendum
855 3035 1083 3117 praecipimus,

85 3133 232 3214 cuiquam
253 3130 404 3213 martyri,
434 3130 485 3194 vel
514 3130 666 3211 cuiquam
695 3131 823 3197 animae
852 3140 1002 3211 sanctae,
1033 3135 1085 3198 vel

74 3252 153 3313 ynam
181 3224 309 3312 angelo:
341 3236 374 3293 et
396 3228 544 3312 quisquis
569 3229 603 3292 in
624 3229 710 3293 hunc
741 3252 884 3296 errorem
906 3231 1081 3313 delabitur,

74 3331 177 3413 ipitur
195 3350 255 3412 per
275 3348 387 3393 sanam
410 3326 608 3406 doctrinam,
639 3328 706 3392 sive
727 3335 766 3393 ut
787 3332 985 3414 corrigatur,
1016 3332 1083 3397 sive

74 3430 243 3495 caveatur.“
293 3428 363 3506 Quo
394 3434 505 3492 autem
535 3426 626 3492 cultu
655 3450 759 3511 quove
786 3427 897 3495 fructu
924 3436 1084 3514 martyres

74 3537 207 3608 crentur,
224 3529 258 3593 in
277 3527 391 3592 eodem
409 3527 517 3609 capite
537 3526 694 3592 describit
712 3551 736 3592 s.
753 3528 884 3595 Doctor.
918 3530 1082 3613 „Populus

75 3630 209 3706 stianus,
239 3628 361 3712 inquit,
392 3627 565 3692 memorias
593 3634 773 3711 martyrum
794 3628 947 3712 religiosa
967 3629 1083 3694 solem-

75 3798 94 3862 1)
117 3795 148 3847 ln
171 3794 282 3848 Postilla
307 3793 383 3848 circa
406 3793 507 3848 festum
531 3793 635 3864 Epiph.
683 3794 704 3861 2)
728 3794 761 3846 In
785 3793 879 3849 adnot.
905 3795 941 3849 ad
966 3814 1009 3865 cp.
1034 3798 1083 3863 IV,

75 3877 106 3932 lh.
145 3877 164 3944 ³)
179 3876 208 3931 L.
227 3894 249 3932 c.
268 3894 294 3944 p.
312 3875 361 3944 IV,
378 3880 445 3930 sect.
464 3875 500 3942 ΙΙ,
523 3891 566 3945 cp.
584 3876 643 3930 XV.
684 3877 707 3944 ⁴)
724 3878 827 3931 Contra
845 3877 977 3932 Faustum
994 3879 1083 3933 Mani·

75 3978 122 4014 um
142 3959 186 4013 lib.
202 3959 261 4026 XX,
283 3975 326 4028 cp.
344 3958 422 4026 xx13
446 3957 495 4013 cfr.
519 3959 600 4014 civit.
617 3958 669 4012 Dei
692 3959 741 4016 lib.
757 3959 834 4028 Vlll,
861 3978 903 4029 op.
925 3963 965 4016 26.
1008 3963 1030 4029 ὅ)
1049 3962 1083 4015 ln

91 4045 136 4112 lV,
152 4043 213 4098 Luc.
246 4045 269 4107 ⁶)
288 4043 369 4111 Apol.
386 4042 436 4098 lib.
452 4041 504 4098 111.

878 4123 926 4178 32*
