2728 4554
774 350 834 410 428

265 511 406 577 Matrem
442 508 555 592 elegit3
596 514 630 573 et
665 508 705 574 de
741 530 806 593 qua
838 507 979 592 Spiritus
1013 516 1147 575 sanctus
1178 510 1279 575 voluit
1302 515 1327 573 et

265 615 419 692 operatus
448 613 507 686 est,
534 613 574 672 ut
603 606 830 690 conciperetur
858 612 892 671 et
911 613 1103 672 nasceretur
1123 607 1190 686 ille,
1220 607 1325 690 dequo

264 708 334 792 ipse
358 704 536 790 procedit.“

326 828 354 871 a.
385 804 628 870 Perfectissima
649 802 788 868 affinitas
809 823 883 868 cum
903 823 1042 886 persona
1062 803 1207 870 Patris.
1246 803 1327 886 ,Quis

264 907 409 990 sapiens,
442 905 623 986 interrogat
650 902 785 980 Haine,
794 904 818 985 ¹)
850 903 984 984 negabit
1010 903 1161 967 intimam
1193 902 1327 966 unionem

264 1004 402 1069 inveniri
429 1003 568 1068 Mariam
595 1001 681 1065 inter
710 1008 743 1066 et
769 1000 901 1065 Patrem
929 1006 1116 1080 aeternum,
1145 1001 1206 1065 ubi
1231 999 1327 1064 uniens

263 1102 366 1166 Filius
393 1102 501 1166 Patris
528 1100 636 1165 faetus
668 1100 712 1164 sit
738 1099 853 1164 uniens
880 1099 984 1165 Filius
1012 1099 1153 1178 Mariae,
1188 1106 1222 1165 et
1248 1118 1327 1184 quem

264 1199 362 1264 Pater
382 1201 495 1282 genuit
514 1199 556 1264 ab
578 1205 721 1278 aeterne,
745 1198 852 1263 Maria
876 1199 1025 1282 genuerit
1045 1199 1080 1262 in
1100 1205 1257 1282 tempore,
1277 1195 1326 1261 alio

265 1298 397 1383 quidem
427 1298 539 1377 modo,
572 1297 630 1362 sed
657 1304 768 1362 tamen
799 1296 938 1362 eundem
965 1296 1085 1361 Filium
1114 1297 1208 1362 Dei.“
1256 1297 1326 1360 Deus

266 1396 364 1463 Pater
395 1402 530 1480 generat
560 1396 678 1460 Filium
709 1395 859 1461 totaliter
893 1415 933 1460 ex
965 1415 1024 1460 sua
1059 1395 1245 1460 substantia
1273 1395 1326 1459 sine

264 1496 384 1575 Matre,
407 1497 487 1562 item
507 1496 695 1560 beatissima
715 1495 814 1578 Virgo
843 1501 951 1560 totum
970 1494 1091 1558 Filium
1119 1499 1255 1576 generat
1272 1491 1326 1556 solo

264 1595 334 1660 sine
362 1595 476 1674 Patre;
509 1595 597 1659 Dens
624 1594 724 1659 Pater
752 1601 802 1659 est
831 1601 865 1658 et
890 1593 1062 1676 permanet
1089 1593 1197 1676 virgo,
1228 1592 1326 1680 glorio

264 1694 392 1759 sissima
411 1692 510 1776 Virgo
538 1694 652 1758 matris
681 1693 800 1776 gaudia
828 1693 997 1776 conjunxit
1026 1713 1099 1757 oum
1128 1681 1260 1756 illaesae
1278 1690 1326 1753 rir-

264 1792 411 1879 ginitatis
431 1791 563 1856 honore.
606 1791 747 1857 Ubinam
772 1813 848 1876 ergo
869 1791 1034 1856 invenitur
1054 1790 1132 1855 unio
1154 1789 1325 1866 mirabilior,

264 1889 443 1974 perfectior
464 1911 502 1954 ao
522 1890 663 1955 nobilior
684 1913 782 1974 quam
803 1912 851 1970 ea,
875 1911 958 1975 quae
979 1890 1066 1955 inter
1087 1888 1196 1953 Deum
1216 1888 1326 1953 Patren

265 1995 299 2054 et
319 1988 351 2053 b.
372 1988 539 2072 Virginem
560 1988 765 2054 intercessit?
790 1989 875 2053 Unio
898 1989 979 2054 haec
999 1989 1119 2053 unione
1139 1987 1326 2072 hypostatica

265 2094 403 2171 excepta
434 2087 578 2153 omnium
608 2088 765 2152 unionum
796 2088 1039 2166 sublimissima,
1072 2087 1151 2171 quia
1183 2085 1325 2152 vinculum

264 2187 408 2265 unionis,
437 2207 553 2268 nempe
573 2186 722 2252 Christus
744 2187 902 2252 Dominus
922 2193 1049 2265 noster,
1078 2185 1325 2251 sublimissimum

268 2286 335 2351 fuit
357 2292 391 2351 et
410 2285 655 2351 nobilissimum.

327 2383 408 2466 ,Hic
440 2405 475 2449 se
507 2383 688 2468 suberigat,
718 2383 826 2467 inquit
850 2383 1118 2467 Eadmerus,²)
1145 2383 1176 2447 d.
1199 2378 1324 2447 Auselmi

265 2482 460 2565 discipulus,
489 2482 638 2547 intimam
666 2482 698 2548 b..
719 2482 861 2566 Virginis
889 2503 962 2547 cum
983 2481 1081 2546 Patre
1101 2489 1236 2547 aeterno
1255 2478 1324 2545 simi·

263 2581 436 2647 litudinem
462 2582 682 2660 considerans,
711 2580 849 2646 intentio
875 2580 994 2646 mentis
1021 2579 1200 2659 humanae,
1230 2585 1261 2644 et
1278 2595 1323 2659 pro

263 2701 358 2763 posse
381 2681 494 2763 paucis
514 2681 677 2759 intendat,
708 2680 824 2763 quanti
849 2678 1001 2762 penderit
1026 2679 1234 2762 omnipotens
1254 2677 1323 2741 Deus

264 2779 382 2842 merita
402 2778 498 2861 hujus
519 2778 726 2844 beatissimae
747 2779 898 2862 Virginis
939 2777 1109 2856 Intendat,
1137 2777 1274 2861 inquam,
1297 2777 1323 2836 et

265 2876 512 2960 contempletur,
534 2878 644 2943 videat
665 2884 699 2943 et
720 2877 900 2942 admiretur
920 2898 1021 2942 unum
1040 2875 1161 2941 Filium
1185 2875 1246 2940 sibi
1263 2891 1321 2937 con·

264 2973 521 3054 substantialem,
545 2984 760 3054 coaeternum,
789 2977 1053 3059 omnipotentem,
1083 2996 1124 3040 ex
1144 2995 1205 3039 sua
1224 2977 1321 3037 natum

264 3075 334 3139 siue
360 3075 455 3139 initio
478 3074 566 3139 Deus
586 3075 685 3140 Pater
713 3075 841 3158 genuit,
870 3081 905 3140 et
924 3095 983 3157 per
1011 3095 1086 3138 eum
1114 3094 1226 3138 omnes
1251 3088 1320 3136 erea-

265 3179 356 3237 turas
376 3173 519 3238 visibiles
546 3179 580 3237 et
600 3173 778 3238 invisibiles
807 3194 847 3237 ex
866 3171 969 3236 nihilo
990 3170 1077 3236 lecit.
1120 3171 1217 3236 Hune
1240 3169 1320 3252 igitur

267 3271 331 3336 sibi
362 3277 431 3336 tam
461 3272 607 3349 unicum,
641 3293 739 3354 quam
770 3271 1030 3349 dilectissimum,
1063 3275 1097 3334 et
1127 3270 1164 3333 in
1195 3265 1319 3334 omnibus

265 3369 394 3433 omnino
423 3369 609 3453 aequalem,
638 3391 704 3434 non
723 3391 839 3452 passus
867 3377 918 3436 est
943 3363 1111 3435 remanere
1139 3361 1318 3433 solummodo

265 3487 374 3546 suum,
414 3467 471 3532 sed
504 3468 642 3533 eundem
675 3469 782 3551 ipsum
816 3469 921 3534 voluit
952 3469 985 3532 in
1020 3467 1069 3533 rei
1099 3467 1238 3533 veritate
1266 3479 1318 3528 esse

263 3565 294 3630 b.
317 3563 442 3630 Mariae
470 3568 600 3632 unicum
629 3574 663 3632 et
684 3567 931 3634 dilectissimum
958 3573 993 3632 et
1017 3566 1203 3632 naturalem
1227 3565 1317 3634 filum

156 3679 158 3682 ·
264 3685 324 3729 neo
351 3664 400 3729 ita
427 3671 466 3730 nt
494 3664 557 3731 duo
587 3674 710 3747 esseut,
739 3689 823 3734 unus
850 3667 1002 3733 videlicet
1022 3665 1125 3731 Filius
1154 3666 1228 3744 Dei,
1253 3660 1319 3728 alius

332 3896 351 3961 ¹)
373 3895 414 3950 De
437 3895 609 3963 Hyperdulis
632 3897 744 3964 ejusque
767 3897 946 3952 fundamento
968 3913 1031 3965 pag.
1048 3898 1105 3951 150.
1147 3897 1170 3964 Ξ)
1186 3899 1219 3952 ln
1239 3899 1280 3953 liu
1294 3892 1320 3946 dt

159 4021 162 4028 .
266 3977 432 4031 excellentia
447 3977 478 4031 B.
497 3977 535 4030 M.
554 3978 586 4030 V.
603 3994 646 4046 op.
664 3979 719 4046 1113
736 3979 785 4033 cfr.
803 3970 895 4034 Haine¹
909 3981 928 4033 l.
946 3997 968 4033 c.
986 3995 1048 4048 pag.
1067 3981 1125 4033 loo.
