2718 4556
388 843 629 982 saeuo
666 843 760 981 IV.

55 1083 100 1167 u
129 1084 161 1168 s.
186 1082 363 1178 rosum,
396 1079 684 1164 cuiusnam
710 1079 914 1164 vlaelllls
946 1079 1117 1168 saonae
1160 1092 1164 1102 ·

438 1193 716 1304 onsnssmo.
1175 1241 1184 1267 .

327 1360 381 1432 Hic
394 1359 446 1424 vir,
459 1359 507 1415 hic
520 1363 571 1426 est,
584 1357 619 1414 de
632 1375 686 1428 quo
701 1358 753 1413 tibi
766 1364 876 1432 tantum
890 1359 985 1415 dicere
997 1378 1119 1431 possum,

359 1444 411 1500 Vir
428 1443 482 1499 luit
498 1441 612 1498 Mariae.
719 1503 721 1509 Ι

103 1595 134 1660 Si
158 1617 181 1660 s.
205 1592 423 1676 Gregorius
450 1590 725 1656 Nazianzenus
751 1590 795 1656 ad
815 1591 1015 1657 laudandum
1036 1595 1118 1661 Gor·

51 1694 150 1774 goniae
171 1692 291 1758 sororis
313 1712 391 1756 suae
408 1690 563 1754 maritum
584 1689 774 1772 interrogat,
798 1690 917 1772 „vultis
936 1713 1002 1758 uno
1017 1694 1116 1759 verbo

51 1792 139 1856 virum
159 1791 363 1857 describam?
391 1789 450 1856 Vir
471 1789 568 1869 illius,
591 1809 651 1853 nec
673 1789 758 1853 enim
779 1789 855 1868 scio,
878 1791 957 1874 quid
978 1793 1119 1876 amplius

52 1890 143 1956 dicere
163 1912 297 1956 neeesse
319 1891 393 1970 sit‚“
415 1927 455 1936 -
477 1909 583 1954 nonne
612 1888 655 1953 ad
676 1910 700 1953 s.
722 1888 857 1972 Josephi
877 1889 991 1956 laudes
1012 1893 1116 1958 multo

51 1991 138 2074 nagia
160 1989 303 2056 'sufficiet
324 1990 447 2066 dicere,
477 2009 630 2071 sponsuS,
659 1988 710 2051 vir
729 1987 876 2052 Mariae?
907 1988 1021 2062 Nonne
1041 1991 1117 2059 ideo
1175 2014 1181 2028 ·

50 2091 174 2170 ,meruit
193 2089 347 2154 honorari
374 2111 394 2154 a
418 2089 503 2167 Deo,
533 2093 572 2152 ut
592 2086 691 2152 Pater
712 2087 774 2152 Dei
803 2094 838 2153 et
858 2087 966 2154 dictus
993 2095 1027 2154 et
1048 2111 1118 2156 cre-

51 2187 124 2254 ditus
144 2189 228 2254 sit?“
239 2189 264 2270 1)

100 2289 200 2366 Quum
229 2287 270 2352 de
291 2283 500 2350 beatissimae
521 2283 664 2367 Virginis
690 2285 898 2350 matrimonio
922 2276 991 2370 jam
1011 2285 1118 2354 fusius

50 2384 288 2464 disseruerimus,
307 2383 408 2449 etiam
425 2382 464 2449 de
481 2402 599 2466 sponso
617 2383 685 2466 ejus
703 2383 896 2463 castissimo,
913 2391 982 2451 tam
999 2386 1115 2453 eximio

49 2483 76 2546 in
88 2486 258 2550 sanctitate
276 2489 310 2548 et
322 2482 462 2566 justitia,
480 2489 549 2548 tam
568 2481 726 2548 eminenti
741 2481 775 2550 in
791 2482 896 2565 gloria
913 2506 951 2549 ae
966 2487 1119 2568 potentia

49 2584 122 2664 apud
142 2584 257 2661 Deum,
278 2581 400 2646 habere
422 2601 603 2645 sermonem
623 2579 698 2662 plus
719 2600 824 2664 aequo
846 2582 1018 2648 videbitur.

98 2682 123 2746 Ε
142 2683 233 2766 regia
256 2680 389 2745 Davidis
410 2679 566 2763 progenie
587 2678 744 2762 originem
766 2679 887 2746 ducens
897 2683 922 2764 2)
948 2704 971 2747 s.
994 2683 1117 2768 Joseph

51 2839 231 2852 ⁸*

101 2928 118 2997 ¹)
134 2926 269 2984 Bernard.
293 2922 405 2982 hom.'2
430 2941 514 2995 super
537 2925 645 2980 Missus.
687 2927 710 2993 ⁹)
728 2927 755 2982 S.
772 2927 924 2996 Josephnm
949 2927 985 2982 ad
1009 2928 1117 2983 tribum

47 3007 108 3065 luda
131 3018 159 3066 et
182 3011 316 3065 familiam
342 3008 433 3064 David
458 3009 640 3078 pertinuisse,
666 3025 701 3063 ex
727 3027 748 3064 s.
773 3007 917 3078 Scriptura
942 3011 1116 3078 apertissime

47 3091 132 3149 elucet.
165 3091 404 3160 „Manifestum
430 3097 492 3158 est,
516 3091 607 3160 inquit
628 3109 648 3146 s.
665 3091 767 3146 Paulus
789 3091 818 3145 in
836 3108 879 3161 op.
896 3092 932 3146 sd
948 3091 1033 3148 Hehr.
1052 3093 1117 3163 Vll,

47 3178 78 3242 lt,
94 3177 177 3246 qnod
195 3194 236 3230 ex
254 3175 341 3231 Juda
357 3181 451 3230 ortus
474 3175 520 3229 sit
536 3174 695 3229 Dominus
713 3175 857 3230 noster.“
889 3175 1014 3244 Angelus
1031 3192 1117 3244 porro

46 3274 61 3311 s.
79 3259 226 3330 Josephum
250 3259 327 3314 hisee
347 3259 499 3328 alloquitur
521 3258 615 3312 verbis
642 3257 796 3327 „loseph
820 3257 874 3312 fili
896 3257 1019 3325 David,
1044 3253 1115 3313 noli

46 3340 171 3397 tinereu
195 3341 308 3410 (Matth.
325 3341 416 3406 1,20).
450 3340 477 3396 S.
494 3340 611 3410 Josephi
633 3340 827 3410 genealogiam
849 3339 1007 3395 Matthaeus
1024 3341 1116 3396 Even-

45 3424 133 3490 gelista
149 3425 267 3480 deducit
283 3424 318 3479 ab
336 3423 496 3478 Abrahamo
513 3439 565 3492 per
581 3423 727 3478 Davidem.

99 3508 176 3576 Quod
209 3507 458 3562 differentiam
491 3507 590 3560 inter
622 3506 842 3577 genealogias
876 3504 1048 3559 Matthaei
1081 3508 1117 3560 et

45 3584 142 3644 Lucae
164 3591 275 3656 attinet,
292 3590 438 3658 sequentia
453 3589 577 3643 notanda
594 3594 666 3644 sunt.
700 3589 726 3644 S.
745 3587 902 3643 Matthaeus
919 3587 1116 3643 descendendo

44 3672 134 3738 repetit
149 3672 342 3742 genealogiam
366 3672 401 3725 ab
419 3671 591 3738 Abrahamo,
616 3690 636 3726 s.
654 3672 745 3742 Lucas
766 3687 834 3726 vero
856 3687 917 3724 eam
939 3669 1116 3725 ascendendo

45 3749 147 3810 deducit
167 3755 205 3809 ad
222 3754 369 3809 Adamum.
403 3755 436 3808 ln
454 3755 632 3810 recensendis
654 3754 813 3810 nominibus
835 3753 910 3808 inter
926 3753 1115 3807 Abi-chamum

45 3837 68 3888 et
81 3835 425 3906 DnvidemEvangelistas
443 3837 627 3906 concordant3
651 3838 701 3893 sed
718 3837 784 3891 inde
801 3853 818 3891 a
834 3835 941 3891 Davide
957 3833 1115 3890 Matthaeus

44 3913 145 3974 deducit
176 3917 280 3974 Christi
311 3920 504 3990 progenitores
537 3937 588 3989 per
624 3919 812 3987 Salomonem,
846 3918 935 3972 leucas
966 3934 1033 3973 vero
1064 3934 1116 3987 per

44 3993 153 4069 Nathan3
178 4001 209 4056 in
233 3999 412 4057 Salathielem
439 4006 468 4057 et
491 4002 692 4059 Zerobabelem
716 4001 803 4056 series
828 3999 1026 4070 genealogicae
1050 4015 1115 4056 con·
