2728 4554
566 328 628 390 423

63 490 216 573 producat
244 488 428 569 animam3
460 487 578 553 mulier
607 488 694 554 enim
721 509 787 554 non
814 487 967 571 producit
996 490 1137 556 animam

63 609 118 654 nec
148 594 385 672 consequenter
417 587 625 653 existentiam
657 594 692 653 et
719 587 965 654 subsistentiam
996 588 1037 654 ab
1066 589 1137 673 ipsa

63 687 339 766 animaduertes,
370 685 428 752 sed
449 685 580 765 sufficit,
611 692 650 751 ut
671 708 846 752 concursus
867 687 1014 769 passivus
1035 688 1137 771 ipsius

63 794 93 853 et
122 788 260 854 materia
291 786 333 851 ab
365 786 437 869 ipsa
468 784 614 850 exhibita
642 806 702 867 per
732 785 978 852 subsistentiam
1009 787 1137 852 animae

62 887 226 952 rationalis
255 885 444 951 subsistant.
487 883 532 949 At
560 905 736 950 concursus
763 885 910 968 passivus
937 886 968 950 b.
994 886 1137 969 Virginis

64 991 93 1050 et
110 986 256 1064 materia,
275 1006 372 1068 quam
388 985 460 1066 ipse
478 983 520 1048 ad
537 983 752 1050 humanitatis
770 983 893 1049 Christi
909 985 1137 1051 formationem

63 1084 220 1164 exhibuit,
249 1105 309 1168 per
336 1081 583 1148 subsistentiam
611 1089 645 1147 et
674 1083 882 1148 existentiam
909 1085 1010 1150 Verbi
1037 1084 1137 1149 divini

61 1183 230 1248 terminata
254 1189 340 1248 sunt.
382 1181 442 1246 Est
464 1181 551 1245 enim
579 1179 620 1244 de
641 1177 721 1260 fide,
751 1180 896 1248 Verbum
924 1184 1136 1267 assumpsisse

62 1302 173 1364 corpus
194 1289 228 1347 et
245 1282 388 1346 animam
409 1302 483 1346 oum
504 1279 718 1346 facultatibus
735 1281 755 1344 i.
773 1301 800 1345 e.
818 1282 1010 1348 terminasse
1031 1289 1136 1350 totam

62 1388 207 1446 naturam
234 1381 410 1446 humanam
441 1400 482 1444 ex
509 1380 617 1445 anima
649 1379 804 1445 rationali
835 1387 869 1445 11
895 1403 1030 1464 corpore
1062 1403 1137 1446 eon·

61 1486 206 1545 stantem.
257 1481 306 1545 De
334 1479 400 1544 fide
428 1479 530 1562 igitur
558 1485 621 1558 est,
653 1479 685 1543 b.
707 1478 875 1563 Virginem
903 1501 973 1546 esse
994 1480 1136 1546 Matrem

63 1579 132 1659 Dei,
167 1588 200 1646 et
227 1581 289 1645 hoo
318 1579 452 1646 credere
482 1585 531 1644 est
558 1580 627 1644 rita
654 1584 804 1644 aeterna:
838 1579 932 1662 quia,
962 1587 1000 1644 ut
1027 1580 1136 1663 inquit

62 1677 269 1760 Ephesinum,
313 1685 364 1744 est
402 1677 536 1743 credere
574 1677 741 1744 Christum
782 1678 895 1746 Deum.
958 1679 1020 1758 Qui
1059 1701 1134 1764 ergo

62 1775 88 1839 b.
108 1777 274 1861 Virginem
298 1777 473 1861 Deiparam
494 1798 565 1842 esse
585 1784 698 1861 negat,
728 1785 967 1862 consequenter
987 1785 1022 1844 et
1042 1779 1136 1844 Chri-

62 1881 143 1940 stum
164 1898 233 1942 esse
256 1877 362 1942 Deum
383 1877 526 1960 negabit.

116 1975 329 2042 Lucidissime
346 1976 408 2042 hoc
430 1977 471 2042 de
492 1981 683 2060 argumento
706 1976 838 2043 disserit
859 1977 888 2040 d.
912 1974 1135 2060 Cyrillus:¹)

63 2073 148 2154 ,Etsi
175 2075 328 2141 muheres
356 2076 440 2142 istae
467 2097 533 2141 non
560 2076 624 2141 nisi
644 2082 849 2141 terrenorum
877 2076 942 2150 sint
963 2095 1135 2166 corporum

63 2181 191 2255 matres3
220 2174 429 2241 nihilominus
458 2197 558 2258 quum
585 2181 694 2241 totum
721 2174 843 2240 animal
862 2173 1065 2258 pepererint,
1095 2194 1135 2238 ex

63 2274 162 2339 anima
193 2281 228 2340 et
255 2295 391 2358 corpore
419 2274 649 2357 compositum,
681 2294 748 2340 non
775 2273 878 2340 solam
909 2274 979 2357 ejus
1006 2279 1136 2357 partem

63 2374 219 2454 peperisse
248 2373 409 2439 dicuntur.
458 2371 527 2438 Nec
558 2372 677 2455 aliquis
706 2371 826 2439 dixerit
859 2371 999 2455 exempli
1025 2393 1133 2452 causa,

63 2469 291 2552 Elisabethnm,
331 2479 470 2538 matrem
500 2472 650 2552 Joamris,
692 2473 799 2538 carnis
831 2493 900 2538 esse
932 2472 1134 2556 genitricem,

65 2588 121 2633 non
147 2577 258 2636 autem
279 2571 415 2636 animae.
457 2570 590 2654 Peperit
620 2571 706 2636 enim
733 2571 913 2638 animatum
933 2571 1133 2655 Baptistam3

64 2687 96 2732 11
116 2670 143 2734 11
162 2677 331 2754 tamquam
351 2691 453 2735 unum
474 2669 600 2752 aliquid
621 2690 661 2734 ex
681 2669 816 2749 duobus,
834 2670 1008 2749 hominem,
1026 2671 1135 2736 anima

63 2767 205 2835 uidelicet
235 2791 274 2834 ac
306 2789 450 2852 corpore.
499 2767 694 2850 Hujusmodi
726 2770 893 2853 quippiam
924 2776 1034 2835 actum
1063 2790 1134 2836 esse
1206 2782 1207 2786 ’

63 2862 231 2932 fatebimur
251 2875 287 2933 et
307 2869 340 2932 in
361 2866 583 2932 Emmanuelis
611 2869 829 2951 generatione.
872 2869 999 2954 Quippe
1020 2875 1135 2934 natum

65 2970 120 3043 est,
149 2973 186 3031 ut
208 2967 291 3045 dixi,
322 2987 362 3032 ex
384 2966 446 3031 Dei
465 2966 573 3032 Patris
601 2967 787 3034 substantia
807 2968 1010 3062 unigenitum
1031 2969 1133 3051 ipsius

64 3060 203 3131 Verbum.
245 3065 351 3144 Quum
369 3072 480 3132 autem
501 3087 632 3132 carnem
653 3067 797 3150 suscepit
814 3087 950 3151 eamque
968 3068 1134 3150 propriam

63 3161 119 3226 sibi
137 3163 231 3244 fecit,
262 3171 301 3229 ut
313 3164 407 3238 ‚filius
427 3165 568 3230 hominis
596 3171 684 3231 esset
702 3187 741 3230 ac
762 3165 876 3231 similis
897 3166 1001 3232 nostri
1021 3164 1133 3245 fieret;

65 3264 134 3326 tunc
160 3264 292 3329 minime
324 3271 375 3329 est
402 3263 579 3330 absurdum
611 3265 718 3344 dictu,
750 3264 815 3330 imo
847 3265 1030 3331 necessario
1058 3275 1134 3349 pro*

65 3356 226 3442 fitendum,
259 3362 353 3428 illum
381 3384 420 3428 ex
447 3363 584 3430 muliere
613 3363 791 3429 secundum
822 3385 954 3430 carnem
982 3384 1052 3429 esse
1080 3384 1134 3447 ge-

64 3455 172 3540 nitum;
195 3460 469 3545 quemadmodum
492 3468 526 3526 et
544 3461 682 3527 hominis
701 3462 810 3528 anima
827 3485 892 3528 una
910 3484 984 3529 cum
1000 3461 1133 3546 proprio

66 3575 188 3640 corpore
220 3560 365 3644 gignitur
396 3567 431 3626 et
463 3582 565 3626 unum
596 3583 670 3626 eum
702 3581 739 3626 eo
772 3569 961 3645 reputatur,
1001 3561 1134 3627 tametsi

66 3662 173 3723 natura
200 3659 406 3743 intelligetur
434 3666 468 3726 et
494 3661 539 3725 sit
566 3660 607 3726 ab
637 3682 674 3726 eo
704 3661 831 3725 diversa
857 3659 1034 3726 secundum
1059 3681 1134 3744 pro·

66 3754 158 3832 priam
177 3759 369 3825 11111111.α
412 3760 464 3825 Ita
486 3759 636 3843 Gyrillus.

124 3974 142 4039 ¹)
157 3975 188 4029 11
206 3977 324 4046 epistole
339 3976 375 4030 ad
392 3973 550 4031 1111111111.
