2718 4556
567 364 627 423 279

68 525 172 590 erroris
192 523 346 608 laqueum
366 522 459 588 nobis
480 522 629 606 injicere,
652 523 729 588 fidei
751 524 903 590 videlicet
924 525 958 589 in
978 523 1051 605 illo,
1081 548 1133 591 ca-

67 626 175 690 stitatis
202 625 237 688 in
258 623 331 702 illa,
360 622 532 687 veritatem
558 623 593 686 in
621 615 838 706 suspicionem
865 624 1043 689 adducere:
1075 625 1134 692 sed

66 725 147 788 valde
172 722 351 807 prudenter
381 728 414 787 et
444 722 497 804 pie
526 721 651 786 factum
683 730 733 787 est
760 745 820 806 per
848 725 1062 802 contrarium,
1096 733 1134 790 ut

66 824 139 887 unde
166 823 376 888 metuebatur
404 821 560 903 suspicio,
591 820 685 886 firma
714 821 758 886 sit
778 817 950 887 certitudo
994 823 1078 888 Nam
1100 831 1133 888 et
1194 821 1196 826 ’

67 923 99 986 de
126 923 198 986 Filii
230 920 468 1000 resurrectione
512 920 633 984 certius
678 921 809 1003 quidem
846 944 904 1005 ego
944 923 1015 1006 (qui
1045 921 1133 986 infir-

66 1044 126 1086 mus
142 1022 223 1104 sum)
246 1019 440 1084 crediderim
460 1019 601 1084 Thomae
624 1020 790 1085 dubitanti
811 1027 845 1085 11
860 1022 1016 1104 palpanti,
1036 1043 1133 1104 quarn
1183 1019 1198 1044 ‘

65 1119 148 1185 Petro
184 1120 330 1185 audienti
368 1126 402 1184 et
435 1117 600 1198 'credenti;
639 1126 672 1184 et
703 1119 743 1184 de
780 1121 895 1185 matris
932 1121 1133 1185 continentia

66 1219 179 1284 facilius
202 1240 320 1302 sponso
349 1219 417 1301 ejus
444 1219 644 1282 custodienti
671 1225 704 1283 et
727 1220 920 1302 experienti,
951 1241 1049 1302 quam
1070 1219 1133 1301 ipsi

67 1339 181 1400 quoque
212 1317 330 1400 virgini
366 1318 405 1381 dc
438 1339 498 1382 sua
531 1318 600 1382 sola
637 1319 835 1383 conscientia
868 1341 901 1383 se
934 1318 1130 1383 defendenti.

67 1415 119 1480 Dic
139 1417 220 1480 enim
242 1438 377 1499 quaeso,
408 1417 480 1499 quis
508 1438 580 1480 eam
608 1416 719 1482 videns
749 1417 977 1500 desponsatam
1007 1424 1040 1481 et
1061 1439 1132 1499 gra-

66 1514 173 1593 vidam,
201 1537 267 1579 non
294 1516 405 1598 potius
434 1516 558 1579 diceret
587 1522 796 1594 temeratam,
827 1538 925 1598 quam
945 1516 1133 1598 Virginem?

66 1613 129 1677 Non
148 1622 257 1680 autem
278 1615 431 1693 decebat,
462 1615 522 1679 hoc
545 1613 611 1679 dici
632 1615 672 1678 de
694 1622 798 1679 matre
821 1615 960 1679 Domini.
1003 1615 1133 1678 Tolera-

66 1710 151 1778 bilius
177 1736 252 1778 rero
282 1720 316 1778 et
343 1714 511 1778 honestius
540 1713 604 1779 fuit
633 1715 758 1797 putari,
795 1713 960 1779 Christum
989 1714 1028 1777 de
1057 1736 1132 1778 con-

64 1811 142 1892 jugio
162 1812 261 1876 fuisse
283 1818 406 1891 natum,
430 1834 528 1894 quam
550 1812 588 1876 de
610 1812 857 1877 fornicatione.“
899 1813 989 1877 Haec
1009 1812 1133 1876 Doctor

67 1909 235 1975 Mellifluus.
1031 1974 1033 1980 .

119 2031 142 2073 c.
178 2011 229 2074 Ut
260 2009 480 2074 tolleretur
515 2009 720 2074 excusatio
753 2009 992 2092 virginibus,
1032 2029 1132 2091 quae

67 2116 219 2190 propter
256 2130 364 2173 suam
402 2109 597 2173 incuriam
635 2130 710 2172 non
748 2109 880 2182 vitant
917 2109 1130 2172 infamiam.

67 2205 215 2290 Virgines,
255 2208 284 2272 si
322 2208 450 2291 quando
487 2207 741 2285 infamarentur,
780 2228 814 2271 se
851 2209 939 2290 ipsas
972 2207 1133 2272 consolari

67 2307 236 2385 potuissent
278 2308 437 2386 dicentes,
482 2307 582 2371 etiam
620 2306 843 2370 beatissimam
883 2307 1051 2390 Virginem
1076 2303 1131 2369 'de

67 2401 268 2471 fornicatione
290 2405 486 2478 infamatam
501 2405 611 2486 fuisse.
655 2405 748 2487 ,Non
769 2427 843 2470 vero
867 2406 991 2485 decuit,
1019 2405 1133 2470 scribit

68 2522 87 2564 s.
107 2504 375 2587 ambrosius,1)
404 2505 581 2588 virginibus
610 2505 743 2570 sinistra
771 2503 923 2586 opinione
950 2504 1132 2570 viventibus
1200 2539 1201 2542 ¹

68 2603 198 2669 velamen
219 2605 438 2670 excusationis
459 2604 615 2688 relinqui,
639 2603 726 2687 quod
746 2602 905 2668 infamata
926 2610 1032 2668 mater
1054 2624 1132 2686 quo-

69 2721 120 2782 que
140 2703 269 2768 Domini
289 2703 485 2768 videretur.“
1177 2712 1179 2716 ’

120 2802 146 2865 d.
182 2803 281 2880 Quia
300 2824 378 2886 'per
405 2802 478 2868 hoc
508 2803 734 2886 conjugium
762 2800 1023 2885 significatur
1050 2800 1132 2864 uni-

68 2920 167 2966 versa
183 2902 375 2981 Ecclesia,
398 2925 502 2985 ,quae
520 2925 620 2986 quum
635 2903 725 2985 virgo
742 2902 793 2980 sit,
810 2901 1006 2984 desponsata
1020 2907 1132 2964 tamen

70 3005 110 3063 est
138 3003 192 3065 uni
222 3003 291 3066 viro
321 3002 485 3081 Christ0,“
517 3009 556 3067 ut
587 3003 616 3067 d.
646 3001 821 3085 Augustini
852 2998 959 3064 verbis
991 3005 1130 3062 utamur.

69 3095 199 3166 Ecclesia
225 3101 377 3184 ,profecto
410 3103 506 3167 simul
539 3109 572 3166 et
604 3108 710 3166 mater
743 3108 776 3165 et
807 3100 896 3182 virgo
930 3104 994 3162 est:
1028 3104 1134 3163 mater

70 3197 185 3277 quidem
205 3201 441 3283 propagatione
471 3207 504 3264 et
525 3201 733 3282 generatione
754 3197 914 3276 fidelium,
945 3218 1026 3280 quos
1047 3218 1133 3279 aqua

70 3292 209 3378 baptismi
230 3299 325 3382 quasi
350 3305 444 3362 utero
472 3319 530 3363 suo
552 3299 710 3381 parturit-3
739 3299 828 3382 virgo
855 3304 966 3362 autem
987 3295 1065 3360 fidei
1084 3297 1132 3360 in-

71 3399 293 3464 contaminatae
322 3396 532 3481 professione.
584 3398 691 3476 Quare
723 3397 766 3462 ad
797 3387 1044 3480 significandum
1071 3394 1133 3460 hoc

71 3497 175 3574 grande
212 3498 403 3580 mysterium
442 3519 508 3562 non
544 3498 654 3580 potuit
691 3491 830 3562 inveniri
868 3496 970 3579 magis
992 3495 1132 3574 idonea,

72 3612 156 3672 quam
175 3596 294 3675 Maria,
326 3618 409 3679 quac
433 3596 529 3662 simul
550 3596 652 3662 fuerit
674 3604 708 3662 et
728 3598 817 3680 virgo
847 3603 881 3662 et
902 3603 1015 3661 mater.
1059 3594 1134 3660 Pul-

73 3690 211 3761 cherrima
248 3696 292 3761 ad
328 3717 397 3760 rem
436 3695 666 3761 animadvertit
706 3697 735 3761 d.
769 3696 1053 3780 Augustinusi)
1093 3695 1133 3760 de

121 3928 143 4062 ἐ)
161 3927 219 3984 Lib.
235 3932 251 3982 2
265 3928 295 3982 in
310 3928 376 3984 Luc.
392 3945 435 3997 cp.
450 3931 473 3985 1.
505 3930 527 3996 ²)
544 3927 605 3983 Lib.
624 3927 658 3982 de
676 3933 773 3983 sancta
785 3927 917 3996 Virginit.
950 3927 971 3995 8)
988 3925 1134 3982 Enchirid.

71 4019 107 4073 cp.
137 4012 248 4067 41110.
1025 4009 1029 4018 “
