2730 4564
753 355 811 414 156

201 540 204 546 ·
238 515 436 600 potentiam,
469 491 664 597 sapientiam
696 522 730 582 et
757 515 939 580 bonitatem
970 514 1004 578 in
1031 514 1093 580 hoo
1120 517 1240 581 mundo
1270 517 1310 580 in·

238 615 358 680 feriore
380 615 580 678 relucentem
607 615 827 694 observemus,
858 620 981 697 quanto
1008 615 1109 698 magis
1131 615 1311 680 sublimissi-

237 737 327 781 mum
347 712 429 778 illud
444 713 689 796 Redemptionis
711 721 843 779 nostrae
865 714 1055 796 mysterium
1077 721 1112 779 et
1128 716 1310 798 potentian,

170 879 171 882 ,
238 815 431 897 sapientiam
458 835 496 877 ac
517 813 708 879 bonitatem
722 815 783 878 Dei
810 814 936 896 inipso
964 814 1228 897 resplendentem
1247 835 1312 879 con-

238 913 416 978 sideremus
445 919 603 996 gratoque
630 913 853 996 praedicemus
882 918 1016 995 pectore
1045 913 1220 996 oportebit.
1269 913 1312 976 In-

239 1013 405 1095 quiramus
442 1033 518 1094 ergo
553 1013 762 1090 rationes,
799 1033 858 1096 cur
890 1011 978 1076 Deus
1015 1034 1035 1076 a
1066 1013 1201 1095 Virgine
1232 1011 1312 1076 nasci

238 1111 386 1176 voluerit.
432 1111 578 1176 Docebat
597 1112 752 1176 nativitas
775 1132 815 1174 ex
835 1111 969 1190 Virgine

304 1215 329 1273 1.
369 1208 410 1274 ob
446 1209 639 1292 insignes
676 1208 948 1291 virginitatis
985 1210 1311 1293 praerogativas.

240 1308 418 1392 „Concepit
438 1309 536 1391 virgo,
557 1309 671 1374 scribit
692 1331 716 1372 s.
740 1308 1044 1392 Chrysalogns,¹)
1067 1309 1155 1391 virgo
1178 1308 1312 1397 peperit3

236 1429 302 1472 non
330 1414 364 1472 te
393 1413 567 1489 conceptus
596 1409 724 1486 turbet,
757 1415 872 1491 partus
901 1414 935 1471 te
964 1429 1028 1472 non
1057 1408 1237 1473 'confundat
1264 1429 1312 1471 au·

239 1507 342 1586 ditus,
384 1505 513 1589 quando
549 1507 716 1589 virginitas
751 1506 910 1590 quidquid
942 1513 993 1571 cst
1024 1505 1158 1571 humani
1189 1506 1312 1590 pudoris

239 1612 381 1671 excusat.
441 1607 507 1670 Aut
544 1626 628 1687 quae
668 1605 714 1668 ibi
752 1605 966 1669 verecundiae
1004 1605 1121 1684 laesio,
1164 1606 1223 1670 ubi
1259 1603 1312 1669 init

238 1706 343 1770 deitas
365 1727 439 1769 cum
460 1705 564 1769 amica
585 1705 647 1768 sibi
670 1725 796 1786 semper
817 1704 1007 1787 integritate
1033 1703 1241 1781 consortium,
1264 1701 1312 1766 ubi

239 1811 289 1870 est
310 1806 472 1887 interpres
494 1804 636 1887 angelus,
659 1803 738 1868 fides
760 1803 924 1886 pronuba,
948 1804 1155 1888 desponsatio
1178 1803 1311 1878 castitas,

239 1904 371 1983 donatio
393 1903 511 1980 virtus,
538 1903 639 1985 judex
661 1903 875 1981 conscientia,
899 1924 997 1967 causa
1019 1903 1121 1982 Deris,
1146 1909 1312 1985 conceptus

171 2030 173 2035 ·
238 2003 423 2085 integritas,
455 2001 623 2084 virginitas
650 2007 778 2084 partus,
808 2001 897 2084 virgo
926 2002 1062 2066 mater.“
1112 2001 1313 2084 Congruebat

237 2123 348 2184 porr0,
378 2108 417 2165 ut
437 2101 633 2182 virginitatis
661 2101 847 2165 institutum
876 2107 973 2164 antea
994 2101 1188 2164 inusitatum
1211 2106 1243 2164 et
1264 2099 1313 2163 Ju-

238 2191 328 2264 daeis
361 2199 460 2264 etiam
487 2199 658 2280 permultis
689 2200 883 2282 probrosum
913 2205 989 2281 post
1019 2206 1133 2272 natum
1161 2199 1313 2280 Redemp-

238 2305 343 2364 torem
380 2297 556 2381 gratiosius
594 2298 688 2363 fieret
726 2299 760 2362 in
791 2298 938 2362 Ecclesia
973 2319 1011 2362 ac
1050 2297 1220 2362 illustrius.
1271 2297 1313 2362 Ex

239 2397 388 2462 omnibus
422 2398 524 2480 igitur
560 2398 750 2462 mulieribus
781 2396 921 2462 Matrem
956 2397 1018 2460 sibi
1054 2397 1153 2480 clegit
1184 2397 1313 2461 Mariam

238 2497 434 2580 virginitatis
466 2497 587 2561 virtute
627 2497 748 2578 optime
781 2495 967 2561 decoratam
1004 2502 1038 2561 et
1070 2517 1141 2560 eam
1174 2495 1313 2560 maximis

238 2595 410 2660 honoravit
437 2595 615 2678 honoribus
647 2595 825 2678 gratiisque
853 2594 1095 2677 pretiosissimis
1123 2616 1188 2659 non
1217 2595 1312 2659 solum

238 2695 271 2759 in
294 2695 405 2760 orbem
434 2695 647 2773 descendens,
679 2694 857 2758 sedetiam
887 2715 926 2758 ex
954 2695 1010 2758 illo
1027 2683 1224 2767 'disoedcnffi
1257 2694 1312 2756 vir·

183 2865 185 2869 ,
239 2795 345 2877 ginem
359 2795 444 2858 enim
458 2794 581 2877 uirgini,
596 2794 754 2876 discipulo
768 2815 826 2857 suo
840 2793 1058 2870 dilectissimo,
1075 2792 1311 2856 commendavit.

301 2893 449 2958 Christus
482 2893 638 2957 Dominus
676 2914 754 2956 uum
790 2892 910 2956 clarius
948 2891 1118 2956 ostendere
1150 2892 1311 2974 potuisset,

239 2998 380 3075 quantus
399 2992 443 3056 sit
459 2998 586 3056 amator
603 2992 807 3074 virginitatis,
825 3012 987 3074 quamque
1004 2990 1148 3073 pretiosa
1166 2991 1201 3054 in
1219 2989 1312 3054 oeulis

239 3091 302 3156 Dei
333 3092 440 3156 anima
472 3091 543 3169 illa,
576 3113 659 3174 quae
692 3098 726 3155 et
754 3098 862 3155 monte
895 3097 929 3154 et
961 3110 1095 3172 corpore
1129 3097 1180 3155 est
1210 3088 1313 3171 virgo?

239 3191 457 3274 „Diligamus,
491 3190 643 3255 horta-tur
674 3190 747 3254 ideo
780 3189 1010 3254 celeberrimus
1038 3188 1312 3271 Hipponensis

238 3291 474 3371 Antistes,²)
506 3290 678 3373 diligamus
701 3290 903 3368 castitatem,
934 3288 1024 3371 quia,
1056 3295 1093 3352 ut
1113 3287 1198 3353 hanc
1218 3288 1313 3353 solam

238 3388 368 3470 placere
391 3389 478 3454 Deus
500 3389 672 3468 indicaret,
695 3389 887 3473 pudicitiam
908 3388 995 3453 uteri
1015 3387 1192 3470 Virginalis
1206 3388 1312 3472 elegit.

240 3487 388 3553 Christus
411 3509 486 3570 ergo
504 3488 608 3553 voluit
624 3488 744 3552 habere
761 3488 900 3553 Matrem
916 3487 1090 3569 Virginem,
1110 3495 1148 3552 ut
1165 3488 1311 3562 homines,

240 3585 317 3650 dum
347 3587 568 3670 virginitatem
605 3589 638 3651 in
670 3594 798 3652 tantam
835 3587 956 3673 elatam
990 3584 1145 3650 vidissent
1177 3585 1313 3651 sublimi-

239 3692 358 3765 tatem,
397 3708 469 3751 eam
500 3708 629 3770 quoque
662 3686 966 3770 amplecterentur.“
1021 3685 1191 3766 ,Christus
1221 3685 1311 3766 virgo,

306 3920 325 3986 ¹)
343 3919 429 3974 Serm.
448 3917 600 3985 CXLVlll,
619 3918 654 3974 de
671 3917 874 3974 lucernarionis
892 3925 1073 3973 sacramento.
1115 3919 1136 3985 2)
1154 3916 1239 3971 Serm.
1258 3913 1313 3972 Vll·

239 4000 273 4055 de
291 4001 452 4056 Nativitate.
491 4079 493 4084 ,
845 4001 847 4006 '
