<?xml version="1.0" encoding="UTF-8"?>
<!DOCTYPE html PUBLIC "-//W3C//DTD XHTML 1.0 Transitional//EN"
    "http://www.w3.org/TR/xhtml1/DTD/xhtml1-transitional.dtd">
<html xmlns="http://www.w3.org/1999/xhtml" xml:lang="en" lang="en">
 <head>
  <title>
</title>
<meta http-equiv="Content-Type" content="text/html;charset=utf-8" />
  <meta name='ocr-system' content='tesseract 3.04.00' />
  <meta name='ocr-capabilities' content='ocr_page ocr_carea ocr_par ocr_line ocrx_word'/>
</head>
<body>
  <div class='ocr_page' id='page_1' title='image "./mariologiaseupo00stamgoog_0555.png"; bbox 0 0 2772 4550; ppageno 0'>
   <div class='ocr_carea' id='block_1_1' title="bbox 580 362 637 421">
    <p class='ocr_par' dir='ltr' id='par_1_1' title="bbox 580 362 637 421">
     <span class='ocr_line' id='line_1_1' title="bbox 580 362 637 421; baseline -0.018 0"><span class='ocrx_word' id='word_1_1' title='bbox 580 362 637 421; x_wconf 80' lang='lat'>531</span> 
     </span>
    </p>
   </div>
   <div class='ocr_carea' id='block_1_2' title="bbox 61 519 1150 903">
    <p class='ocr_par' dir='ltr' id='par_1_2' title="bbox 61 519 1150 903">
     <span class='ocr_line' id='line_1_2' title="bbox 64 519 1150 603; baseline 0.004 -17"><span class='ocrx_word' id='word_1_2' title='bbox 64 521 146 603; x_wconf 86' lang='lat' dir='ltr'>quia</span> <span class='ocrx_word' id='word_1_3' title='bbox 175 521 209 584; x_wconf 93' lang='lat' dir='ltr'>in</span> <span class='ocrx_word' id='word_1_4' title='bbox 241 519 298 584; x_wconf 88' lang='lat' dir='ltr'>illa</span> <span class='ocrx_word' id='word_1_5' title='bbox 335 527 386 584; x_wconf 83' lang='lat' dir='ltr'>est</span> <span class='ocrx_word' id='word_1_6' title='bbox 417 520 501 585; x_wconf 88' lang='lat' dir='ltr'>ratio</span> <span class='ocrx_word' id='word_1_7' title='bbox 538 520 698 603; x_wconf 78' lang='lat' dir='ltr'>quaedam</span> <span class='ocrx_word' id='word_1_8' title='bbox 730 522 845 601; x_wconf 89' lang='lat' dir='ltr'>medii,</span> <span class='ocrx_word' id='word_1_9' title='bbox 882 523 979 588; x_wconf 86' lang='lat' dir='ltr'>sicuti</span> <span class='ocrx_word' id='word_1_10' title='bbox 1011 523 1150 590; x_wconf 88' lang='lat' dir='ltr'>officium</span> 
     </span>
     <span class='ocr_line' id='line_1_3' title="bbox 64 618 1150 704; baseline 0.003 -19"><span class='ocrx_word' id='word_1_11' title='bbox 64 620 233 704; x_wconf 83' lang='lat' dir='ltr'><strong>quoddam</strong></span> <span class='ocrx_word' id='word_1_12' title='bbox 261 619 485 702; x_wconf 85' lang='lat' dir='ltr'>conjungendi.</span> <span class='ocrx_word' id='word_1_13' title='bbox 534 618 643 684; x_wconf 89' lang='lat' dir='ltr'>Media</span> <span class='ocrx_word' id='word_1_14' title='bbox 671 621 759 684; x_wconf 87' lang='lat' dir='ltr'>inter</span> <span class='ocrx_word' id='word_1_15' title='bbox 787 642 846 686; x_wconf 89' lang='lat' dir='ltr'>nos</span> <span class='ocrx_word' id='word_1_16' title='bbox 874 628 908 686; x_wconf 91' lang='lat' dir='ltr'>et</span> <span class='ocrx_word' id='word_1_17' title='bbox 933 623 1150 689; x_wconf 84' lang='lat' dir='ltr'>mediatorem</span> 
     </span>
     <span class='ocr_line' id='line_1_4' title="bbox 63 718 1148 803; baseline 0.005 -20"><span class='ocrx_word' id='word_1_18' title='bbox 63 726 223 803; x_wconf 88' lang='lat' dir='ltr'>apparet,</span> <span class='ocrx_word' id='word_1_19' title='bbox 254 719 332 802; x_wconf 88' lang='lat' dir='ltr'>quia</span> <span class='ocrx_word' id='word_1_20' title='bbox 361 725 412 782; x_wconf 89' lang='lat' dir='ltr'>est</span> <span class='ocrx_word' id='word_1_21' title='bbox 440 718 595 782; x_wconf 84' lang='lat' dir='ltr'>distincta</span> <span class='ocrx_word' id='word_1_22' title='bbox 624 726 657 783; x_wconf 89' lang='lat' dir='ltr'>et</span> <span class='ocrx_word' id='word_1_23' title='bbox 685 719 726 783; x_wconf 90' lang='lat' dir='ltr'>ab</span> <span class='ocrx_word' id='word_1_24' title='bbox 756 719 812 784; x_wconf 92' lang='lat' dir='ltr'>illo</span> <span class='ocrx_word' id='word_1_25' title='bbox 843 729 876 784; x_wconf 89' lang='lat' dir='ltr'>et</span> <span class='ocrx_word' id='word_1_26' title='bbox 904 742 925 784; x_wconf 91' lang='lat' dir='ltr'>a</span> <span class='ocrx_word' id='word_1_27' title='bbox 951 722 1055 787; x_wconf 89' lang='lat' dir='ltr'>nobis.</span> <span class='ocrx_word' id='word_1_28' title='bbox 1098 724 1148 788; x_wconf 89' lang='lat' dir='ltr'>Ab</span> 
     </span>
     <span class='ocr_line' id='line_1_5' title="bbox 61 816 1148 903; baseline 0.005 -21"><span class='ocrx_word' id='word_1_29' title='bbox 61 819 140 897; x_wconf 90' lang='lat' dir='ltr'>illo,</span> <span class='ocrx_word' id='word_1_30' title='bbox 171 840 271 902; x_wconf 90' lang='lat' dir='ltr'>quum</span> <span class='ocrx_word' id='word_1_31' title='bbox 299 818 386 882; x_wconf 90' lang='lat' dir='ltr'>dona</span> <span class='ocrx_word' id='word_1_32' title='bbox 414 816 483 899; x_wconf 89' lang='lat' dir='ltr'>ejus</span> <span class='ocrx_word' id='word_1_33' title='bbox 512 818 578 881; x_wconf 86' lang='lat' dir='ltr'>sint</span> <span class='ocrx_word' id='word_1_34' title='bbox 599 817 725 882; x_wconf 86' lang='lat' dir='ltr'>infinite</span> <span class='ocrx_word' id='word_1_35' title='bbox 747 819 874 883; x_wconf 87' lang='lat' dir='ltr'>minora</span> <span class='ocrx_word' id='word_1_36' title='bbox 895 819 987 884; x_wconf 89' lang='lat' dir='ltr'>donis</span> <span class='ocrx_word' id='word_1_37' title='bbox 1009 821 1148 903; x_wconf 87' lang='lat' dir='ltr'>Christi;</span> 
     </span>
    </p>
   </div>
   <div class='ocr_carea' id='block_1_3' title="bbox 61 916 1150 1892">
    <p class='ocr_par' dir='ltr' id='par_1_3' title="bbox 61 916 1150 1892">
     <span class='ocr_line' id='line_1_6' title="bbox 62 916 1149 1002; baseline 0.006 -20"><span class='ocrx_word' id='word_1_38' title='bbox 62 941 82 982; x_wconf 86' lang='lat' dir='ltr'>a</span> <span class='ocrx_word' id='word_1_39' title='bbox 105 917 218 996; x_wconf 84' lang='lat' dir='ltr'>nobis3</span> <span class='ocrx_word' id='word_1_40' title='bbox 241 917 311 999; x_wconf 87' lang='lat' dir='ltr'>ejus</span> <span class='ocrx_word' id='word_1_41' title='bbox 333 916 419 980; x_wconf 91' lang='lat' dir='ltr'>enim</span> <span class='ocrx_word' id='word_1_42' title='bbox 438 916 595 980; x_wconf 79' lang='lat' dir='ltr'>sanctitas</span> <span class='ocrx_word' id='word_1_43' title='bbox 617 917 761 981; x_wconf 85' lang='lat' dir='ltr'>omnium</span> <span class='ocrx_word' id='word_1_44' title='bbox 780 919 977 1002; x_wconf 83' lang='lat' dir='ltr'>Angelorum</span> <span class='ocrx_word' id='word_1_45' title='bbox 999 928 1034 987; x_wconf 88' lang='lat' dir='ltr'>et</span> <span class='ocrx_word' id='word_1_46' title='bbox 1051 922 1149 988; x_wconf 88' lang='lat' dir='ltr'>Sanc·</span> 
     </span>
     <span class='ocr_line' id='line_1_7' title="bbox 62 1015 1147 1102; baseline 0.006 -22"><span class='ocrx_word' id='word_1_47' title='bbox 62 1027 185 1094; x_wconf 87' lang='lat' dir='ltr'>torum,</span> <span class='ocrx_word' id='word_1_48' title='bbox 209 1038 229 1080; x_wconf 91' lang='lat' dir='ltr'>a</span> <span class='ocrx_word' id='word_1_49' title='bbox 249 1015 380 1080; x_wconf 82' lang='lat' dir='ltr'>fortiori</span> <span class='ocrx_word' id='word_1_50' title='bbox 401 1015 610 1079; x_wconf 81' lang='lat' dir='ltr'>sanctitatem</span> <span class='ocrx_word' id='word_1_51' title='bbox 632 1023 778 1081; x_wconf 88' lang='lat' dir='ltr'>nostram</span> <span class='ocrx_word' id='word_1_52' title='bbox 799 1018 983 1100; x_wconf 84' lang='lat' dir='ltr'>longissime</span> <span class='ocrx_word' id='word_1_53' title='bbox 1005 1029 1147 1102; x_wconf 90' lang='lat' dir='ltr'>superat.</span> 
     </span>
     <span class='ocr_line' id='line_1_8' title="bbox 61 1112 1148 1202; baseline 0.006 -24"><span class='ocrx_word' id='word_1_54' title='bbox 61 1116 236 1179; x_wconf 86' lang='lat' dir='ltr'>Invenitur</span> <span class='ocrx_word' id='word_1_55' title='bbox 257 1115 357 1179; x_wconf 89' lang='lat' dir='ltr'>etiam</span> <span class='ocrx_word' id='word_1_56' title='bbox 379 1115 413 1177; x_wconf 89' lang='lat' dir='ltr'>in</span> <span class='ocrx_word' id='word_1_57' title='bbox 441 1113 498 1178; x_wconf 93' lang='lat' dir='ltr'>illa</span> <span class='ocrx_word' id='word_1_58' title='bbox 520 1112 657 1178; x_wconf 86' lang='lat' dir='ltr'>officium</span> <span class='ocrx_word' id='word_1_59' title='bbox 680 1115 808 1180; x_wconf 85' lang='lat' dir='ltr'>Christo</span> <span class='ocrx_word' id='word_1_60' title='bbox 837 1138 895 1181; x_wconf 92' lang='lat' dir='ltr'>nos</span> <span class='ocrx_word' id='word_1_61' title='bbox 924 1119 1148 1202; x_wconf 81' lang='lat' dir='ltr'>conjungendi,</span> 
     </span>
     <span class='ocr_line' id='line_1_9' title="bbox 62 1213 1148 1298; baseline 0.004 -19"><span class='ocrx_word' id='word_1_62' title='bbox 62 1217 146 1298; x_wconf 91' lang='lat' dir='ltr'>quia</span> <span class='ocrx_word' id='word_1_63' title='bbox 174 1214 296 1280; x_wconf 82' lang='lat' dir='ltr'>Christi</span> <span class='ocrx_word' id='word_1_64' title='bbox 327 1213 485 1278; x_wconf 90' lang='lat' dir='ltr'>beneficia</span> <span class='ocrx_word' id='word_1_65' title='bbox 521 1213 669 1278; x_wconf 90' lang='lat' dir='ltr'>manibus</span> <span class='ocrx_word' id='word_1_66' title='bbox 698 1214 822 1279; x_wconf 90' lang='lat' dir='ltr'>Mariae</span> <span class='ocrx_word' id='word_1_67' title='bbox 854 1216 947 1281; x_wconf 91' lang='lat' dir='ltr'>nobis</span> <span class='ocrx_word' id='word_1_68' title='bbox 976 1217 1148 1296; x_wconf 84' lang='lat' dir='ltr'>donantur,</span> 
     </span>
     <span class='ocr_line' id='line_1_10' title="bbox 61 1311 989 1398; baseline 0.001 -20"><span class='ocrx_word' id='word_1_69' title='bbox 61 1323 137 1378; x_wconf 88' lang='lat' dir='ltr'>tum</span> <span class='ocrx_word' id='word_1_70' title='bbox 159 1314 237 1396; x_wconf 91' lang='lat' dir='ltr'>quia</span> <span class='ocrx_word' id='word_1_71' title='bbox 258 1313 365 1395; x_wconf 89' lang='lat' dir='ltr'>ipsum</span> <span class='ocrx_word' id='word_1_72' title='bbox 386 1311 601 1377; x_wconf 85' lang='lat' dir='ltr'>Mediatorem</span> <span class='ocrx_word' id='word_1_73' title='bbox 624 1333 682 1394; x_wconf 90' lang='lat' dir='ltr'>per</span> <span class='ocrx_word' id='word_1_74' title='bbox 704 1334 776 1378; x_wconf 89' lang='lat' dir='ltr'>eam</span> <span class='ocrx_word' id='word_1_75' title='bbox 797 1316 989 1398; x_wconf 89' lang='lat' dir='ltr'>accepimus.</span> 
     </span>
     <span class='ocr_line' id='line_1_11' title="bbox 128 1411 1150 1495; baseline 0.003 -18"><span class='ocrx_word' id='word_1_76' title='bbox 128 1411 397 1495; x_wconf 88' lang='lat' dir='ltr'>Locupletissime</span> <span class='ocrx_word' id='word_1_77' title='bbox 427 1411 467 1475; x_wconf 90' lang='lat' dir='ltr'>de</span> <span class='ocrx_word' id='word_1_78' title='bbox 489 1411 549 1475; x_wconf 91' lang='lat' dir='ltr'>hac</span> <span class='ocrx_word' id='word_1_79' title='bbox 579 1433 602 1474; x_wconf 91' lang='lat' dir='ltr'>s.</span> <span class='ocrx_word' id='word_1_80' title='bbox 627 1412 790 1494; x_wconf 89' lang='lat' dir='ltr'>Deiparae</span> <span class='ocrx_word' id='word_1_81' title='bbox 812 1412 973 1495; x_wconf 85' lang='lat' dir='ltr'>dignitate</span> <span class='ocrx_word' id='word_1_82' title='bbox 995 1414 1150 1480; x_wconf 82' lang='lat' dir='ltr'>disseruit</span> 
     </span>
     <span class='ocr_line' id='line_1_12' title="bbox 63 1503 1149 1595; baseline 0.005 -21"><span class='ocrx_word' id='word_1_83' title='bbox 63 1535 86 1575; x_wconf 88' lang='lat' dir='ltr'>s.</span> <span class='ocrx_word' id='word_1_84' title='bbox 120 1510 359 1576; x_wconf 90' lang='lat' dir='ltr'>Bernardus.</span> <span class='ocrx_word' id='word_1_85' title='bbox 414 1511 497 1592; x_wconf 82' lang='lat' dir='ltr'>„Qui</span> <span class='ocrx_word' id='word_1_86' title='bbox 529 1511 680 1593; x_wconf 83' lang='lat' dir='ltr'>indignus</span> <span class='ocrx_word' id='word_1_87' title='bbox 710 1533 796 1591; x_wconf 87' lang='lat' dir='ltr'>eras,</span> <span class='ocrx_word' id='word_1_88' title='bbox 829 1503 977 1595; x_wconf 87' lang='lat' dir='ltr'>inquit‚¹)</span> <span class='ocrx_word' id='word_1_89' title='bbox 1010 1515 1063 1578; x_wconf 91' lang='lat' dir='ltr'>cui</span> <span class='ocrx_word' id='word_1_90' title='bbox 1093 1515 1149 1580; x_wconf 94' lang='lat' dir='ltr'>do·</span> 
     </span>
     <span class='ocr_line' id='line_1_13' title="bbox 62 1610 1149 1694; baseline 0.001 -18"><span class='ocrx_word' id='word_1_91' title='bbox 62 1617 204 1676; x_wconf 83' lang='lat' dir='ltr'>naretur</span> <span class='ocrx_word' id='word_1_92' title='bbox 225 1610 306 1691; x_wconf 89' lang='lat' dir='ltr'>(scil.</span> <span class='ocrx_word' id='word_1_93' title='bbox 331 1610 509 1692; x_wconf 83' lang='lat' dir='ltr'>Christus),</span> <span class='ocrx_word' id='word_1_94' title='bbox 539 1610 653 1674; x_wconf 86' lang='lat' dir='ltr'>datum</span> <span class='ocrx_word' id='word_1_95' title='bbox 681 1618 732 1675; x_wconf 89' lang='lat' dir='ltr'>est</span> <span class='ocrx_word' id='word_1_96' title='bbox 752 1610 891 1690; x_wconf 90' lang='lat' dir='ltr'>Mariae,</span> <span class='ocrx_word' id='word_1_97' title='bbox 922 1619 960 1676; x_wconf 95' lang='lat' dir='ltr'>ut</span> <span class='ocrx_word' id='word_1_98' title='bbox 979 1633 1039 1694; x_wconf 91' lang='lat' dir='ltr'>per</span> <span class='ocrx_word' id='word_1_99' title='bbox 1059 1611 1149 1677; x_wconf 91' lang='lat' dir='ltr'>illam</span> 
     </span>
     <span class='ocr_line' id='line_1_14' title="bbox 61 1709 1150 1794; baseline 0.001 -19"><span class='ocrx_word' id='word_1_100' title='bbox 61 1711 248 1793; x_wconf 85' lang='lat' dir='ltr'>acciperes,</span> <span class='ocrx_word' id='word_1_101' title='bbox 279 1709 438 1792; x_wconf 91' lang='lat' dir='ltr'>quidquid</span> <span class='ocrx_word' id='word_1_102' title='bbox 459 1709 613 1773; x_wconf 89' lang='lat' dir='ltr'>haberes:</span> <span class='ocrx_word' id='word_1_103' title='bbox 644 1731 728 1792; x_wconf 90' lang='lat' dir='ltr'>quae</span> <span class='ocrx_word' id='word_1_104' title='bbox 749 1731 808 1793; x_wconf 86' lang='lat' dir='ltr'>per</span> <span class='ocrx_word' id='word_1_105' title='bbox 828 1709 905 1789; x_wconf 92' lang='lat' dir='ltr'>hoc,</span> <span class='ocrx_word' id='word_1_106' title='bbox 935 1711 1023 1794; x_wconf 90' lang='lat' dir='ltr'>quod</span> <span class='ocrx_word' id='word_1_107' title='bbox 1043 1719 1150 1776; x_wconf 88' lang='lat' dir='ltr'>mater</span> 
     </span>
     <span class='ocr_line' id='line_1_15' title="bbox 62 1808 1150 1892; baseline 0.003 -20"><span class='ocrx_word' id='word_1_108' title='bbox 62 1817 124 1888; x_wconf 85' lang='lat' dir='ltr'>est,</span> <span class='ocrx_word' id='word_1_109' title='bbox 149 1810 262 1892; x_wconf 84' lang='lat' dir='ltr'>genuit</span> <span class='ocrx_word' id='word_1_110' title='bbox 283 1808 346 1874; x_wconf 91' lang='lat' dir='ltr'>tibi</span> <span class='ocrx_word' id='word_1_111' title='bbox 368 1809 488 1872; x_wconf 89' lang='lat' dir='ltr'>Deum:</span> <span class='ocrx_word' id='word_1_112' title='bbox 511 1828 570 1890; x_wconf 90' lang='lat' dir='ltr'>per</span> <span class='ocrx_word' id='word_1_113' title='bbox 591 1808 660 1886; x_wconf 92' lang='lat' dir='ltr'>hoc,</span> <span class='ocrx_word' id='word_1_114' title='bbox 684 1809 771 1891; x_wconf 90' lang='lat' dir='ltr'>quod</span> <span class='ocrx_word' id='word_1_115' title='bbox 792 1809 890 1892; x_wconf 83' lang='lat' dir='ltr'>Virgo</span> <span class='ocrx_word' id='word_1_116' title='bbox 913 1816 971 1889; x_wconf 88' lang='lat' dir='ltr'>est,</span> <span class='ocrx_word' id='word_1_117' title='bbox 995 1809 1150 1876; x_wconf 86' lang='lat' dir='ltr'>exaudita</span> 
     </span>
    </p>
   </div>
   <div class='ocr_carea' id='block_1_4' title="bbox 62 1907 1240 1992">
    <p class='ocr_par' dir='ltr' id='par_1_4' title="bbox 62 1907 1240 1992">
     <span class='ocr_line' id='line_1_16' title="bbox 62 1907 1240 1992; baseline 0.001 -19"><span class='ocrx_word' id='word_1_118' title='bbox 62 1917 115 1974; x_wconf 88' lang='lat' dir='ltr'>est</span> <span class='ocrx_word' id='word_1_119' title='bbox 145 1929 204 1990; x_wconf 87' lang='lat' dir='ltr'>pro</span> <span class='ocrx_word' id='word_1_120' title='bbox 233 1908 417 1972; x_wconf 79' lang='lat' dir='ltr'>reverentia</span> <span class='ocrx_word' id='word_1_121' title='bbox 444 1929 503 1971; x_wconf 90' lang='lat' dir='ltr'>sua</span> <span class='ocrx_word' id='word_1_122' title='bbox 531 1907 564 1970; x_wconf 91' lang='lat' dir='ltr'>in</span> <span class='ocrx_word' id='word_1_123' title='bbox 594 1929 693 1972; x_wconf 88' lang='lat' dir='ltr'>causa</span> <span class='ocrx_word' id='word_1_124' title='bbox 726 1913 785 1972; x_wconf 89' lang='lat' dir='ltr'>tua</span> <span class='ocrx_word' id='word_1_125' title='bbox 822 1914 855 1973; x_wconf 85' lang='lat' dir='ltr'>et</span> <span class='ocrx_word' id='word_1_126' title='bbox 883 1909 987 1974; x_wconf 89' lang='lat' dir='ltr'>totius</span> <span class='ocrx_word' id='word_1_127' title='bbox 1021 1911 1148 1992; x_wconf 83' lang='lat' dir='ltr'>generis</span> <span class='ocrx_word' id='word_1_128' title='bbox 1238 1949 1240 1956; x_wconf 93' lang='lat'>·</span> 
     </span>
    </p>
   </div>
   <div class='ocr_carea' id='block_1_5' title="bbox 60 2006 1150 3574">
    <p class='ocr_par' dir='ltr' id='par_1_5' title="bbox 60 2006 1150 3574">
     <span class='ocr_line' id='line_1_17' title="bbox 60 2006 1149 2086; baseline 0 -14"><span class='ocrx_word' id='word_1_129' title='bbox 60 2009 209 2072; x_wconf 89' lang='lat' dir='ltr'>humani.</span> <span class='ocrx_word' id='word_1_130' title='bbox 253 2008 287 2072; x_wconf 82' lang='lat' dir='ltr'>si</span> <span class='ocrx_word' id='word_1_131' title='bbox 308 2007 378 2071; x_wconf 88' lang='lat' dir='ltr'>sola</span> <span class='ocrx_word' id='word_1_132' title='bbox 399 2013 506 2071; x_wconf 86' lang='lat' dir='ltr'>mater</span> <span class='ocrx_word' id='word_1_133' title='bbox 521 2014 624 2084; x_wconf 80' lang='lat' dir='ltr'>esset,</span> <span class='ocrx_word' id='word_1_134' title='bbox 653 2006 814 2072; x_wconf 86' lang='lat' dir='ltr'>sufficeret</span> <span class='ocrx_word' id='word_1_135' title='bbox 836 2007 880 2086; x_wconf 88' lang='lat' dir='ltr'>ei,</span> <span class='ocrx_word' id='word_1_136' title='bbox 908 2015 946 2071; x_wconf 88' lang='lat' dir='ltr'>ut</span> <span class='ocrx_word' id='word_1_137' title='bbox 967 2007 1149 2072; x_wconf 82' lang='lat' dir='ltr'>salvaretur</span> 
     </span>
     <span class='ocr_line' id='line_1_18' title="bbox 60 2105 1147 2190; baseline 0 -20"><span class='ocrx_word' id='word_1_138' title='bbox 60 2129 124 2190; x_wconf 91' lang='lat' dir='ltr'>per</span> <span class='ocrx_word' id='word_1_139' title='bbox 147 2106 288 2170; x_wconf 89' lang='lat' dir='ltr'>filiorum</span> <span class='ocrx_word' id='word_1_140' title='bbox 317 2106 577 2188; x_wconf 67' lang='lat' dir='ltr'>generationem</span> <span class='ocrx_word' id='word_1_141' title='bbox 607 2107 634 2178; x_wconf 84' lang='lat' dir='ltr'>si</span> <span class='ocrx_word' id='word_1_142' title='bbox 656 2106 726 2170; x_wconf 91' lang='lat' dir='ltr'>sola</span> <span class='ocrx_word' id='word_1_143' title='bbox 746 2106 862 2188; x_wconf 83' lang='lat' dir='ltr'>Virgo,</span> <span class='ocrx_word' id='word_1_144' title='bbox 893 2105 1055 2171; x_wconf 87' lang='lat' dir='ltr'>sufficeret</span> <span class='ocrx_word' id='word_1_145' title='bbox 1075 2106 1147 2184; x_wconf 88' lang='lat' dir='ltr'>sibi,</span> 
     </span>
     <span class='ocr_line' id='line_1_19' title="bbox 61 2204 1147 2287; baseline 0 -17"><span class='ocrx_word' id='word_1_146' title='bbox 61 2227 126 2270; x_wconf 87' lang='lat' dir='ltr'>neo</span> <span class='ocrx_word' id='word_1_147' title='bbox 147 2204 340 2268; x_wconf 85' lang='lat' dir='ltr'>benedictus</span> <span class='ocrx_word' id='word_1_148' title='bbox 360 2204 488 2269; x_wconf 85' lang='lat' dir='ltr'>fructus</span> <span class='ocrx_word' id='word_1_149' title='bbox 509 2205 631 2269; x_wconf 83' lang='lat' dir='ltr'>ventris</span> <span class='ocrx_word' id='word_1_150' title='bbox 658 2204 727 2287; x_wconf 84' lang='lat' dir='ltr'>ejus</span> <span class='ocrx_word' id='word_1_151' title='bbox 749 2204 862 2268; x_wconf 91' lang='lat' dir='ltr'>mundi</span> <span class='ocrx_word' id='word_1_152' title='bbox 883 2205 1025 2287; x_wconf 89' lang='lat' dir='ltr'>pretium</span> <span class='ocrx_word' id='word_1_153' title='bbox 1053 2213 1147 2270; x_wconf 86' lang='lat' dir='ltr'>esset.</span> 
     </span>
     <span class='ocr_line' id='line_1_20' title="bbox 62 2303 1148 2386; baseline 0.001 -17"><span class='ocrx_word' id='word_1_154' title='bbox 62 2306 174 2382; x_wconf 83' lang='lat' dir='ltr'>Quum</span> <span class='ocrx_word' id='word_1_155' title='bbox 206 2324 281 2385; x_wconf 85' lang='lat' dir='ltr'>ergo</span> <span class='ocrx_word' id='word_1_156' title='bbox 313 2303 347 2365; x_wconf 93' lang='lat' dir='ltr'>in</span> <span class='ocrx_word' id='word_1_157' title='bbox 375 2304 481 2386; x_wconf 89' lang='lat' dir='ltr'>prima</span> <span class='ocrx_word' id='word_1_158' title='bbox 512 2303 756 2381; x_wconf 85' lang='lat' dir='ltr'>commixtione,</span> <span class='ocrx_word' id='word_1_159' title='bbox 790 2325 906 2386; x_wconf 89' lang='lat' dir='ltr'>nempe</span> <span class='ocrx_word' id='word_1_160' title='bbox 934 2303 1148 2370; x_wconf 87' lang='lat' dir='ltr'>humanitatis</span> 
     </span>
     <span class='ocr_line' id='line_1_21' title="bbox 62 2401 1148 2486; baseline 0.002 -20"><span class='ocrx_word' id='word_1_161' title='bbox 62 2425 140 2467; x_wconf 76' lang='lat' dir='ltr'>cum</span> <span class='ocrx_word' id='word_1_162' title='bbox 170 2401 341 2466; x_wconf 88' lang='lat' dir='ltr'>divinitate</span> <span class='ocrx_word' id='word_1_163' title='bbox 350 2402 376 2484; x_wconf 80' lang='lat'>²)</span> <span class='ocrx_word' id='word_1_164' title='bbox 409 2403 453 2467; x_wconf 93' lang='lat' dir='ltr'>sit</span> <span class='ocrx_word' id='word_1_165' title='bbox 481 2401 676 2481; x_wconf 87' lang='lat' dir='ltr'>remedium,</span> <span class='ocrx_word' id='word_1_166' title='bbox 709 2402 743 2465; x_wconf 95' lang='lat' dir='ltr'>in</span> <span class='ocrx_word' id='word_1_167' title='bbox 775 2403 917 2467; x_wconf 88' lang='lat' dir='ltr'>secunda</span> <span class='ocrx_word' id='word_1_168' title='bbox 949 2403 1148 2486; x_wconf 85' lang='lat' dir='ltr'>adjutorium</span> 
     </span>
     <span class='ocr_line' id='line_1_22' title="bbox 61 2500 1148 2585; baseline 0.001 -19"><span class='ocrx_word' id='word_1_169' title='bbox 61 2510 125 2580; x_wconf 81' lang='lat' dir='ltr'>est,</span> <span class='ocrx_word' id='word_1_170' title='bbox 149 2500 226 2584; x_wconf 90' lang='lat' dir='ltr'>quia</span> <span class='ocrx_word' id='word_1_171' title='bbox 246 2501 328 2564; x_wconf 89' lang='lat' dir='ltr'>nihil</span> <span class='ocrx_word' id='word_1_172' title='bbox 350 2522 408 2565; x_wconf 91' lang='lat' dir='ltr'>nos</span> <span class='ocrx_word' id='word_1_173' title='bbox 430 2501 519 2566; x_wconf 89' lang='lat' dir='ltr'>Deus</span> <span class='ocrx_word' id='word_1_174' title='bbox 542 2501 662 2565; x_wconf 85' lang='lat' dir='ltr'>habere</span> <span class='ocrx_word' id='word_1_175' title='bbox 689 2501 806 2580; x_wconf 80' lang='lat' dir='ltr'>voluit,</span> <span class='ocrx_word' id='word_1_176' title='bbox 837 2502 924 2585; x_wconf 90' lang='lat' dir='ltr'>quod</span> <span class='ocrx_word' id='word_1_177' title='bbox 944 2523 1004 2585; x_wconf 91' lang='lat' dir='ltr'>per</span> <span class='ocrx_word' id='word_1_178' title='bbox 1024 2502 1148 2567; x_wconf 89' lang='lat' dir='ltr'>Mariae</span> 
     </span>
     <span class='ocr_line' id='line_1_23' title="bbox 60 2601 1149 2684; baseline -0.002 -18"><span class='ocrx_word' id='word_1_179' title='bbox 60 2623 181 2666; x_wconf 90' lang='lat' dir='ltr'>manus</span> <span class='ocrx_word' id='word_1_180' title='bbox 202 2621 267 2664; x_wconf 88' lang='lat' dir='ltr'>nnn</span> <span class='ocrx_word' id='word_1_181' title='bbox 290 2601 463 2680; x_wconf 86' lang='lat' dir='ltr'>transiret;</span> <span class='ocrx_word' id='word_1_182' title='bbox 493 2602 526 2665; x_wconf 92' lang='lat' dir='ltr'>in</span> <span class='ocrx_word' id='word_1_183' title='bbox 547 2601 648 2665; x_wconf 91' lang='lat' dir='ltr'>tertia</span> <span class='ocrx_word' id='word_1_184' title='bbox 676 2607 787 2666; x_wconf 85' lang='lat' dir='ltr'>autem</span> <span class='ocrx_word' id='word_1_185' title='bbox 807 2601 960 2665; x_wconf 88' lang='lat' dir='ltr'>meritum</span> <span class='ocrx_word' id='word_1_186' title='bbox 982 2607 1040 2680; x_wconf 89' lang='lat' dir='ltr'>est,</span> <span class='ocrx_word' id='word_1_187' title='bbox 1071 2601 1149 2684; x_wconf 89' lang='lat' dir='ltr'>quia</span> 
     </span>
     <span class='ocr_line' id='line_1_24' title="bbox 61 2698 1150 2783; baseline 0.001 -19"><span class='ocrx_word' id='word_1_188' title='bbox 61 2721 168 2783; x_wconf 92' lang='lat' dir='ltr'>quum</span> <span class='ocrx_word' id='word_1_189' title='bbox 187 2699 269 2763; x_wconf 80' lang='lat' dir='ltr'>haer¹</span> <span class='ocrx_word' id='word_1_190' title='bbox 290 2699 429 2764; x_wconf 86' lang='lat' dir='ltr'>firmiter</span> <span class='ocrx_word' id='word_1_191' title='bbox 450 2700 621 2778; x_wconf 88' lang='lat' dir='ltr'>credimus,</span> <span class='ocrx_word' id='word_1_192' title='bbox 649 2700 717 2782; x_wconf 88' lang='lat' dir='ltr'>jam</span> <span class='ocrx_word' id='word_1_193' title='bbox 737 2700 890 2764; x_wconf 90' lang='lat' dir='ltr'>meritum</span> <span class='ocrx_word' id='word_1_194' title='bbox 911 2698 1085 2778; x_wconf 88' lang='lat' dir='ltr'>habemus,</span> <span class='ocrx_word' id='word_1_195' title='bbox 1115 2709 1150 2765; x_wconf 92' lang='lat' dir='ltr'>et</span> 
     </span>
     <span class='ocr_line' id='line_1_25' title="bbox 60 2797 1044 2881; baseline 0.002 -20"><span class='ocrx_word' id='word_1_196' title='bbox 60 2800 95 2861; x_wconf 90' lang='lat' dir='ltr'>in</span> <span class='ocrx_word' id='word_1_197' title='bbox 120 2797 187 2861; x_wconf 89' lang='lat' dir='ltr'>fide</span> <span class='ocrx_word' id='word_1_198' title='bbox 209 2798 332 2863; x_wconf 89' lang='lat' dir='ltr'>sanitas</span> <span class='ocrx_word' id='word_1_199' title='bbox 355 2805 414 2875; x_wconf 88' lang='lat' dir='ltr'>est,</span> <span class='ocrx_word' id='word_1_200' title='bbox 437 2799 514 2880; x_wconf 91' lang='lat' dir='ltr'>quia</span> <span class='ocrx_word' id='word_1_201' title='bbox 536 2799 592 2881; x_wconf 92' lang='lat' dir='ltr'>qui</span> <span class='ocrx_word' id='word_1_202' title='bbox 614 2797 799 2876; x_wconf 89' lang='lat' dir='ltr'>crediderit,</span> <span class='ocrx_word' id='word_1_203' title='bbox 822 2798 929 2862; x_wconf 89' lang='lat' dir='ltr'>salvus</span> <span class='ocrx_word' id='word_1_204' title='bbox 951 2799 1044 2863; x_wconf 80' lang='lat' dir='ltr'>erit.“</span> 
     </span>
     <span class='ocr_line' id='line_1_26' title="bbox 125 2895 1148 2980; baseline 0.001 -20"><span class='ocrx_word' id='word_1_205' title='bbox 125 2895 228 2960; x_wconf 87' lang='lat' dir='ltr'>Juxta</span> <span class='ocrx_word' id='word_1_206' title='bbox 260 2895 473 2960; x_wconf 89' lang='lat' dir='ltr'>Doctorem</span> <span class='ocrx_word' id='word_1_207' title='bbox 504 2895 747 2960; x_wconf 85' lang='lat' dir='ltr'>Mellifluum</span> <span class='ocrx_word' id='word_1_208' title='bbox 782 2897 812 2960; x_wconf 90' lang='lat' dir='ltr'>b.</span> <span class='ocrx_word' id='word_1_209' title='bbox 846 2896 946 2980; x_wconf 84' lang='lat' dir='ltr'>Virgo</span> <span class='ocrx_word' id='word_1_210' title='bbox 977 2918 1042 2960; x_wconf 91' lang='lat' dir='ltr'>non</span> <span class='ocrx_word' id='word_1_211' title='bbox 1074 2896 1148 2962; x_wconf 93' lang='lat' dir='ltr'>ideo</span> 
     </span>
     <span class='ocr_line' id='line_1_27' title="bbox 61 2991 1149 3079; baseline 0 -19"><span class='ocrx_word' id='word_1_212' title='bbox 61 2991 179 3060; x_wconf 89' lang='lat' dir='ltr'>solum</span> <span class='ocrx_word' id='word_1_213' title='bbox 199 2994 376 3060; x_wconf 89' lang='lat' dir='ltr'>Mediatrix</span> <span class='ocrx_word' id='word_1_214' title='bbox 404 3003 517 3060; x_wconf 86' lang='lat' dir='ltr'>nostra</span> <span class='ocrx_word' id='word_1_215' title='bbox 549 2996 710 3060; x_wconf 90' lang='lat' dir='ltr'>nominari</span> <span class='ocrx_word' id='word_1_216' title='bbox 740 3002 866 3078; x_wconf 91' lang='lat' dir='ltr'>potest,</span> <span class='ocrx_word' id='word_1_217' title='bbox 900 2995 978 3079; x_wconf 92' lang='lat' dir='ltr'>quia</span> <span class='ocrx_word' id='word_1_218' title='bbox 1006 2994 1149 3060; x_wconf 90' lang='lat' dir='ltr'>Media·</span> 
     </span>
     <span class='ocr_line' id='line_1_28' title="bbox 61 3094 1147 3178; baseline 0 -20"><span class='ocrx_word' id='word_1_219' title='bbox 61 3102 192 3158; x_wconf 87' lang='lat' dir='ltr'>torem</span> <span class='ocrx_word' id='word_1_220' title='bbox 220 3094 334 3158; x_wconf 91' lang='lat' dir='ltr'>nobis</span> <span class='ocrx_word' id='word_1_221' title='bbox 364 3095 541 3173; x_wconf 88' lang='lat' dir='ltr'>donavit,</span> <span class='ocrx_word' id='word_1_222' title='bbox 571 3095 760 3174; x_wconf 89' lang='lat' dir='ltr'>sedetiam,</span> <span class='ocrx_word' id='word_1_223' title='bbox 783 3095 860 3178; x_wconf 89' lang='lat' dir='ltr'>quia</span> <span class='ocrx_word' id='word_1_224' title='bbox 881 3095 1053 3177; x_wconf 91' lang='lat' dir='ltr'>plurima</span> <span class='ocrx_word' id='word_1_225' title='bbox 1074 3094 1147 3158; x_wconf 92' lang='lat' dir='ltr'>Me-</span> 
     </span>
     <span class='ocr_line' id='line_1_29' title="bbox 62 3192 1147 3278; baseline 0 -21"><span class='ocrx_word' id='word_1_226' title='bbox 62 3193 239 3258; x_wconf 89' lang='lat' dir='ltr'>diatoris</span> <span class='ocrx_word' id='word_1_227' title='bbox 265 3193 468 3259; x_wconf 81' lang='lat' dir='ltr'>beneficia</span> <span class='ocrx_word' id='word_1_228' title='bbox 494 3194 699 3278; x_wconf 91' lang='lat' dir='ltr'>perillam</span> <span class='ocrx_word' id='word_1_229' title='bbox 725 3195 992 3276; x_wconf 88' lang='lat' dir='ltr'>impetramus.</span> <span class='ocrx_word' id='word_1_230' title='bbox 1036 3192 1147 3274; x_wconf 74' lang='lat' dir='ltr'>„Opus</span> 
     </span>
     <span class='ocr_line' id='line_1_30' title="bbox 61 3291 1149 3377; baseline 0 -21"><span class='ocrx_word' id='word_1_231' title='bbox 61 3300 124 3372; x_wconf 90' lang='lat' dir='ltr'>est,</span> <span class='ocrx_word' id='word_1_232' title='bbox 146 3293 300 3377; x_wconf 80' lang='lat' dir='ltr'>inquit,³)</span> <span class='ocrx_word' id='word_1_233' title='bbox 330 3293 510 3363; x_wconf 85' lang='lat' dir='ltr'>mediatore</span> <span class='ocrx_word' id='word_1_234' title='bbox 537 3293 580 3359; x_wconf 91' lang='lat' dir='ltr'>ad</span> <span class='ocrx_word' id='word_1_235' title='bbox 601 3293 816 3358; x_wconf 86' lang='lat' dir='ltr'>mediatorem</span> <span class='ocrx_word' id='word_1_236' title='bbox 837 3293 952 3370; x_wconf 85' lang='lat' dir='ltr'>istum,</span> <span class='ocrx_word' id='word_1_237' title='bbox 982 3312 1042 3355; x_wconf 90' lang='lat' dir='ltr'>nec</span> <span class='ocrx_word' id='word_1_238' title='bbox 1063 3291 1149 3356; x_wconf 90' lang='lat' dir='ltr'>alter</span> 
     </span>
     <span class='ocr_line' id='line_1_31' title="bbox 60 3389 1149 3474; baseline 0 -19"><span class='ocrx_word' id='word_1_239' title='bbox 60 3390 160 3455; x_wconf 92' lang='lat' dir='ltr'>nobis</span> <span class='ocrx_word' id='word_1_240' title='bbox 189 3390 317 3469; x_wconf 90' lang='lat' dir='ltr'>utilior,</span> <span class='ocrx_word' id='word_1_241' title='bbox 347 3413 445 3474; x_wconf 88' lang='lat' dir='ltr'>quam</span> <span class='ocrx_word' id='word_1_242' title='bbox 466 3391 581 3458; x_wconf 87' lang='lat' dir='ltr'>Maria.</span> <span class='ocrx_word' id='word_1_243' title='bbox 625 3391 773 3457; x_wconf 79' lang='lat' dir='ltr'>Crudelis</span> <span class='ocrx_word' id='word_1_244' title='bbox 802 3391 957 3456; x_wconf 90' lang='lat' dir='ltr'>nimirum</span> <span class='ocrx_word' id='word_1_245' title='bbox 977 3389 1061 3468; x_wconf 87' lang='lat' dir='ltr'>Eva,</span> <span class='ocrx_word' id='word_1_246' title='bbox 1088 3411 1149 3473; x_wconf 90' lang='lat' dir='ltr'>per</span> 
     </span>
     <span class='ocr_line' id='line_1_32' title="bbox 62 3489 1148 3574; baseline 0.002 -20"><span class='ocrx_word' id='word_1_247' title='bbox 62 3513 164 3574; x_wconf 88' lang='lat' dir='ltr'>quam</span> <span class='ocrx_word' id='word_1_248' title='bbox 186 3513 318 3574; x_wconf 89' lang='lat' dir='ltr'>serpens</span> <span class='ocrx_word' id='word_1_249' title='bbox 340 3492 495 3574; x_wconf 88' lang='lat' dir='ltr'>antiquus</span> <span class='ocrx_word' id='word_1_250' title='bbox 522 3490 715 3574; x_wconf 82' lang='lat' dir='ltr'>pestiferum</span> <span class='ocrx_word' id='word_1_251' title='bbox 744 3490 845 3556; x_wconf 86' lang='lat' dir='ltr'>etiam</span> <span class='ocrx_word' id='word_1_252' title='bbox 871 3490 935 3572; x_wconf 93' lang='lat' dir='ltr'>ipsi</span> <span class='ocrx_word' id='word_1_253' title='bbox 962 3489 1032 3554; x_wconf 85' lang='lat' dir='ltr'>viro</span> <span class='ocrx_word' id='word_1_254' title='bbox 1059 3489 1148 3555; x_wconf 84' lang='lat' dir='ltr'>virus</span> 
     </span>
    </p>
   </div>
   <div class='ocr_carea' id='block_1_6' title="bbox 59 3669 1150 3991">
    <p class='ocr_par' dir='ltr' id='par_1_6' title="bbox 59 3669 1150 3991">
     <span class='ocr_line' id='line_1_33' title="bbox 133 3669 1150 3742; baseline -0.001 -17"><span class='ocrx_word' id='word_1_255' title='bbox 133 3675 153 3740; x_wconf 90' lang='lat'>¹)</span> <span class='ocrx_word' id='word_1_256' title='bbox 170 3672 203 3726; x_wconf 92' lang='lat' dir='ltr'>In</span> <span class='ocrx_word' id='word_1_257' title='bbox 217 3673 306 3742; x_wconf 77' lang='lat' dir='ltr'>vigil.</span> <span class='ocrx_word' id='word_1_258' title='bbox 320 3674 412 3729; x_wconf 76' lang='lat' dir='ltr'>Natis.</span> <span class='ocrx_word' id='word_1_259' title='bbox 429 3691 510 3730; x_wconf 86' lang='lat' dir='ltr'>serm.</span> <span class='ocrx_word' id='word_1_260' title='bbox 525 3677 549 3728; x_wconf 89' lang='lat'>3.</span> <span class='ocrx_word' id='word_1_261' title='bbox 583 3673 605 3742; x_wconf 77' lang='lat'>²)</span> <span class='ocrx_word' id='word_1_262' title='bbox 623 3673 759 3742; x_wconf 83' lang='lat' dir='ltr'>Loquitur</span> <span class='ocrx_word' id='word_1_263' title='bbox 775 3690 795 3726; x_wconf 87' lang='lat' dir='ltr'>s.</span> <span class='ocrx_word' id='word_1_264' title='bbox 808 3672 913 3726; x_wconf 85' lang='lat' dir='ltr'>Doctor</span> <span class='ocrx_word' id='word_1_265' title='bbox 929 3671 948 3728; x_wconf 91' lang='lat' dir='ltr'>l.</span> <span class='ocrx_word' id='word_1_266' title='bbox 965 3688 989 3728; x_wconf 88' lang='lat' dir='ltr'>c.</span> <span class='ocrx_word' id='word_1_267' title='bbox 1007 3669 1042 3724; x_wconf 87' lang='lat' dir='ltr'>ds</span> <span class='ocrx_word' id='word_1_268' title='bbox 1059 3670 1150 3724; x_wconf 85' lang='lat' dir='ltr'>tribus</span> 
     </span>
     <span class='ocr_line' id='line_1_34' title="bbox 61 3752 1148 3825; baseline -0.003 -15"><span class='ocrx_word' id='word_1_269' title='bbox 61 3755 321 3824; x_wconf 83' lang='lat' dir='ltr'>conjunctionibus,</span> <span class='ocrx_word' id='word_1_270' title='bbox 345 3774 446 3825; x_wconf 84' lang='lat' dir='ltr'>nempe</span> <span class='ocrx_word' id='word_1_271' title='bbox 470 3757 581 3812; x_wconf 85' lang='lat' dir='ltr'>divinae</span> <span class='ocrx_word' id='word_1_272' title='bbox 606 3761 720 3812; x_wconf 83' lang='lat' dir='ltr'>naturae</span> <span class='ocrx_word' id='word_1_273' title='bbox 745 3773 807 3809; x_wconf 90' lang='lat' dir='ltr'>cum</span> <span class='ocrx_word' id='word_1_274' title='bbox 832 3754 953 3808; x_wconf 82' lang='lat' dir='ltr'>humans</span> <span class='ocrx_word' id='word_1_275' title='bbox 977 3755 1006 3807; x_wconf 90' lang='lat' dir='ltr'>in</span> <span class='ocrx_word' id='word_1_276' title='bbox 1030 3752 1148 3819; x_wconf 78' lang='lat' dir='ltr'>Christo,</span> 
     </span>
     <span class='ocr_line' id='line_1_35' title="bbox 61 3836 1149 3908; baseline -0.002 -16"><span class='ocrx_word' id='word_1_277' title='bbox 61 3839 231 3908; x_wconf 80' lang='lat' dir='ltr'>virginitatis</span> <span class='ocrx_word' id='word_1_278' title='bbox 256 3855 319 3894; x_wconf 88' lang='lat' dir='ltr'>cum</span> <span class='ocrx_word' id='word_1_279' title='bbox 341 3840 529 3894; x_wconf 83' lang='lat' dir='ltr'>foecunditate</span> <span class='ocrx_word' id='word_1_280' title='bbox 553 3840 582 3892; x_wconf 91' lang='lat' dir='ltr'>in</span> <span class='ocrx_word' id='word_1_281' title='bbox 600 3840 697 3904; x_wconf 82' lang='lat' dir='ltr'>Maria,</span> <span class='ocrx_word' id='word_1_282' title='bbox 721 3838 787 3893; x_wconf 86' lang='lat' dir='ltr'>lidei</span> <span class='ocrx_word' id='word_1_283' title='bbox 812 3854 874 3892; x_wconf 88' lang='lat' dir='ltr'>cum</span> <span class='ocrx_word' id='word_1_284' title='bbox 899 3836 984 3892; x_wconf 84' lang='lat' dir='ltr'>corde</span> <span class='ocrx_word' id='word_1_285' title='bbox 1005 3841 1101 3892; x_wconf 85' lang='lat' dir='ltr'>nostro</span> <span class='ocrx_word' id='word_1_286' title='bbox 1118 3837 1149 3891; x_wconf 92' lang='lat' dir='ltr'>in</span> 
     </span>
     <span class='ocr_line' id='line_1_36' title="bbox 59 3919 1148 3991; baseline -0.002 -17"><span class='ocrx_word' id='word_1_287' title='bbox 59 3922 150 3976; x_wconf 88' lang='lat' dir='ltr'>nobis.</span> <span class='ocrx_word' id='word_1_288' title='bbox 193 3923 215 3989; x_wconf 82' lang='lat'>³)</span> <span class='ocrx_word' id='word_1_289' title='bbox 234 3921 321 3978; x_wconf 85' lang='lat' dir='ltr'>Serm.</span> <span class='ocrx_word' id='word_1_290' title='bbox 339 3939 421 3990; x_wconf 87' lang='lat' dir='ltr'>super</span> <span class='ocrx_word' id='word_1_291' title='bbox 446 3923 531 3978; x_wconf 80' lang='lat' dir='ltr'>verba</span> <span class='ocrx_word' id='word_1_292' title='bbox 549 3925 641 3991; x_wconf 81' lang='lat' dir='ltr'>Apoc:</span> <span class='ocrx_word' id='word_1_293' title='bbox 666 3921 800 3990; x_wconf 79' lang='lat' dir='ltr'>„Signum</span> <span class='ocrx_word' id='word_1_294' title='bbox 817 3937 948 3989; x_wconf 81' lang='lat' dir='ltr'>magnum</span> <span class='ocrx_word' id='word_1_295' title='bbox 973 3920 1103 3988; x_wconf 80' lang='lat' dir='ltr'>apparuit</span> <span class='ocrx_word' id='word_1_296' title='bbox 1118 3919 1148 3972; x_wconf 91' lang='lat' dir='ltr'>in</span> 
     </span>
    </p>
   </div>
   <div class='ocr_carea' id='block_1_7' title="bbox 58 4006 991 4142">
    <p class='ocr_par' dir='ltr' id='par_1_7' title="bbox 58 4006 991 4142">
     <span class='ocr_line' id='line_1_37' title="bbox 58 4006 168 4062; baseline -0.018 -1"><span class='ocrx_word' id='word_1_297' title='bbox 58 4006 168 4062; x_wconf 82' lang='lat' dir='ltr'>coelo.“</span> 
     </span>
     <span class='ocr_line' id='line_1_38' title="bbox 941 4085 991 4142; baseline 0 -23"><span class='ocrx_word' id='word_1_298' title='bbox 941 4085 991 4142; x_wconf 69' lang='lat'>34*</span> 
     </span>
    </p>
   </div>
   <div class='ocr_carea' id='block_1_8' title="bbox 0 0 1390 4550">
    <p class='ocr_par' dir='ltr' id='par_1_8' title="bbox 0 0 1390 4550">
     <span class='ocr_line' id='line_1_39' title="bbox 0 0 1390 4550; baseline 0 0"><span class='ocrx_word' id='word_1_299' title='bbox 0 0 1390 4550; x_wconf 95' lang='lat' dir='ltr'> </span> 
     </span>
    </p>
   </div>
  </div>
 </body>
</html>
