2730 4564
710 323 768 384 136

194 484 341 570 ginitatis
379 483 478 550 decus
515 483 669 550 amisisse.
731 483 760 549 S.
798 481 1025 567 Hieronymus.
1051 491 1168 558 contra
1205 507 1282 554 eum

193 585 323 666 librum¹
342 583 382 650 do
403 589 563 666 perpetua
589 581 620 646 b.
642 582 766 648 Mariae
787 581 974 664 virginitate
1001 583 1132 667 scripsit
1154 606 1283 654 omnes·
1357 628 1360 645 ι

95 721 97 726 ,
195 705 258 768 que
292 681 498 749 difficultates
536 682 577 747 ab
614 682 679 750 isto
709 681 821 764 jurato
858 681 1056 765 virginitatis
1074 745 1076 754 ,
1092 683 1283 750 adversario

195 782 340 866 prolatas
361 781 625 847 victoriosissime
653 779 819 845 refutavit.
864 779 964 864 Cujus
985 781 1197 849 refutationis
1221 785 1285 849 sin·
1359 842 1362 855 .

196 882 292 966 gulae
313 883 450 971 paginae
478 881 628 946 intimam
657 880 784 963 spirant
800 870 1068 962 vindignationem
1089 883 1285 953 clarissime·

197 1005 260 1066 que
289 969 469 1060 testantur,
501 988 702 1064 quantopere
730 980 860 1054 iniama¹
881 980 946 1046 ista
974 980 1115 1052 Helvidii
1143 984 1284 1048 assertio
1357 1049 1358 1053 ,

197 1083 411 1148 christianum
442 1079 612 1145 violaverit
647 1071 784 1144 sensum.
840 1078 991 1144 Omnium
1024 1079 1286 1147 Christianorum
1361 1142 1362 1150 ,

197 1182 328 1247 nomine
355 1179 530 1264 profitetur
557 1177 826 1260 Rupertus:¹)
864 1176 1068 1260 „Monstrum
1097 1179 1179 1244 illud
1210 1180 1286 1245 Hel·
1360 1199 1361 1234 f

198 1280 322 1344 vidium
342 1285 432 1344 totus
454 1278 542 1344 orbis
565 1278 782 1342 exsecratur.“

260 1379 351 1444 luter
373 1378 494 1442 saeculi
516 1377 634 1442 decimi
656 1375 741 1442 sexti
768 1384 941 1442 novatores
962 1377 1149 1445 Helvidium
1172 1397 1287 1462 seque·

199 1479 299 1543 batur
319 1477 462 1542 Petrus
486 1477 638 1560 Martyr
664 1482 847 1555 autumans
871 1499 936 1542 non
958 1500 1029 1544 esse
1050 1478 1286 1561 recipiendum,

200 1578 289 1661 quod
310 1600 333 1642 s.
355 1577 497 1659 Deipara
519 1598 646 1660 semper
667 1577 883 1659 permanserit
904 1577 1003 1660 virgo.
1043 1577 1249 1642 Lutherus
1271 1597 1287 1642 e

201 1683 316 1741 contra
338 1675 434 1740 docet
461 1676 622 1758 expressis
643 1675 801 1757 verbis,2)
830 1675 860 1739 b.
884 1664 1022 1742 Mariam
1050 1684 1127 1754 ante
1158 1667 1289 1760 etpost

202 1776 378 1854 Salvatoris
392 1774 605 1859 Nativitatem
619 1765 787 1856 Virginem
802 1775 967 1840 mansisse.
1000 1775 1133 1858 Signum
1149 1795 1288 1858 magnae

202 1896 271 1939 esse
306 1873 527 1957 ignorantiae,
566 1873 712 1938 declarat
748 1873 949 1953 Calvinus,
964 1874 989 1957 ³)
1029 1875 1056 1939 si
1087 1874 1288 1941 voluerimus

201 1995 356 2051 asserere,
378 1973 517 2038 Mariam
538 1973 649 2056 plures
670 1971 824 2037 habuisse
845 1972 996 2044 infantes.
1037 1974 1146 2044 Etiam
1168 1973 1288 2038 Theo·

203 2072 323 2137 (lorus
345 2072 446 2137 Beza
469 2072 630 2154 Deiparae
652 2072 874 2154 virginitatem
892 2080 1086 2156 perpetuam
1103 2072 1288 2157 profi-tetur.

205 2171 330 2253 „Credo
352 2171 461 2254 pieet
447 2170 596 2236 tlibent’
572 2171 713 2248 trssime,
735 2170 852 2253 inquit,
875 2171 1014 2237 Mariam
1035 2195 1164 2256 semper
1184 2193 1289 2257 usque
1358 2239 1359 2250 ,

203 2271 251 2336 ad
266 2277 408 2336 mortem
429 2270 586 2353 virginem
606 2268 738 2334 fuissef‘
1190 2323 1192 2328 .

265 2368 478 2452 Temporibus
506 2367 637 2451 quidem
658 2368 958 2435 recentioribust
924 2376 958 2435 et
978 2371 1174 2452 praesertim
1194 2392 1289 2454 prae·

205 2468 352 2534 sentibus
373 2468 529 2551 permulti
503 2467 723 2534 tLutheri
751 2468 986 2552 Calvinique
1015 2470 1195 2536 asseclae
1227 2471 1288 2535 vir-
1355 2522 1359 2537 .

205 2568 271 2652 gini
273 2573 377 2632 tatem
397 2567 494 2632 Mat'
453 2573 513 2632 trrs
533 2567 612 2632 Jesu
640 2566 763 2632 Christi
791 2589 857 2640 non
885 2568 1025 2650 amplius
1054 2569 1207 2638 credunt.¹
1249 2569 1290 2633 At
1355 2566 1359 2579 '

206 2667 310 2750 major
331 2688 484 2731 numerus
507 2687 627 2745 eorum,
648 2667 704 2749 qui
721 2667 818 2750 hujus
838 2666 916 2732 fidei
934 2667 1065 2736 articuli
1084 2667 1291 2751 naufragium

205 2766 369 2845 fecerunt,
398 2766 601 2832 Christianos
624 2787 693 2830 esse
716 2787 851 2831 cessare.
895 2766 1095 2850 Abjecerunt
1115 2767 1291 2835 articulum
1360 2845 1361 2857 ἶ

206 2866 298 2931 illum
325 2866 454 2930 nomine
475 2865 698 2957 ⁸rationalismi
726 2865 947 2948 virginitatem
972 2866 1116 2936 ,ludibrio
1138 2866 1291 2932 habentis

206 2965 439 3047 illudentisque
466 2965 574 3029 omnia
603 2964 825 3029 characterem
852 2965 1135 3047 supernaturalem
1155 2988 1237 3049 prae
1259 2985 1291 3031 se
1357 2980 1361 3058 J

206 3064 356 3130 ferentia.
400 3065 467 3144 Sic,
497 3071 535 3130 ut
556 3086 658 3130 unum
686 3064 866 3131 alterumve
894 3066 1121 3140 tantummodo
1143 3065 1290 3150 allegem,
1357 3067 1361 3152 ι]

207 3163 460 3246 Herderus4)
504 3163 623 3228 iratres
663 3163 758 3242 Jesu,
801 3184 939 3246 quorum
983 3165 1186 3248 evangelium
1228 3185 1292 3230 me·
1357 3212 1360 3227 .

208 3264 318 3343 minit,
361 3284 400 3329 ex
434 3262 557 3346 Joseph
597 3271 631 3329 et
665 3262 771 3328 Maria
797 3265 905 3328 'natos
941 3263 1042 3329 fuisse
1084 3264 1291 3347 opinabatur.

211 3364 323 3446 ,Hanc
348 3370 496 3428 veterum
525 3369 558 3428 et
584 3363 803 3428 recentiorum
830 3362 1059 3428 nonnullorum
1087 3364 1292 3441 sententiam,

210 3463 319 3547 inquit
344 3462 664 3545 Rosenmi'rller,⁵)
692 3462 813 3527 acriter
833 3462 1067 3545 impugnarunt
1087 3469 1214 3528 veteres
1235 3463 1294 3527 Ec·

214 3633 410 3646 ——1-

279 3733 298 3800 ¹)
315 3729 376 3787 Lib.
394 3731 407 3784 l
425 3731 459 3786 de
477 3732 567 3801 gloria
591 3729 741 3786 ethonore
758 3729 823 3784 Filii
840 3729 968 3784 hominis.
1010 3729 1030 3794 Ι)
1048 3727 1080 3781 ln
1098 3716 1181 3782 serm.
1197 3726 1293 3783 habito

212 3814 330 3870 lslebiae
354 3814 434 3870 Anno
457 3818 522 3869 1546
546 3815 576 3868 in
601 3813 671 3867 festo
694 3812 928 3866 Praesentationis
951 3813 978 3867 J.
1001 3811 1103 3866 Christi
1127 3811 1156 3864 in
1180 3810 1292 3881 templo.

211 3902 233 3966 ³)
252 3899 285 3952 ln
308 3899 513 3954 Commentario
536 3897 572 3951 ad
594 3914 614 3952 s.
631 3895 812 3950 Matthaeum.
852 3897 874 3963 ⁴)
891 3893 979 3962 bithle
999 3892 1086 3963 glutiet
1107 3891 1210 3950 briter
1231 3889 1293 3960 Solo

212 3985 239 4040 iu
256 3982 353 4049 uolam
372 3981 475 4038 Conon.
508 3982 529 4047 ⁶)
547 3979 658 4034 Scholia
675 3981 705 4032 in
722 3978 893 4034 Matthaeum
911 3994 954 4046 cp.
972 3975 1167 4045 x111‚p.2s9.
