2808 4556
750 378 809 440 626

234 541 401 606 vissimum
433 543 467 603 et
499 537 630 602 omnino
662 537 840 602 maximum
872 537 1015 616 accedit,
1053 537 1160 621 ipsam
1191 560 1328 623 quoque

232 639 461 704 Tridentinam
497 637 676 719 Synodum,
715 659 815 721 quum
850 637 1071 721 dogmaticum
1110 638 1151 704 de
1172 644 1328 722 *peccato

234 738 385 822 originali
403 738 516 802 ederet
532 736 710 815 decretum,
725 757 789 820 quo
803 737 900 819 juxta
916 757 1083 802 sacrarum
1096 736 1328 819 Scriptuarum

234 843 487 920 sanctorumque
519 835 655 899 Patrum
690 855 728 900 ac
763 835 1069 917 probatissimorum
1102 835 1327 902 Conciliorum

233 937 424 1001 testimonia
445 935 563 1000 statuit
585 955 624 999 ac
646 933 808 1012 definivit,
838 955 950 1000 omnes
978 934 1127 999 homines
1147 936 1241 1000 nasci
1263 935 1330 1000 ori·

235 1034 335 1116 ginali
357 1034 454 1117 culpa
482 1032 638 1113 infectos,
668 1040 780 1098 tamen
808 1032 998 1098 solemniter
1026 1032 1229 1112 declarasse,
1260 1056 1327 1099 non

235 1154 306 1198 csse
330 1154 408 1198 suae
430 1133 623 1197 intentionis
641 1133 676 1196 in
698 1133 830 1197 decreto
852 1133 923 1215 ipso
942 1138 1101 1214 tantaque
1124 1131 1331 1198 definitionis

235 1231 453 1314 amplitudine
475 1232 750 1315 comprehendere
772 1231 905 1296 beatam
931 1238 966 1295 et
986 1231 1233 1296 immaculatam
1253 1233 1330 1296 Vir·

235 1331 343 1413 ginem
372 1330 434 1394 Dei
463 1329 664 1394 Genitricem
695 1329 841 1393 Mariam.
885 1329 956 1394 Hac
985 1329 1071 1393 enim
1100 1328 1331 1396 declaratione

235 1428 419 1494 Tridentini
450 1428 565 1493 Patres
597 1429 702 1511 ipsam
733 1427 956 1492 beatissimam
986 1427 1156 1511 Virginem
1188 1429 1230 1494 ab
1265 1430 1331 1494 ori-

235 1526 337 1609 ginali
364 1527 440 1591 labe
471 1525 614 1591 solutam
642 1547 702 1609 pro
734 1547 845 1590 rerum
877 1532 1128 1609 temporumque
1160 1527 1332 1610 adjunctis

236 1625 316 1698 satis
337 1625 515 1689 innuerunt
535 1630 636 1707 atque
664 1623 746 1692 adeo
773 1624 945 1708 perspicue
974 1623 1215 1706 significarunt,
1246 1626 1332 1690 nihil

237 1747 276 1788 ex
293 1725 410 1789 divinis
426 1724 540 1803 literis,
558 1723 641 1787 nihil
658 1745 697 1788 ex
714 1724 892 1788 traditione
907 1724 1107 1808 Patrumque
1124 1725 1332 1790 auctoritate

236 1824 300 1888 rite
336 1823 447 1887 afferri
479 1843 591 1905 posse,
629 1821 717 1905 quod
752 1828 865 1887 tantae
897 1822 1041 1905 Virginis
1076 1824 1332 1906 praerogativae

237 1922 351 2006 quovis
373 1921 468 1986 modo
490 1920 684 2004 refragetur.

298 2021 342 2084 Et
369 2041 404 2084 re
435 2020 567 2102 quidem
594 2041 671 2084 vera
698 2020 782 2084 hanc
811 2020 851 2084 de
873 2020 1089 2086 Immaculata
1114 2020 1333 2085 beatissimae

236 2120 379 2203 Virginis
400 2119 619 2202 Conceptione
642 2119 825 2184 doctrinam
846 2120 993 2202 quotidie
1011 2119 1114 2202 magis
1136 2119 1331 2201 gravissimo

236 2219 404 2284 Ecclesiae
426 2239 539 2297 sensu,
562 2218 764 2301 magisteri0,
794 2218 919 2297 studio,
942 2217 1081 2296 seientia
1102 2238 1141 2282 ac
1163 2217 1333 2300 sapientia

237 2327 307 2384 tam
336 2318 506 2401 splendide
540 2318 750 2400 explicatam,
784 2317 999 2396 declaratam,
1034 2316 1265 2382 confirmatam
1298 2323 1334 2380 et

238 2416 327 2500 apud
344 2438 455 2481 omnes
477 2415 632 2481 catholici
648 2415 737 2480 orbis
753 2415 891 2498 populos
914 2436 954 2479 ac
970 2415 1121 2480 nationes
1143 2415 1332 2480 mirandum

237 2517 271 2580 in
294 2517 427 2580 modum
447 2522 678 2598 propagatam,
709 2516 744 2578 in
765 2516 837 2598 ipsa
858 2514 1007 2580 Ecclesia
1028 2536 1157 2597 semper
1179 2516 1331 2579 extitisse

237 2615 341 2680 veluti
362 2637 382 2678 a
405 2614 583 2697 majoribus
612 2619 782 2696 acceptam
803 2635 842 2677 ac
863 2612 1028 2678 revelatae
1057 2612 1231 2678 doctrinae
1255 2614 1332 2678 cha-

237 2722 366 2779 ractere
396 2713 585 2796 insignitam
620 2713 765 2777 illustria
792 2712 997 2777 venerandae
1026 2711 1241 2795 antiquitatis
1269 2713 1332 2776 Ec-

238 2813 356 2877 clesiae
386 2811 555 2876 orientalis
585 2818 619 2876 et
646 2811 859 2876 occidentalis
887 2816 1100 2875 monumenta
1127 2810 1331 2876 ualidissime

238 2918 411 2978 testantur.
473 2910 595 2976 Christi
635 2911 721 2974 enim
759 2909 908 2975 Ecclesia
948 2909 1064 2975 sedula
1102 2908 1330 2992 depositorum

148 3081 149 3084 ,
238 3011 326 3094 apud
348 3031 382 3075 se
405 3011 595 3093 dogmatum
616 3017 726 3074 custos
753 3015 787 3073 et
808 3008 927 3074 vindex
949 3007 1033 3072 nihil
1053 3009 1088 3072 in
1108 3008 1160 3073 his
1182 3029 1329 3092 unquam

237 3117 419 3193 permutat,
448 3108 530 3172 nihil
559 3109 694 3187 minuit,
725 3107 807 3172 nihil
836 3107 943 3188 addit,
974 3107 1032 3173 sed
1054 3107 1143 3173 omni
1162 3107 1329 3172 industria

237 3216 349 3274 vetera
376 3207 519 3273 fideliter
548 3208 779 3291 sapienterque
801 3207 975 3274 tractando
1005 3206 1033 3272 si
1054 3228 1120 3290 qua
1142 3207 1328 3290 antiquitus

237 3307 415 3373 informata
436 3313 522 3386 sunt,
546 3313 579 3371 et
597 3306 732 3372 Patrum
752 3306 834 3372 fides
855 3307 948 3386 sevit,
967 3307 1016 3371 ita
1036 3306 1162 3384 limare,
1182 3305 1326 3388 expolire

237 3407 364 3486 studet,
394 3412 433 3471 ut
459 3405 568 3489 prisca
595 3405 653 3471 illa
681 3405 833 3473 coelestis
862 3406 1031 3471 doctrinae
1060 3405 1217 3488 dogmata
1245 3404 1326 3470 scci-

236 3507 331 3589 piant
363 3505 576 3584 evidentiam,
609 3506 733 3585 lucem,
770 3505 1031 3584 distinctionem,
1069 3493 1129 3569 sed
1160 3505 1325 3570 retineant

237 3605 485 3688 plenitudinem,
515 3605 749 3688 integritatem,
779 3605 1026 3687 proprietatem,
1057 3624 1095 3668 ac
1116 3602 1152 3666 in
1173 3625 1233 3668 suo
1254 3609 1324 3668 tau-

237 3712 309 3769 tum
332 3724 451 3786 genere
473 3709 637 3782 crescant,
667 3704 701 3766 in
724 3703 838 3768 eodem
867 3703 992 3768 scilicet
1014 3702 1182 3786 dogmate,
1213 3702 1322 3768 eodem

237 3824 335 3868 sensu
357 3802 536 3885 eademque
559 3802 732 3866 sententia.

299 3901 461 3985 Equidem
492 3901 608 3966 Patres
639 3901 871 3984 Ecclesiaeque
909 3901 1093 3984 Scriptores
1130 3898 1321 3964 coelestibus

239 4000 348 4065 edocti
376 3999 514 4083 eloquiis
543 4000 626 4063 nihil
654 3999 823 4082 antiquius
850 4000 1011 4079 habuere,
1046 4021 1145 4084 quam
1173 3999 1207 4063 in
1234 3995 1320 4062 libris
