2728 4560
550 364 609 424 207

55 526 144 592 monio
166 524 264 591 elteri
285 525 362 589 dare
384 523 542 606 nequivitl
563 524 618 589 ·Et
639 545 746 606 porro.
791 523 913 589 Verum
934 525 1119 609 conjugium

54 625 109 689 sine
128 623 267 690 carnalis
297 621 534 688 commixtionis
561 643 720 686 consensu
751 622 891 688 existere
912 645 977 689 non
997 632 1119 708 potest.

55 724 80 790 S.
98 725 236 806 Deipara
257 721 466 805 praestititne
495 721 586 786 hunc
609 741 800 786 consensum
828 743 870 786 an
898 724 983 788 non?
1016 725 1118 803 Quem

53 823 75 887 si
92 823 267 906 praestitit,
294 841 371 886 vera
391 820 480 903 virgo
501 841 567 885 non
589 821 783 902 permansit;
812 821 936 886 sivero
958 843 1023 886 non
1045 844 1121 888 eon·

54 923 149 1001 sensit,
172 941 281 986 veram
303 921 473 1003 conjugem
493 939 566 984 eam
587 918 686 984 fuisse
709 920 863 1002 negaturi

103 1021 287 1102 Antequam
305 1018 348 1083 ad
364 1018 423 1082 has
445 1017 631 1100 similesque
651 1017 884 1100 respondemus
902 1019 1118 1102 difficultates,
1224 1052 1226 1056 ¹

54 1119 157 1202 quibus
183 1117 326 1202 permoti
357 1116 517 1194 nonnulli,
550 1116 695 1199 specioso
728 1115 844 1181 saltem
876 1117 1013 1184 obtentu
1044 1141 1122 1185 con·

52 1219 216 1283 servandae
237 1216 435 1300 virginitatis
455 1215 596 1294 Mariae,
626 1216 871 1280 matrimonium
891 1238 912 1281 a
932 1217 1120 1286 beatissima

51 1316 171 1400 Virgine
193 1338 267 1381 cum
288 1338 312 1380 s·
334 1315 455 1398 Joseph
477 1321 681 1386 contractum
701 1323 877 1398 negarunt,
899 1338 958 1400 pro
980 1317 1121 1384 faciliori

52 1415 358 1499 clarioriquebujus
386 1421 548 1480 tractatus
578 1414 617 1478 de
646 1435 721 1480 vero
751 1421 785 1480 et
813 1416 980 1506 essentiali
1008 1419 1123 1482 matri·

52 1516 147 1580 monio
179 1537 199 1580 a
230 1514 261 1579 b.
291 1513 424 1596 Virgine
457 1519 490 1577 et
521 1533 541 1578 a
577 1533 601 1576 s.
633 1511 756 1595 Joseph
788 1513 870 1578 inito
902 1514 1123 1598 intelligentia

52 1635 159 1696 operae
189 1614 333 1698 pretium
365 1633 435 1678 esse
464 1611 694 1695 judicavimus,
729 1618 805 1677 ante
838 1613 946 1678 omnia
976 1615 1123 1696 penitius

52 1712 198 1778 disserere

499 1907 602 2040 Gap.
634 1907 661 2016 Ι.

54 2114 103 2184 ns
122 2114 372 2184 asamona
394 2112 575 2182 GOPULAE
595 2112 680 2181 REO
701 2112 789 2181 NON
809 2114 1053 2183 OONSENSUS
1073 2115 1124 2183 ln
1236 2057 1238 2064 ·

174 2213 381 2284 eorunm
400 2211 458 2280 AB
479 2211 752 2280 normann
772 2211 993 2283 VALOREM.

107 2381 326 2465 Exponamus,
361 2397 520 2461 quaenam
550 2376 668 2441 relatio
701 2377 944 2442 matrimonium
972 2379 1059 2444 inter
1088 2386 1122 2446 et

56 2481 191 2562 copulam
220 2479 345 2556 existat
362 2477 644 2561 inquiremusque,
662 2498 716 2568 ¹an
736 2477 979 2543 matrimonium
1006 2478 1041 2543 in
1062 2501 1122 2544 sua

54 2581 167 2645 ratione
186 2578 337 2662 copulam
358 2578 409 2642 vel
426 2576 543 2642 saltem
565 2576 712 2641 ordinem
733 2576 880 2642 includat
899 2577 943 2642 ad
961 2577 1122 2662 copulam.

54 2677 127 2745 Hinc
147 2679 283 2745 dicimus

539 2843 572 2927 g.
593 2838 623 2910 1.

79 2990 229 3076 Copula
258 2989 446 3055 carnalis
475 3009 554 3054 non
582 2987 775 3070 pertinet
804 2987 855 3066 ad
882 2987 1094 3054 rationem

444 3086 715 3152 matrimonii.

109 3221 304 3289 Matrimonii
324 3220 498 3284 essentiam
517 3218 615 3284 sitam
637 3240 706 3284 esse
728 3219 762 3282 in
779 3219 897 3302 copula
918 3219 1042 3286 carnali
1061 3220 1081 3285 J
1087 3242 1126 3284 u·

54 3317 172 3388 lianus
193 3320 389 3404 Pelagianos
410 3319 607 3402 opinabatur
627 3324 713 3383 teste
734 3339 758 3382 s.
777 3318 1009 3403 Augustino,
1032 3319 1122 3402 qui²)

55 3427 157 3487 contra
173 3422 280 3505 ipsum
298 3418 442 3501 scripsit:
466 3417 559 3500 ,Jam
576 3439 652 3483 vero
671 3417 711 3481 de
726 3417 857 3501 Joseph,
876 3418 968 3501 cujus
983 3417 1125 3482 Mariam

55 3522 132 3584 teste
150 3520 323 3602 Evangelio
346 3518 514 3601 conjugem
538 3518 615 3596 dixi,
636 3518 741 3582 multa
762 3517 819 3583 diu
840 3517 988 3600 disputas
1009 3523 1124 3582 contra

55 3621 237 3686 sententiam
265 3639 371 3683 meam
399 3623 434 3681 et
453 3617 580 3682 conaris
609 3616 796 3696 ostendere,
827 3616 904 3700 quia
931 3614 1124 3680 concubitus

57 3713 159 3797 deluit,
175 3719 263 3784 nullo
282 3717 378 3782 modo
397 3715 498 3780 fuisse
516 3713 714 3800 conjugium3
737 3737 775 3781 ac
791 3737 851 3799 per
868 3716 928 3780 hoo
947 3713 1124 3779 seeundum

56 3819 97 3893 te,
117 3838 209 3900 quum
230 3815 418 3883 destiterint
439 3813 651 3880 concumbere
673 3815 834 3899 conjuges,
851 3814 921 3899 jam
940 3833 1006 3878 non
1027 3816 1126 3876 erunt
1164 3903 1167 3910 ,

57 3950 238 3966 h...-

119 4017 138 4083 ¹)
153 4016 211 4074 Lib.
227 4017 261 4084 V,
278 4032 321 4087 cp.
337 4017 363 4072 9.
380 4016 478 4069 contra
494 4013 644 4070 Julisuum.
