2730 4564
606 355 663 416 161

88 534 252 593 crescere,
281 520 319 579 ut
347 520 448 594 esset,
478 514 566 599 quod
586 520 702 597 postea
722 521 834 598 posset
862 514 987 580 excidi“
1016 514 1089 597 (per
1109 514 1171 579 vir-

87 613 275 697 ginitatem)
305 620 339 679 et
367 612 494 696 adjicit:
528 612 715 697 ,Simulque
744 613 979 679 consideranda
1006 614 1053 677 ris
1080 613 1171 677 verbi

88 718 151 794 ,et
170 712 327 795 replete
353 711 521 777 terram“
542 712 677 794 nuptiae
699 718 821 776 terram
842 713 978 794 replent,
1001 712 1170 795 virginitas

87 810 309 894 paradisum.“
903 860 904 864 ,

150 908 216 974 Sed
233 908 295 988 iac,
314 908 420 975 verbis
438 909 549 974 citatis
569 915 827 994 praeceptum
848 910 963 988 inesse,
980 908 1041 973 hoc
1060 915 1170 974 tamen

88 1014 301 1090 praeceptum
338 1015 483 1091 tempore
519 1009 600 1092 legis
632 1009 808 1088 Mosaicae,
846 1009 903 1073 ubi
934 1008 1073 1092 populus
1102 1008 1169 1091 jam

89 1113 175 1170 esset
207 1108 504 1186 numerosissimum
536 1129 601 1172 non
632 1108 771 1191 amplius
803 1108 992 1190 perduravit
1023 1107 1168 1190 illudque

88 1226 152 1270 non
182 1205 326 1289 singulos
354 1207 394 1270 de
424 1207 670 1284 communitate,
700 1206 758 1272 sed
778 1213 883 1272 totam
904 1206 1170 1271 communitatem

88 1305 269 1387 generatim
301 1305 465 1388 obligavit.
516 1306 568 1372 Sic
601 1307 700 1370 etiam
731 1311 942 1387 praeceptum
974 1312 1039 1384 est,
1073 1325 1168 1388 agros

88 1403 129 1468 ad
162 1404 416 1468 conservandam
452 1405 552 1470 vitam
585 1404 760 1468 humanam
797 1405 919 1482 colere,
957 1411 1169 1487 praeceptum

87 1501 236 1585 profecto
257 1525 324 1568 non
345 1503 487 1586 singulos
509 1503 671 1586 obligans,
701 1503 783 1571 alias
807 1503 926 1585 singuli
946 1525 1040 1586 agros
1063 1503 1168 1568 colere

87 1601 253 1666 deberent.
298 1601 486 1668 Plenissime
513 1603 676 1667 consentit
701 1624 725 1666 s.
749 1601 926 1667 Thomas:
956 1602 1167 1684 ,Respondeo

87 1700 275 1780 dicendum,
305 1702 425 1785 inquit,
438 1702 461 1784 ¹)
491 1701 578 1784 quod
599 1707 718 1764 natura
738 1700 875 1766 inclinat
901 1701 943 1765 ad
964 1700 1087 1784 aliquid
1109 1701 1167 1764 du-

85 1799 230 1882 pliciter:
253 1800 326 1865 Uno
348 1799 453 1878 modo,
477 1799 561 1864 sicut
581 1799 623 1864 ad
644 1798 686 1877 id,
706 1799 794 1882 quod
815 1805 865 1863 est
885 1799 1104 1864 necessarium
1125 1799 1167 1863 ad

85 1897 321 1980 perlectionem
342 1898 455 1977 unius3
484 1904 518 1962 et
538 1898 615 1963 talis
636 1898 804 1963 inclinatio
834 1898 1012 1982 quemlibet
1033 1897 1166 1980 obligat,

84 1996 164 2079 quia
204 1997 371 2062 naturales
409 1997 627 2081 perfectiones
668 1998 818 2062 omnibus
858 2005 934 2063 sunt
972 2018 1166 2062 communes.

85 2095 160 2159 Alio
182 2095 278 2160 modo
307 2096 445 2162 inclinat
465 2097 508 2161 ad
528 2097 668 2180 aliquid,
698 2097 787 2180 quod
809 2103 860 2162 est
884 2097 1103 2161 necessarium
1124 2096 1166 2161 ad

83 2193 322 2277 perfectionem
353 2195 588 2261 multitudinis:
625 2201 659 2260 et
691 2216 791 2278 quum
821 2195 926 2260 multa
960 2196 1026 2260 sint
1056 2195 1167 2278 hujus-

84 2293 188 2372 modi,
218 2315 357 2376 quorum
381 2315 482 2358 unum
510 2293 647 2376 impedit
672 2293 776 2372 aliud,
807 2313 847 2358 ex
874 2295 936 2360 tali
955 2294 1165 2360 inclinatione

84 2413 150 2456 non
172 2391 338 2476 obligatur
359 2392 498 2477 quilibet
512 2392 614 2458 'homo
637 2414 697 2476 per
722 2392 855 2457 modum
874 2393 1055 2476 praecepti:
1084 2393 1166 2458 alias

86 2490 226 2573 quilibet
253 2491 349 2557 homo
382 2492 583 2574 obligaretur
614 2491 657 2556 ad
687 2491 919 2574 agriculturam
951 2498 985 2557 et
1016 2490 1165 2557 aedifica-

85 2589 205 2654 toriam
242 2597 276 2656 et
308 2591 350 2656 ad
381 2590 567 2674 hujusmodi
600 2589 718 2669 officia,
757 2611 841 2673 quae
875 2598 952 2657 sunt
983 2591 1166 2657 necessaria

85 2689 313 2754 communitati
333 2689 524 2754 humanae.“
1060 2757 1064 2764 ,

145 2786 248 2852 Juxta
273 2787 356 2852 alios
376 2787 476 2854 rerba
502 2787 644 2871 allegata
664 2809 729 2852 non
750 2794 961 2871 praeceptum
987 2786 1164 2864 continent,

85 2885 144 2951 sed
164 2885 495 2952 benedictionem.
535 2886 605 2952 Hoc
622 2908 734 2951 verum
752 2907 831 2965 esse,
847 2887 915 2969 jam
933 2907 973 2950 ex
991 2906 1028 2950 eo
1048 2885 1163 2962 elucet,

86 2983 175 3068 quod
196 2984 284 3050 Deus
305 2985 363 3049 illa
383 2985 483 3051 verba

146 3106 175 3148 a.
213 3084 340 3149 duabus
373 3085 497 3150 vicibus
529 3085 572 3150 ad
602 3085 749 3149 homines
785 3090 877 3166 post
915 3089 1165 3148 contractum

87 3183 126 3247 ab
149 3183 190 3247 iis
211 3183 505 3248 matrimonium
527 3183 693 3262 direxerit,
715 3204 832 3266 nempe
854 3182 895 3246 ad
915 3187 1164 3264 protoparentes

85 3288 214 3348 nostros
241 3281 276 3346 in
303 3283 456 3365 paradiso
485 3283 661 3348 existentes
690 3288 724 3346 et
752 3282 795 3347 ad
819 3281 889 3346 Noe
918 3281 1053 3365 ejusque·
1079 3278 1163 3345 filios

85 3389 159 3465 post
181 3381 351 3461 diluvium,
380 3402 480 3466 quum
503 3403 543 3446 ex
564 3402 640 3446 arca
661 3379 783 3464 egressi
802 3380 948 3445 fuissent.
991 3380 1077 3462 Ergo
1098 3400 1164 3444 non

85 3480 251 3563 praecepit
286 3481 327 3544 iis
362 3480 535 3558 Dominus,
573 3486 611 3544 ut
644 3480 875 3545 contraherent
910 3477 1161 3555 matrimonium,

85 3579 141 3644 sed
173 3579 352 3662 impertivit
379 3579 489 3662 potius
520 3577 781 3643 benedictionem
810 3577 853 3643 ad
880 3576 1163 3659 multiplicandum

85 3699 186 3762 genus
206 3677 427 3760 humanum.²)

151 3910 170 3975 ¹)
188 3907 282 3978 Suppl.
299 3926 326 3978 q.
343 3905 415 3972 XLI,
432 3923 456 3963 a.
474 3907 497 3964 2.
531 3906 552 3974 ²)
569 3905 624 3962 cfr.
641 3905 711 3962 Gen.
727 3903 763 3972 Il,
776 3907 808 3961 23
826 3921 868 3974 sq;
887 3906 954 3963 Gen.
969 3903 1031 3972 vll,
1049 3907 1077 3972 73
1094 3893 1161 3962 Gen.

85 3990 160 4056 Vlll,
180 3991 224 4058 183
241 3991 309 4046 Gen.
327 3990 374 4056 lX,
394 3991 417 4045 1.
