2728 4554
749 349 822 414 '478

251 523 384 600 praeter
414 514 548 578 verbum
578 513 639 577 Dei
671 514 829 597 seriptum
860 513 954 578 nihil
972 513 1008 580 iri
1038 516 1195 599 religione
1223 517 1312 581 valere

253 615 469 691 contendunt,
501 612 583 677 bene
613 613 768 692 seientes,
807 611 931 678 nullam
957 613 1059 680 fuisse
1086 616 1243 680 rationem
1266 617 1312 680 As-

252 715 470 796 sumptionem
490 711 521 775 br
544 711 686 793 Virginis
707 711 864 775 narrandi
884 713 918 775 in
940 713 1131 796 Evangelio,
1161 715 1244 797 quod
1261 735 1313 778 non

253 814 419 879 contineat
435 811 499 875 nisi
513 810 684 874 historiam
701 809 823 874 Christi
838 831 941 893 usquo
959 811 1001 875 ad
1018 813 1088 896 ejus
1106 813 1314 878 Ascensionem

252 914 287 977 in
308 912 442 990 coelum,
465 903 533 974 nec
545 909 579 972 in
599 907 831 990 Apostolorum
852 909 952 990 Actis,
977 911 1033 994 qui
1055 911 1173 976 horum
1193 919 1315 977 tantum·

216 1020 219 1026 '
252 1012 348 1077 modo
371 1014 463 1092 gesta
485 1007 752 1089 complectantur.

311 1109 460 1189 Neergo
482 1106 624 1183 mireris,
655 1104 742 1188 quod
768 1127 791 1170 s.
816 1106 976 1188 Deiparae
998 1107 1257 1191 Assumptionem
1273 1130 1313 1172 re

253 1196 679 1274 ritatem'nominaverimus
702 1205 831 1268 omnino
854 1211 987 1285 certam,
1016 1207 1095 1272 lioet
1118 1230 1143 1272 s.
1167 1209 1313 1292 Scriptum

252 1309 300 1374 nil
332 1309 372 1372 de
405 1327 444 1370 ea
474 1303 711 1368 memoraverit.
763 1303 868 1385 ,Sunt
900 1305 1000 1384 enim,
1034 1312 1119 1370 teste
1153 1307 1183 1371 d.
1212 1307 1313 1389 Augu-

253 1406 408 1488 stino,·¹)
442 1401 618 1489 quaedam,
650 1423 734 1486 quae
763 1403 908 1486 quamvis
936 1405 971 1467 in
999 1405 1171 1488 Scriptura
1199 1427 1312 1471 comme·

253 1506 374 1571 morari
392 1527 431 1570 ex
447 1510 517 1568 toto
536 1502 655 1567 omissa
670 1502 745 1580 sint,
761 1523 838 1566 vera
854 1509 964 1567 tamen
980 1505 1109 1569 ratione
1126 1506 1312 1570 creduntm.“
1356 1555 1357 1600 ,

241 1605 346 1671 ‘Unde
386 1610 420 1668 et
454 1624 589 1686 magnus
630 1601 806 1685 Aquinas
847 1623 993 1667 asserere
1033 1625 1098 1668 non
1137 1604 1313 1686 haesitat,²)

205 1716 207 1719 ’
253 1703 349 1787 quod,
367 1703 445 1766 licet
462 1702 497 1766 in
518 1724 542 1766 s.
560 1702 665 1767 literis
686 1723 751 1765 non
769 1701 929 1781 tradatur,
947 1703 1086 1768 Mariam
1108 1727 1183 1768 cum
1202 1725 1315 1788 corpore

252 1804 287 1867 in
309 1802 435 1867 coelum
456 1807 656 1884 assumptam
678 1821 757 1879 esse,
786 1807 896 1866 tamen
918 1802 952 1866 id
974 1825 994 1867 a
1022 1825 1044 1867 s.
1068 1804 1247 1887 Augustino
1263 1825 1315 1872 ¹ra·

255 1901 515 1968 tionabiliter
536 1900 645 1982 colligi
666 1905 766 1982 atque
787 1899 930 1983 probari.
991 1987 992 1990 Ἴ

314 2001 388 2067 Non
417 2022 491 2064 vero
522 2001 639 2064 desunt
670 2021 694 2064 s.
726 2000 959 2083 scripturae
990 2001 1092 2080 loca,
1127 2003 1244 2084 quibus
1269 2003 1314 2064 As-

252 2101 446 2184 sumptionis
465 2099 594 2177 veritas,
614 2099 642 2162 si
659 2119 725 2163 non
744 2099 980 2182 comprobatur,
998 2106 1110 2164 tamen
1128 2101 1315 2184 aliquatenus

252 2201 443 2264 innuitur.
495 2199 631 2281 ,Surge
662 2198 814 2276 Domine,
844 2199 951 2282 inquit
978 2198 1153 2263 Psalmista
1180 2198 1314 2282 regius,³)

244 2299 287 2363 'in
326 2299 472 2381 requiem
512 2303 618 2374 tuam,
659 2302 697 2360 tu
737 2303 770 2361 et
804 2318 880 2361 arca
919 2296 1187 2363 sanctificationis
1225 2298 1315 2363 tuae.“

253 2399 337 2476 Quia
365 2398 448 2480 ,tu“
483 2403 517 2460 et
548 2397 680 2478 ,arca“
718 2395 887 2461 distinctas
919 2397 1091 2479 designant
1117 2417 1269 2479 personas
1291 2401 1316 2458 et

253 2496 313 2561 sub
343 2497 482 2561 termino
512 2495 648 2577 ,arcae“
680 2494 712 2559 b.
740 2493 839 2577 Virgo
872 2495 1033 2559 communi
1062 2495 1316 2578 interpretatione

240 2594 455 2676 intelligitur,
484 2593 560 2658 hinc
591 2591 738 2658 nonnulli
767 2592 807 2657 de
829 2592 958 2657 Christo
987 2593 1121 2676 ejusque
1143 2595 1249 2659 Matre
1272 2592 1316 2656 illa

254 2692 443 2775 intelligunt
475 2691 582 2756 verba.
635 2691 687 2755 Ita
717 2689 958 2773 Nicephorum)
991 2697 1025 2756 et
1052 2692 1180 2776 Glycas.
1231 2693 1315 2777 ,Con-

253 2791 352 2855 simili
383 2791 536 2855 nimirum
564 2790 675 2868 modo,
709 2789 816 2873 inquit
845 2789 1037 2873 Glycas,⁵)
1078 2799 1113 2857 et
1139 2793 1244 2875 ipsam
1269 2789 1315 2855 Ilei

253 2890 394 2954 Matrem
422 2910 462 2953 ex
482 2889 619 2953 mortuis
647 2895 904 2953 resurrecturam
931 2887 1042 2969 fuisse,
1074 2912 1138 2974 quo
1160 2892 1261 2957 Filius
1278 2909 1315 2954 re

254 2995 455 3067 surrexerat,
492 2986 595 3052 multo
628 2994 704 3052 ante
736 2987 852 3052 beatus
887 2987 944 3052 ille
976 2988 1117 3054 Derides
1148 2986 1314 3075 hujusmodi

253 3087 361 3152 verbis
383 3085 636 3170 significaverat:
669 3087 806 3169 ,Surge,
828 3087 979 3164 Domine,
1003 3087 1038 3150 in
1058 3089 1207 3171 requiem
1226 3095 1313 3163 tuam

253 3191 300 3264 tu,
333 3185 475 3268 inquam,
508 3185 577 3267 ipse
607 3191 641 3248 et
669 3205 745 3249 arca
773 3185 957 3249 sanctitatis
987 3186 1095 3249 ’cuae‘t
1144 3186 1229 3252 Nam
1255 3184 1314 3268 quia

252 3290 350 3348 norat
371 3283 526 3361 Davides,
557 3304 644 3362 eam,
676 3303 759 3366 quae
781 3283 947 3348 Christum
966 3289 1060 3348 utero
1083 3305 1143 3349 suo
1165 3288 1313 3368 gestasset

254 3404 293 3447 ac
321 3381 412 3446 illam
440 3382 545 3464 ipsam
573 3381 614 3446 ob
643 3403 774 3446 causam
802 3403 879 3446 arca
907 3383 1093 3447 sanctitatis
1122 3391 1209 3449 esset
1234 3391 1313 3464 atque

253 3488 515 3565 nuncuparetur,
553 3481 667 3546 eodem
698 3487 795 3563 pacto
831 3488 1089 3546 resurrecturam
1126 3503 1144 3547 e
1176 3481 1312 3566 sepulcro,

254 3603 318 3665 quo
349 3589 383 3647 et
410 3587 507 3646 natus
536 3602 577 3646 ex
604 3580 676 3664 ipsa
704 3580 854 3646 Christus
883 3580 945 3645 Dei
972 3580 1074 3645 Filius
1106 3587 1141 3646 et
1169 3581 1253 3645 Deus
1276 3595 1313 3640 re

319 3830 339 3894 ¹)
359 3829 446 3884 Serm.
464 3829 486 3894 l,
507 3827 543 3880 de
566 3827 707 3897 Assumpt.
731 3828 809 3897 Virg.
850 3825 941 3895 ²)111,
962 3845 989 3896 q.
1007 3825 1121 3893 XXVII,
1144 3843 1169 3881 a.
1185 3831 1207 3880 1.
1246 3820 1310 3890 8)Ρι.

252 3911 374 3980 cxxxi,
391 3914 415 3967 8.
456 3911 478 3978 4)
496 3909 568 3964 Hist.
585 3910 653 3964 eccl.
671 3926 714 3979 cp.
731 3913 771 3966 23.
813 3911 835 3977 ὅ)
853 3910 952 3965 Annal.
970 3928 997 3979 p.
1015 3909 1066 3978 111,
1084 3909 1159 3979 apud
1174 3925 1233 3966 ven.
1248 3900 1311 3960 eni·

252 3991 324 4045 sium
340 3993 359 4048 l.
376 4009 400 4047 c.
418 4010 445 4060 p.
463 3991 512 4060 IV,
529 4009 593 4062 pag.
610 3996 652 4047 71.
