2728 4560
568 348 626 410 183

66 508 227 591 exemplis3
266 514 504 574 sacramentum
537 525 666 592 qnoque
700 507 809 591 ipsum
843 508 1044 576 matrimonii
1078 530 1139 594 per

66 626 93 670 se
120 612 172 672 est
204 605 519 673 excellentissimum.
569 606 637 672 Nec
668 613 815 690 potestas
846 615 960 674 mutue
992 608 1071 674 data
1102 614 1137 676 ct

65 711 190 788 accepta
217 705 307 771 tollit
335 707 588 787 continentiam,
619 707 682 772 nisi
710 706 849 772 actualis
876 713 1035 790 sequatur
1062 729 1137 773 con-

66 806 237 870 summatio.

116 911 334 977 Nihilominus
355 933 473 977 vovens
490 917 606 995 peccat
623 911 843 976 contrahendo
862 917 896 976 et
914 911 1021 976 dando
1039 911 1137 978 alteri

65 1016 253 1091 potestatem
294 1011 329 1075 in
369 1031 487 1094 corpus
528 1031 638 1089 suum,
681 1010 758 1093 quia
801 1011 1062 1077 communitor
1100 1033 1136 1076 se

65 1109 200 1191 periculo
237 1111 306 1175 voti
341 1109 484 1174 violandi
521 1109 663 1192 exponit.
717 1108 812 1186 Quod
841 1110 1024 1192 periculum
1058 1131 1135 1178 vero

64 1229 119 1272 non
140 1208 249 1287 adest,
279 1209 409 1292 quando
432 1209 521 1274 Deus
548 1209 618 1291 ipsc
637 1214 809 1274 voventem
830 1209 873 1274 ad
893 1209 1137 1274 matrimonium

65 1308 313 1373 contrahendum
339 1309 451 1391 dirigit
477 1309 673 1392 quandoque
699 1315 809 1373 actum
830 1308 1034 1392 conjugalem
1054 1329 1136 1373 nun·

65 1429 153 1489 quam
190 1429 260 1473 esse
296 1414 484 1474 secuturum
521 1408 700 1474 certissime
738 1409 848 1474 scitur.
901 1408 937 1473 Β.
970 1409 1137 1492 Virginem

64 1506 117 1572 hac
144 1508 185 1572 de
213 1529 249 1573 re
280 1508 434 1573 divinitus
463 1507 677 1574 certificatum
704 1507 822 1587 fuisse,
852 1527 892 1572 ex
920 1529 960 1572 ss.
982 1506 1138 1572 Patribus

64 1606 187 1688 plurimi
205 1606 396 1685 docuerunt,
408 1628 457 1690 vg.
471 1628 496 1671 s.
510 1606 720 1689 Anselmus,¹)
738 1606 931 1690 Albcrtus,²)
950 1628 973 1671 s.
987 1606 1135 1685 Thomas,

65 1727 84 1768 s.
106 1705 347 1785 Bonaventura,
371 1706 531 1788 Scotus,³)
559 1705 654 1788 Hugo
677 1727 697 1770 a
718 1712 779 1770 sto.
801 1706 943 1784 Victore,
952 1705 980 1787 4)
1008 1705 1137 1770 Duran-

65 1803 165 1886 dus35)
187 1825 228 1869 cx
248 1805 486 1870 recentioribus
507 1804 667 1888 theologis
688 1805 844 1886 Estius,⁶)
867 1804 993 1888 Sylvius
1005 1806 1030 1886 7)
1053 1810 1114 1869 etc.

119 1911 297 1976 Audiamus
318 1910 520 1994 Hugonem
540 1911 805 1977 Victorinum:
833 1911 902 1993 ,Ob
924 1911 994 1990 hoc,
1016 1911 1134 1994 inquit,

64 2010 126 2074 viro
146 2010 269 2075 nubere
292 2009 470 2089 consensit,
498 2009 634 2094 speciali
653 2007 774 2074 fiducia
799 2008 991 2074 confirmata
1012 2014 1046 2073 et
1066 2029 1134 2091 spe,

65 2129 154 2190 quam
180 2109 216 2174 in
246 2110 351 2174 Deum
378 2107 538 2187 habebat,
570 2130 636 2173 non
664 2107 779 2187 dubia,
809 2107 898 2191 quod
926 2127 998 2172 cam
1026 2105 1136 2171 divina

64 2207 279 2273 misericordia
320 2208 369 2273 ita
412 2207 609 2286 custodiret,
655 2205 743 2290 quod
784 2212 895 2270 votum
937 2205 1135 2288 virginitatis

64 2326 123 2369 non
148 2313 319 2390 cogeretur
344 2307 526 2389 frangere.“
570 2305 727 2371 Similiter
754 2304 974 2384 Durandus,
1004 2305 1061 2388 qui
1087 2304 1137 2370 ita

65 2392 170 2470 babet:
199 2406 293 2488 ,Alio
315 2405 411 2471 modo
432 2411 543 2488 potest
563 2404 697 2482 salvari,
722 2402 825 2487 (quod
844 2424 961 2487 nempe
982 2403 1013 2468 b.
1034 2403 1134 2487 Virgo

65 2503 178 2587 absque
205 2505 274 2570 voti
295 2505 346 2570 sui
366 2504 566 2587 praejudicio
595 2503 629 2567 in
649 2501 896 2568 matrimonium
920 2502 1134 2585 consenserit)

65 2599 206 2684 dicend0,
237 2604 325 2687 quod
352 2610 430 2669 ante
457 2601 702 2668 matrimonium
728 2601 830 2679 vovit,
864 2601 921 2667 sed
949 2601 1059 2666 divina
1084 2622 1137 2667 re*-

64 2701 216 2769 relationc
256 2703 436 2769 certificata
472 2703 538 2768 fuit
575 2702 615 2767 de
653 2701 778 2768 carnali
814 2699 932 2783 copula
968 2722 1135 2784 nunquam

64 2799 301 2867 subsecutura.“

122 2900 235 2966 Divina
261 2901 319 2966 illa
348 2900 540 2967 certificatio
570 2900 670 2965 ctiam
697 2899 856 2964 ratione
884 2896 1043 2962 firmatur.
1085 2895 1135 2959 Ex

66 3017 100 3061 eo
120 3000 218 3079 enirn,
249 3001 337 3084 quod
364 3023 388 3066 s.
412 3001 555 3084 Deipara
583 2998 718 3083 speciali
739 2997 879 3082 Spiritus
908 3018 932 3062 s.
955 2995 1135 3061 directione

65 3095 97 3159 in
115 3100 260 3165 omnibus
281 3101 481 3179 actionibus,
508 3099 703 3183 praesertim
723 3098 758 3162 in
778 3097 834 3176 iis,
864 3118 948 3181 quae
969 3097 1012 3162 ad
1032 3097 1136 3162 totius

65 3195 142 3262 ritae
173 3199 275 3281 ipsius
307 3205 431 3264 statum
465 3198 675 3282 spectabant,
713 3196 952 3280 gubernaretur
983 3195 1135 3279 quodque

66 3297 189 3378 angelus
221 3319 245 3363 s.
274 3299 397 3382 Josoph
428 3298 564 3363 dixerit:
602 3295 675 3379 ,Ne
709 3296 851 3360 timeas
882 3294 1046 3359 Mariam
1077 3315 1135 3359 ac·

67 3393 190 3476 cipere
225 3397 246 3461 i.
280 3419 306 3462 e.
343 3398 485 3463 retinere
520 3397 725 3478 conjugem
761 3395 905 3472 tuam,“
940 3393 1134 3459 concludere

66 3509 241 3575 possumus,
270 3497 361 3562 illam
380 3519 401 3562 a
421 3495 553 3562 fortiori
579 3515 638 3577 per
666 3493 818 3576 angelum
845 3492 946 3558 fuisse
974 3493 1133 3572 edoctam,

68 3647 252 3665 ffi-

125 3745 143 3810 1)
161 3743 191 3799 ln
205 3744 279 3800 hom.
298 3760 381 3812 super
393 3742 502 3812 Evang.
518 3741 656 3809 „Intravit
670 3741 751 3796 Jcsur
766 3741 796 3795 in
811 3739 950 3810 quoddam
964 3739 1134 3795 caranumr‘

67 3821 87 3887 ²)
106 3823 135 3880 ln
155 3826 265 3881 Mariali
290 3843 332 3892 op.
355 3826 396 3881 38.
438 3828 459 3892 ⁸)
484 3825 517 3879 ln
538 3824 590 3892 lV,
614 3824 679 3880 dist
703 3822 788 3890 XXX,
811 3841 838 3892 q.
858 3827 883 3879 2.
923 3825 945 3891 ⁴)
967 3824 1001 3877 ln
1025 3823 1075 3878 lib.
1098 3823 1134 3878 do

69 3908 452 3980 lemvirginitBMrriae
475 3924 519 3977 cp.
537 3911 560 3963 1.
601 3909 623 3972 ⁶)
642 3905 675 3962 ln
693 3905 740 3971 lv,
763 3907 826 3962 dist
844 3907 933 3971 XXX,
955 3924 980 3976 q.
997 3909 1021 3962 2.
1063 3905 1134 3974 ⁶)ln

70 3983 453 4060 lucianistae.
486 3993 507 4058 ⁷)
524 3990 557 4044 ln
575 3989 624 4057 111,
641 4008 669 4060 p.
686 4007 706 4045 a.
724 3989 775 4046 Th.
792 4006 818 4058 q.
836 3989 1048 4056 xxvnm.
