2728 4554
750 346 812 405 470

240 506 329 571 Elias
357 505 450 588 igneo
480 525 578 569 curru
605 504 640 568 in
662 503 798 569 sublime
831 505 976 570 elevatus
1005 510 1071 584 est3
1104 505 1151 570 sic
1182 504 1297 582 diceret,

240 606 345 690 ipsam
376 605 499 689 absque
526 603 619 668 obitu
647 623 664 666 e
692 603 830 668 terrenis
861 602 919 668 ad·
932 602 1088 670 coelestia
1118 611 1301 687 assumptam

239 704 340 769 fuisse
363 752 494 767 .....
527 702 700 767 Caeterum
728 702 976 767 condonandum
1003 702 1072 781 illi,
1098 703 1126 767 si
1154 703 1251 786 (qnod
1274 707 1301 766 et

239 803 313 867 aliis
334 800 545 867 sanctissimis
567 807 667 885 atque
696 801 924 866 eruditissimis
945 802 1022 866 viris
1044 823 1142 885 saepe
1163 802 1300 866 accidisse

239 900 426 986 reperitur)
449 900 526 965 dum
547 899 726 965 ardentiori
747 900 855 965 studio
877 901 911 964 in
932 900 1043 966 hostes
1064 900 1233 976 invehitur,
1258 891 1300 963 r'e·

238 1000 434 1065 hamentiori
463 999 586 1082 impetu
619 1001 654 1064 in
687 1001 882 1065 contrariam
909 1007 1038 1083 partem
1071 1008 1165 1066 actus
1198 1001 1299 1065 lineam

171 1180 175 1187 Ι
239 1099 389 1164 videatur
419 1098 659 1182 aliquantulum
690 1099 837 1164 veritatis
873 1120 942 1164 esse
973 1105 1204 1181 transgressus.
1252 1098 1299 1163 Ca·

238 1198 360 1262 tholica
389 1199 509 1281 quippe
536 1197 683 1262 Ecclesia
710 1198 834 1263 nullam
862 1198 902 1262 de
931 1198 1023 1263 obitu
1052 1198 1114 1263 Dei
1143 1197 1298 1264 Genitricis

239 1295 477 1361 dubitationem
505 1296 666 1374 admittit,
696 1295 754 1360 sed
782 1317 880 1378 quam
908 1296 999 1361 novit
1027 1297 1188 1361 humanae
1215 1295 1298 1359 suisa

237 1403 374 1461 naturae
403 1402 601 1472 consortem,
634 1395 809 1459 humanam
836 1395 963 1476 pariter
989 1395 1151 1459 moriendi
1178 1393 1298 1458 necessi·

239 1502 342 1561 tatem
364 1500 531 1577 expertam
552 1493 719 1559 affirmat.“
762 1493 851 1558 Haec
872 1493 1041 1558 Beronius.
1358 1487 1359 1490 '

729 1693 763 1776 a
787 1690 820 1758 a.

266 1839 349 1916 Quo
379 1840 525 1904 mortis
554 1859 705 1922 genere
733 1838 763 1902 b.
792 1838 918 1921 Virgo
947 1837 1085 1902 fuerit
1112 1843 1274 1902 mortua.

298 1986 453 2052 Nonnulli
474 1993 624 2052 auctores
646 2009 670 2051 s.
694 1987 852 2052 Simeonis
873 1986 1004 2052 oraculo
1027 1987 1167 2068 ,Tuam
1187 1985 1297 2069 ipsius

238 2087 404 2150 animam
436 2085 707 2170 pertransibit
738 2085 950 2168 gladius“¹)
984 2086 1143 2168 permoti,
1179 2085 1209 2148 b.
1238 2083 1298 2148 Vir-

236 2186 343 2269 ginem
381 2187 571 2270 martyrio
610 2185 678 2250 vita
708 2184 855 2250 functam
894 2184 1111 2250 tradiderunt.
1171 2183 1299 2260 Quorum

235 2286 434 2350 mentionem
464 2285 587 2350 faciens
619 2305 643 2348 s.
673 2284 887 2367 Isidorusl)
919 2283 961 2348 ad
989 2282 1126 2348 eandem
1157 2280 1299 2346 inclinare

235 2383 365 2448 videtur
402 2385 606 2450 sententiam.
663 2383 829 2448 Incertum
867 2383 954 2447 enim
991 2389 1042 2447 est
1077 2382 1173 2464 juxta
1209 2379 1296 2452 illum,

236 2489 367 2564 ,utrum
396 2482 486 2547 dicta
512 2483 611 2547 rerba
631 2503 689 2565 pro
711 2482 860 2565 martyrii
887 2481 994 2565 gladio
1024 2481 1161 2560 dixerit,
1190 2501 1230 2544 an
1248 2497 1297 2561 pro

234 2580 331 2646 verbo
361 2581 423 2646 Dei
450 2581 556 2646 valido
586 2587 620 2646 et
646 2589 757 2659 acuto,
786 2602 865 2664 prae
894 2581 981 2646 omni
1008 2579 1116 2664 gladio
1145 2575 1297 2661 ancipiti.“

236 2679 380 2744 Dicimus

299 2783 324 2842 l.
357 2778 394 2843 B.
416 2778 535 2862 Virgo
564 2802 638 2846 non
666 2781 855 2864 martyrio
885 2785 954 2845 aut
980 2780 1161 2845 violenta
1187 2782 1297 2843 morte

235 2875 346 2940 obiit.
389 2877 441 2941 Ita
469 2877 616 2944 referunt
645 2901 685 2944 ss.
706 2878 821 2944 Patres
847 2879 1052 2944 unanimiter.
1096 2877 1184 2960 ,Neo
1204 2876 1295 2948 litera

234 2994 294 3037 nec
314 2973 451 3040 historia
473 2975 568 3041 docet
588 2983 674 3042 teste
695 2977 725 3042 d
748 2976 1002 3060 Ambrosio,³)
1029 2977 1169 3042 Mariam
1190 2997 1227 3041 ex
1245 2975 1296 3037 hac

233 3071 302 3135 vita
329 3075 506 3156 corporalis
533 3075 622 3142 necis
643 3076 792 3158 passione
813 3077 998 3160 migrasse.“
1039 3075 1164 3140 Eadem
1190 3071 1296 3156 repetit

233 3191 313 3234 ven.
344 3171 483 3257 Beda4)
513 3174 684 3257 adjiciens:
718 3175 831 3258 ,Unde
859 3181 965 3242 restat
984 3175 1139 3259 intelligi,
1169 3172 1295 3257 gladium

233 3269 334 3348 illum,
365 3271 405 3335 de
433 3294 497 3356 quo
527 3272 660 3338 dicitur:
693 3273 737 3340 Et
764 3275 891 3358 gladius
920 3275 1030 3340 estin
1058 3273 1156 3339 labiis
1184 3287 1294 3338 eorum:

233 3366 295 3433 hoc
323 3375 388 3447 est,
418 3369 562 3435 dolorem
589 3371 769 3438 dominicae
791 3373 951 3456 passionis
979 3374 1048 3456 ejus
1076 3373 1216 3439 animam
1234 3389 1295 3453 per·

233 3467 409 3533 transiisse.
453 3469 543 3546 Quae
565 3471 627 3536 etsi
647 3471 820 3550 Christum,
843 3478 959 3556 utpote
977 3472 1172 3550 Deifilium,
1194 3473 1294 3554 sponte

232 3567 366 3649 propria
393 3569 476 3633 mori
503 3576 706 3654 mortemque
735 3570 839 3654 ipsam
867 3593 932 3637 non
960 3571 1129 3636 dubitaret
1157 3590 1223 3635 esse
1249 3565 1293 3630 de·

221 3879 224 3884 ,
300 3814 319 3880 ¹)
336 3814 404 3870 Luc.
424 3814 461 3880 ll,
478 3818 519 3871 35.
560 3817 583 3882 ¹)
601 3815 641 3871 De
663 3817 722 3872 vita
745 3823 775 3872 et
797 3817 875 3873 obitu
896 3818 1060 3874 Sanctorum
1085 3837 1129 3889 op.
1145 3821 1184 3874 68.
1221 3817 1240 3879 ⁸)
1255 3809 1291 3866 Ad

233 3897 328 4046 {1:⁸⁸8th
329 3897 539 4034 ξέηςοὶὶεῐαο
563 3899 650 3953 verbs
674 3901 722 3956 lib.
749 3901 784 3968 11,
808 3900 832 3970 §-
856 3905 897 3958 al.
938 3903 960 3967 ⁴)
983 3901 1028 3956 Ad
1052 3904 1139 3957 verba
1162 3893 1290 3965 Evangelii
