2730 4564
768 347 808 406 80

312 505 512 571 Rabidorum
533 504 637 569 instar
663 525 780 569 eanum
808 507 1015 574 oblatrarunt
1042 528 1169 591 semper
1191 530 1330 592 semper-

148 677 149 680 ,
250 626 314 690 que
343 604 509 670 oblatrant
535 603 693 668 haeretiei
718 605 982 686 pulcherrimam·
995 607 1079 672 hanc
1106 607 1265 673 virtutem
1293 608 1330 674 de

207 753 210 759 -
250 704 341 770 coelo
358 703 402 768 ad
417 709 540 769 terram
556 702 806 768 descendentem
822 711 963 771 contra
978 713 1161 772 naturam
1177 729 1249 772 esse
1261 729 1330 773 eam

250 803 461 868 blaterantes.
505 801 614 866 Toties
641 802 773 885 quidem
794 803 843 868 illi
869 805 1028 887 serpentis
1049 805 1168 891 inferni
1190 807 1332 872 asseclae

251 902 403 980 convicti,
423 901 646 984 ¹'pertinaciter
674 902 804 968 easdem
831 911 980 987 repetere
1008 927 1073 970 non
1101 907 1256 973 desinunt
1285 928 1332 972 oa-

250 1003 398 1070 lumnias.
443 1001 549 1080 Quare
577 1002 620 1067 ad
641 1001 874 1070 infensissimos
901 1005 1097 1088 virginitatis
1117 1005 1332 1071 insectatores

251 1102 375 1185 optimo
394 1101 467 1184 jure
488 1101 689 1184 applicamus
711 1101 842 1186 illud:¹)
872 1102 1001 1185 ,Dura
1020 1104 1183 1169 'cervice
1214 1112 1255 1170 et
1284 1106 1332 1169 in-

251 1199 499 1266 circumcisis
540 1199 727 1265 cordibus
768 1207 807 1265 et
849 1201 1028 1280 auribus,
1069 1224 1136 1266 vos
1178 1224 1333 1287 semper

252 1299 425 1382 Spiritui
456 1305 592 1364 sancto
625 1299 876 1364 restitistis.“
918 1299 1093 1365 Videamus
1116 1321 1193 1385 ergo
1216 1303 1262 1368 ad
1283 1304 1333 1368 de-

250 1399 509 1478 monstrandum,
538 1397 824 1481 peradmirabilem
851 1398 935 1462 hanc
963 1399 1119 1464 virtutem
1145 1401 1332 1468 nullatenus

175 1491 178 1498 ’
251 1519 433 1581 repugnare
454 1503 601 1576 naturae,
625 1496 785 1580 quomodo
813 1497 973 1576 ethnici,
1002 1499 1163 1581 quomodo
1190 1501 1212 1566 J
1216 1502 1333 1567 udaei

251 1604 286 1662 et
307 1597 521 1678 christiani
542 1595 581 1662 de
604 1616 643 1660 ea
661 1597 887 1680 judicaverint.

747 1781 778 1862 g.
801 1777 827 1844 1.

275 1926 473 2008 Quomodo
501 1927 654 1992 ethnici
681 1926 966 2008 Virginitatem
994 1929 1312 1997 aestimaverint.

312 2077 444 2142 Ethnici
475 2076 553 2141 licet
583 2076 669 2140 vitae
702 2075 866 2162 angelicae
895 2097 960 2140 non
992 2078 1204 2160 cognoverint
1234 2081 1332 2164 digni-

251 2185 369 2257 tatem,
399 2198 465 2241 non
485 2183 679 2259 potuerunt,
713 2177 791 2258 quin
818 2167 1106 2259 incomparabilem
1125 2175 1331 2260 Virginitatis

251 2277 405 2342 admirati
431 2277 496 2341 sint
522 2276 727 2359 majestatem
747 2297 785 2340 ao
806 2275 1091 2358 pulchritudinem.
1136 2276 1175 2342 D.
1198 2277 1332 2344 Hiero·

250 2397 393 2460 nymus,
417 2374 635 2439 validissimus
655 2375 851 2458 virginitatis
873 2375 1032 2454 defensor,
1054 2374 1232 2440 veritatem
1253 2378 1331 2442 hanc

250 2477 285 2540 in
316 2476 400 2540 libro
432 2475 536 2558 primo
569 2480 683 2538 eontra
713 2474 932 2554 Jovinianum,
968 2474 1165 2557 „Epicurum
1198 2475 1331 2542 Christi-

251 2575 424 2654 anorum,“
457 2595 497 2639 ex
524 2573 669 2657 professo
699 2573 853 2638 tractavit
881 2573 1142 2656 lucidissimaque
1171 2577 1329 2657 exposuit

250 2675 359 2740 Unum
379 2674 558 2738 alterumve
580 2679 707 2737 textum
727 2671 784 2737 fini
808 2679 919 2738 nostro
949 2673 1191 2738 convenientem
1215 2675 1332 2741 descri-

253 2773 328 2838 bere
362 2773 469 2838 liceat.
525 2771 752 2853 ,Percurram,
777 2771 915 2852 inquit,
954 2771 1097 2836 breviter
1130 2794 1269 2856 graecas
1303 2782 1332 2838 et

250 2872 371 2936 latinas
407 2871 628 2953 barbarasque
666 2870 820 2934 historias
859 2877 893 2934 et
933 2870 1071 2950 docebo,
1110 2871 1331 2954 virginitatem

250 2991 379 3053 semper
400 2969 542 3036 tenuisse
560 2968 739 3051 pudicitiae
757 2969 984 3052 principatum.
1023 2968 1183 3036 Referunt
1199 2971 1331 3038 fabulae

250 3069 439 3134 Atalantam
471 3068 683 3152 Calydoniam
713 3068 879 3151 Virginem
915 3089 1043 3151 semper
1064 3069 1114 3136 ,in
1149 3074 1330 3150 venatibus,

250 3189 378 3251 semper
403 3169 437 3232 in
464 3167 565 3246 silvis,
596 3188 662 3232 non
688 3173 851 3232 tumentes
879 3173 990 3232 uteros
1018 3166 1215 3250 feminarum
1242 3172 1331 3238 fasti-

250 3267 368 3351 diaque
401 3272 631 3348 conceptuum,
671 3265 728 3331 sed
761 3265 946 3349 expeditam
984 3273 1018 3332 et
1052 3276 1175 3334 castam
1207 3291 1332 3337 amasse

249 3367 412 3432 virtutem.
456 3365 653 3449 Harpalioen
680 3387 809 3449 quoque
830 3366 987 3450 virginem
1006 3366 1178 3432 Thraciam
1197 3367 1332 3454 insignis

250 3466 385 3549 poetar)
409 3464 577 3545 describit3
601 3471 635 3531 et
655 3465 801 3548 reginam
820 3465 1012 3530 Volscorum
1033 3466 1212 3547 Camillam,
1237 3490 1332 3553 quam

248 3564 392 3644 Turnus,
416 3565 469 3629 eui
490 3565 611 3629 auxilio
632 3570 781 3644 venerat,
803 3564 938 3630 laudare
959 3566 1084 3646 volens,
1104 3588 1171 3646 non
1192 3569 1332 3652 amphus

247 3664 373 3743 habuit,
396 3663 483 3747 quod
505 3663 637 3742 diceret,
657 3665 719 3728 nisi
740 3664 897 3747 virginem
917 3666 1142 3749 nominaret.³)
1185 3666 1212 3732 Ο
1235 3669 1331 3732 decus

154 3828 159 3837 ,
249 3762 365 3827 Italiae
378 3751 496 3845 'virgol
537 3762 768 3828 chalchioecus
798 3785 926 3847 quoque
954 3765 1011 3829 illa
1038 3763 1106 3830 filia
1132 3765 1212 3844 Leo,
1245 3768 1330 3850 virgo

248 3917 445 3927 ——u——

315 3995 336 4062 1)
355 3996 417 4050 Aac.
436 3994 498 4064 vu,
516 3998 556 4051 51.
589 3998 610 4064 2)
629 3996 742 4066 virgilii
760 3999 861 4054 Aenea
878 3999 927 4055 nu.
946 3999 966 4054 1.
999 4000 1021 4067 8)
1038 4001 1070 4057 n.
1087 4017 1111 4057 ο.
1127 4001 1176 4056 no.
1193 4000 1243 4056 m.
