2726 4560
343 529 374 612 c)
407 549 464 594 ore
492 529 788 610 Consiliorum,

344 629 378 711 d)
416 665 456 676 —-
491 651 538 694 ss.
567 628 747 695 Patru‘m.

273 749 337 794 va.
372 729 425 795 Ss.
455 727 752 811 Apostolorum
779 729 983 796 testimonia:
1295 739 1297 742 ’

311 836 337 893 l.
368 828 517 911 Liturgia
537 826 678 892 latina
706 849 764 892 seu
785 850 928 908 romana,
952 851 1050 913 quam
1072 830 1102 895 d.
1124 830 1254 898 Petro
1277 834 1352 898 adv

246 928 395 993 scribunt
415 928 481 992 Leo
502 926 595 1009 111.¹)
624 932 657 992 et
679 948 703 991 s.
725 927 873 1006 Thomas,
887 928 913 1011 Β)
941 930 1089 996 nominat
1109 930 1140 995 b.
1163 932 1332 1017 Virginem

247 1027 432 1111 ,dominam
466 1031 612 1091 nostram
651 1026 993 1093 immaculatam.“
1045 1029 1216 1097 Terminus
1258 1055 1330 1098 vero

248 1125 495 1208 ,immaculata“
509 1124 659 1190 absolute
674 1132 823 1209 sumptus
836 1126 869 1190 b.
879 1126 1007 1210 Virgini
1019 1129 1208 1196 nullatenus
1219 1139 1332 1215 posset
1352 1125 1353 1136 ¹

245 1225 415 1303 vindicari,
447 1224 475 1288 si
496 1223 571 1288 labe
593 1224 743 1307 originali
763 1224 879 1291 fuisset
900 1227 1130 1294 contaminata.
1174 1229 1332 1307 Quisnam

246 1347 269 1390 s.
292 1323 534 1407 Magdalenam,
565 1324 643 1389 licet
671 1346 757 1390 nuno
785 1325 921 1390 maculis
941 1330 1130 1410 purgatam,
1160 1330 1331 1394 nominare
1353 1320 1354 1406 l

246 1424 347 1490 vellet
368 1422 672 1506 ,immaculatam“?

311 1527 340 1587 2.
374 1521 523 1605 Liturgia
544 1544 568 1586 s.
589 1522 611 1586 J
617 1521 739 1587 acobi
760 1521 910 1605 Apostoli
930 1522 1072 1606 plurima
1093 1525 1245 1591 continet
1270 1527 1333 1591 elo·

246 1623 314 1706 gia,
346 1621 464 1706 quibus
493 1620 524 1685 b.
551 1620 651 1704 Virgo
680 1621 908 1703 „immaculate
940 1624 1117 1706 concepta“
1150 1624 1355 1691 invocatur&

247 1720 564 1803 „Commemorantes
591 1720 843 1798 sanctissimam,
875 1720 1133 1801 immaculatam,
1167 1723 1334 1807 gloriosis·

247 1821 362 1886 simam
383 1820 557 1885 Dominam
579 1826 726 1884 nostram
754 1826 892 1884 matrem
914 1818 1006 1884 Dei.
1030 1868 1037 1883 .
1061 1869 1068 1884 .
1092 1820 1333 1908 Commemora-

246 1920 370 1984 tionem
399 1939 532 2001 agamus
561 1919 800 1998 sanctissimae,
830 1919 1058 1985 immaculatae
1086 1920 1249 1987 Dominae
1277 1945 1356 1988 nov

247 2025 362 2084 strae.
383 2068 390 2081 .
411 2068 417 2083 .
437 2067 443 2081 .
467 2018 608 2101 Dignum
630 2025 688 2099 est,
712 2025 750 2084 ut
771 2025 804 2084 te
826 2040 900 2083 vere
921 2018 1054 2084 beatam
1075 2019 1232 2100 dicamne,
1259 2022 1334 2087 Dei·

247 2139 361 2201 param
382 2138 510 2200 semper
529 2116 663 2182 beatam
688 2124 722 2182 et
752 2116 922 2200 ,omnibus
951 2117 1056 2182 modis
1077 2118 1333 2200 immaculatam,

247 2215 523 2281 honorabiliorem
552 2237 650 2298 quam
678 2216 868 2294 Cherubim,
901 2217 1125 2299 gloriosiorem
1154 2239 1256 2300 quam
1281 2221 1335 2286 Se·

247 2314 395 2398 raphim“
425 2320 486 2378 cet.
530 2314 574 2379 At
595 2314 770 2380 Cherubim
802 2323 836 2381 et
859 2315 1029 2398 Seraphim
1050 2315 1174 2380 nullam
1200 2325 1334 2384 eontra·

249 2421 369 2490 xerunt
389 2414 565 2480 maculam!

311 2517 338 2578 3.
372 2513 521 2596 Liturgia
553 2534 577 2577 s.
607 2511 735 2576 Marci
768 2512 1025 2594 ,sanctissimam
1057 2521 1092 2579 et
1122 2512 1332 2582 benedictam

250 2613 422 2677 Dominam
449 2619 595 2677 nostram
617 2611 678 2676 Dei
700 2611 898 2676 Genitrioem
925 2611 1205 2677 commemorando
1229 2615 1334 2678 omni-

242 2710 377 2776 modam
403 2710 453 2774 illi
479 2711 633 2776 attribuit
654 2710 864 2776 sanctitatem
885 2716 919 2776 et
938 2711 1117 2794 puritatem
1146 2731 1243 2777 omne
1266 2735 1332 2778 om-

248 2810 325 2874 nino
346 2816 517 2892 peccatum
538 2809 795 2874 excludentem.“

311 2914 339 2972 4.
374 2908 523 2991 Epistola
554 2908 594 2974 de
623 2908 777 2973 Passione
810 2929 833 2972 s.
867 2906 1057 2973 Andreae
1089 2907 1335 2976 immaculatam

248 3006 502 3090 conceptionem
523 3006 571 3072 ita
591 3006 775 3089 praedicat:
807 3006 871 3089 ,Et
891 3011 1080 3089 propterea,
1102 3006 1191 3090 quod
1212 3027 1255 3071 ex
1277 3010 1336 3074 im-

249 3106 414 3170 maculata
434 3112 524 3171 terra
545 3111 675 3172 creatus
693 3105 803 3170 fuerat
819 3105 943 3189 primus
958 3105 1074 3186 ,homo;
1096 3126 1229 3171 necesse
1252 3116 1335 3187 erat,

247 3210 286 3268 ut
307 3225 347 3269 ex
375 3205 647 3270 immaculata
675 3204 808 3287 Virgine
828 3210 1020 3269 nasceretur
1039 3203 1205 3288 perfectus
1225 3205 1336 3286 homo,

249 3324 314 3387 quo
335 3303 437 3369 Filius
458 3304 528 3382 Dei,
552 3303 609 3387 qui
629 3309 730 3368 antea
750 3301 942 3368 condiderat
962 3301 1135 3382 hominem,
1158 3303 1259 3368 vitam
1283 3327 1337 3370 ae·

248 3409 390 3482 ternam,
424 3423 522 3487 quam
549 3402 761 3487 perdiderant
786 3402 935 3468 homines
963 3424 1023 3486 per
1050 3401 1213 3467 Adamum
1239 3423 1338 3487 repa·

247 3502 369 3566 raret.“
422 3502 567 3584 „Quibus
599 3501 723 3581 verbis,
763 3506 858 3566 notat
888 3501 1124 3585 Perrone,⁸)
1161 3501 1338 3570 antithesis

247 3601 434 3668 instituitur
454 3602 560 3667 Adam
581 3603 669 3667 inter
695 3608 729 3666 et
750 3601 931 3680 Christum,
964 3603 1012 3668 ita
1033 3609 1071 3667 ut
1100 3601 1144 3666 ad
1173 3623 1247 3667 eum
1267 3624 1339 3667 mo-

249 3701 334 3780 dum,
358 3723 422 3785 quo
441 3702 514 3766 Ada
535 3723 575 3766 ex
596 3700 805 3765 immaculata
827 3708 917 3766 terra
939 3707 1127 3786 compactus
1149 3708 1208 3780 est,
1231 3700 1281 3765 ita
1304 3708 1338 3767 ct

315 3935 334 3998 ¹)
358 3932 392 3987 In
412 3934 492 4003 epist.
514 3934 550 3988 ad
572 3932 700 3988 Michael.
727 3931 858 4001 Imperat.
891 3933 912 4000 2)
935 3931 986 3989 111.
1007 3952 1035 4003 p.
1057 3931 1257 4003 q.Lxxv111.
1278 3935 1337 3988 a.2

248 4015 284 4071 ad
302 4017 325 4071 5.
359 4017 381 4083 ⁸)
398 4014 429 4072 L.
447 4031 471 4071 c.
488 4032 552 4085 pag.
568 4017 611 4071 81.
