2730 4564
773 358 832 417 124

256 525 371 602 ceptus
389 525 424 584 et
440 525 538 584 natus
557 519 715 602 virginem
731 517 849 583 habuit
865 519 1019 597 matrem·
1033 519 1137 602 quum·
1150 527 1333 603 portaretur

256 617 291 682 in
318 624 412 683 utero
441 618 584 702 Virginis
613 620 647 682 et
675 639 776 701 quum
804 638 843 682 ex
871 624 966 682 utero
986 616 1200 684 tunderetur.
1243 620 1332 703 Virgo

256 717 382 798 genuit,
403 717 491 800 ¹quia
517 717 616 799 Virgo
646 717 810 800 concepit3
842 716 999 781 inviolata
1026 717 1170 799 peperit,
1202 719 1332 802 quiain

256 822 416 898 conceptu
438 815 539 880 libido
562 837 627 880 non
654 814 727 880 fuit.
771 815 956 898 Utrobique
976 815 1186 896 miraculum,
1219 823 1254 882 et
1275 818 1333 882 sine

256 916 465 998 corruptione
486 915 627 998 gravida,
651 915 741 979 etin
761 921 860 998 partu
880 914 979 998 Virgo
1001 917 1196 997 puerpera.“

318 1015 349 1079 b.
379 1015 452 1079 Huc
473 1005 594 1079 attinet
611 1015 710 1079 etiam
730 1013 956 1078 Ezechielis
978 1013 1203 1079 testimonium
1222 1016 1254 1082 b.
1271 1017 1332 1081 Vir·

256 1113 364 1196 ginem
392 1114 536 1178 clausam
563 1113 763 1178 nominantis
789 1119 933 1195 portam:
967 1113 1077 1194 „llaec
1103 1120 1203 1196 porta
1233 1117 1333 1182 clausa

257 1213 335 1290 erit,
365 1219 399 1277 et
426 1223 491 1276 non
519 1213 700 1294 aperietur,
731 1217 765 1276 et
791 1231 886 1276 nemo
915 1211 1071 1276 transibit
1098 1233 1158 1294 per
1185 1213 1332 1296 illam.“¹)

257 1312 436 1377 Audiamus
458 1311 704 1376 celeberrimum
725 1309 1018 1393 Hipponensem
1044 1311 1277 1377 antistitem
1301 1311 1333 1375 de

256 1411 435 1476 Ezechielis
463 1410 594 1475 oraculo
615 1410 833 1494 pulcherrime
859 1410 1087 1475 disserentem:
1101 1411 1126 1494 ἵ)
1159 1411 1271 1494 „Quid
1294 1417 1333 1477 est

255 1517 353 1593 porta
379 1511 413 1575 in
440 1510 536 1576 domo
563 1510 695 1575 Domini
723 1509 847 1588 clausa,
877 1510 939 1575 nisi
968 1510 1055 1592 quod
1081 1510 1188 1575 Maria
1218 1533 1333 1594 semper

257 1610 322 1674 erit
348 1609 494 1674 intacta?
531 1609 575 1674 Et
604 1609 683 1694 quid
712 1615 775 1689 est,
805 1610 901 1674 homo
929 1631 995 1675 non
1022 1611 1143 1676 transit
1170 1632 1236 1693 per
1264 1633 1331 1688 eam,

255 1709 320 1773 nisi
345 1710 422 1792 quia
442 1709 564 1792 Joseph
589 1729 655 1774 non
682 1707 832 1792 cognovit
858 1709 950 1773 eam?
982 1709 1026 1774 Et
1053 1709 1131 1792 quid
1158 1717 1227 1790 est,
1257 1710 1332 1794 quod

258 1809 347 1874 Deus
377 1808 465 1874 solus
494 1809 599 1874 intrat
627 1814 661 1873 et
689 1807 855 1890 egreditur
876 1829 936 1890 per
964 1829 1051 1887 eam,
1080 1809 1142 1872 nisi
1171 1811 1254 1892 quia
1276 1809 1332 1893 Spi-

256 1908 340 1972 ritus
363 1911 387 1972 s.
410 1907 647 1990 impraegnavit
669 1927 748 1971 eam.
792 1907 835 1971 Et
857 1907 936 1990 quid
958 1913 1022 1985 est,
1046 1907 1123 1990 quia
1144 1907 1261 1974 clausa
1282 1909 1332 1974 erit

255 2008 290 2071 in
311 2013 495 2084 aeternum,
525 2006 589 2070 nisi
616 2006 693 2089 quia
713 2005 819 2070 Maria
839 2005 938 2088 Virgo
966 2012 1213 2089 antepartum,
1245 2008 1331 2090 Virgo

221 2189 223 2194 ,
256 2106 289 2170 in
310 2113 424 2189 partu,
451 2105 551 2188 Virgo
578 2111 654 2186 post
679 2103 820 2186 partum.
864 2104 962 2170 Dicat
991 2125 1066 2188 ergo
1088 2104 1211 2170 Maria:
1245 2107 1332 2170 Porta

255 2204 346 2269 facta
367 2225 439 2268 sum
461 2203 559 2280 coeli,
579 2203 681 2285 janua
701 2201 790 2267 facta
811 2223 883 2267 sum
903 2201 970 2267 filio
994 2203 1064 2282 Dei,
1086 2203 1136 2268 illi
1157 2203 1251 2271 faeta
1272 2225 1331 2270 sum

252 2305 354 2388 janua
385 2303 511 2381 clausa,
550 2302 607 2385 qni
637 2309 714 2385 post
744 2302 1017 2366 resurrectionem
1051 2324 1143 2367 suam
1175 2304 1332 2388 ingressus

257 2409 308 2468 est
328 2424 388 2486 per
409 2403 494 2468 ostia
523 2402 648 2480 clausa,
678 2402 735 2485 qui
755 2408 853 2466 natus
881 2402 920 2467 de
947 2409 1059 2466 ventre
1081 2424 1167 2482 meo,
1197 2426 1251 2470 me
1271 2405 1331 2469 Vir-

256 2503 364 2586 ginem
392 2501 516 2566 dimisit
543 2502 710 2566 intactam.
754 2501 956 2584 Adimplevit
982 2507 1129 2566 ventrem
1156 2523 1268 2568 meum
1294 2502 1331 2565 di-

158 2632 159 2636 *
255 2602 394 2667 vinitate
421 2607 455 2665 et
475 2605 606 2665 uterum
627 2621 735 2664 meum
761 2621 826 2664 non
846 2601 1023 2665 evacuavit
1050 2601 1205 2666 castitate
1228 2624 1287 2666 nec
1305 2601 1330 2662 in

256 2699 469 2783 conceptione
492 2699 625 2764 inventa
646 2720 718 2762 sum
743 2698 812 2763 sine
834 2699 959 2782 pudore
980 2719 1041 2763 nec
1067 2701 1101 2763 in
1121 2703 1330 2783 parturitione

256 2801 389 2864 inventa
410 2820 482 2863 sum
502 2818 576 2862 cum
598 2797 740 2862 dolore.“
778 2798 869 2862 Haec
891 2797 920 2862 d.
944 2798 1155 2880 Augustinus.
1195 2800 1331 2865 Eandem

174 2949 177 2958 ,
256 2897 525 2982 significationem
563 2896 724 2980 praebent
762 2897 908 2976 nomina,
949 2896 1067 2980 quibus
1105 2898 1136 2962 b.
1175 2899 1331 2983 Virginem

257 3019 354 3080 saepe
377 2997 507 3079 saepius
529 2997 709 3080 alloquitur
730 2996 902 3078 Canticum
923 2997 1171 3081 Canticorumss)
1206 3000 1330 3082 „hortus

255 3119 371 3180 nempe
397 3097 583 3176 conclusus,
617 3096 690 3161 fons
722 3097 904 3179 signatus;“
937 3097 1055 3162 docent
1086 3099 1173 3162 enim
1206 3119 1231 3163 s.
1260 3097 1331 3162 llde-

255 3198 413 3281 phonsus,
436 3218 459 3260 e.
483 3196 674 3261 Ambrosius
684 3197 711 3279 4)
733 3195 855 3279 aliique
877 3196 1002 3279 plureS,
1025 3217 1048 3260 s.
1072 3195 1252 3278 Deiparam
1273 3214 1330 3260 esse

255 3298 388 3362 hortum
410 3302 444 3361 et
464 3295 589 3360 fontem
610 3301 747 3378 propter
772 3294 1045 3374 foecunditatem,
1073 3296 1131 3360 sed
1152 3296 1331 3362 conclusum

256 3404 291 3461 et
312 3397 474 3480 signatum
494 3400 631 3478 propter
651 3394 882 3477 virginitatem.
926 3394 1033 3472 Quare
1055 3395 1228 3478 „adhunc
1249 3415 1331 3478 pars·

256 3498 371 3577 disum,
394 3497 441 3563 ait
468 3519 492 3561 s.
519 3496 692 3560 Joanues
720 3495 1030 3576 DamascenuS,⁵)
1057 3515 1193 3577 serpens
1215 3494 1330 3558 aditum

254 3618 321 3662 non
341 3585 488 3661 habuit.“
529 3594 694 3659 Probatur
714 3593 816 3659 thesis
959 3671 960 3676 γ

320 3717 365 3761 ex
391 3717 488 3760 novo
516 3699 760 3759 testamento
788 3699 822 3758 et
848 3693 993 3777 quidem,
1022 3698 1060 3757 ut
1081 3692 1147 3758 alia
1167 3691 1330 3757 brevitatis

229 3991 232 3997 ⁴
322 3928 341 3994 ¹)
359 3926 461 3982 Erech.
481 3928 583 3996 XMV,
606 3931 631 3982 2.
670 3930 692 3995 ²)
710 3929 750 3984 De
771 3929 861 3984 Natcl.
880 3927 990 3983 Domini
1012 3945 1094 3984 serm.
1112 3931 1152 3984 14.
1193 3931 1217 3996 ⁸)
1236 3929 1289 3996 lv,
1311 3929 1330 3980 2.

254 4012 276 4078 ⁴)
294 4009 354 4066 Lib.
372 4010 408 4064 de
425 4011 512 4066 instit.
530 4005 607 4081 Virg.
625 4029 668 4080 op.
686 4015 710 4067 8.
743 4015 765 4077 ⁵)
785 4013 826 4066 De
843 4017 973 4080 assumpt.
992 4018 1061 4067 orat
1078 4017 1102 4067 2.
