2728 4554
571 366 633 424 405

73 532 104 592 et
127 527 229 592 adhuc
257 523 401 608 parienti
421 521 632 605 Elisabethae
660 523 774 588 adesse
795 523 901 588 Maria
928 524 1046 607 potuit.
1089 523 1143 588 Illi

73 626 162 704 onim,
191 625 249 708 qui
277 624 452 688 demuntur
478 621 563 701 dies,
592 642 658 686 non
677 621 785 686 tribus
812 622 991 702 mensibus,
1022 623 1079 707 qui
1100 623 1142 687 ab

71 723 212 808 Angelico
239 720 354 787 nuntio
382 720 425 786 ad
445 725 578 805 partum
605 743 709 806 usque
730 721 940 787 Elisabethae
967 721 1140 802 fluxerunt,

71 823 242 902 demuntur,
265 821 323 887 sed
344 821 521 886 demuntur
541 820 582 884 ab
605 841 643 886 eo
665 821 821 903 temporis
843 822 968 905 spatio,
991 822 1078 906 quod
1099 822 1141 887 ab

70 922 201 988 adventu
221 921 345 986 Mariae
374 919 417 984 ad
443 926 576 1002 partum
604 940 708 1002 usque
734 918 944 986 Ehsabethae
974 919 1142 986 defluxit.“

70 1019 107 1084 Et
125 1021 202 1086 haec
224 1019 356 1105 quidem
378 1017 421 1082 ad
441 1018 584 1108 priorem
607 1017 832 1083 difficultatem
853 1020 933 1085 satis
955 1019 1044 1084 dicta
1066 1021 1141 1084 sint.

124 1119 214 1196 Quod
241 1139 318 1183 vero
347 1118 487 1183 alterum
516 1124 744 1201 argumentum
773 1139 813 1182 ex
842 1140 866 1183 s.
891 1119 1060 1202 Scriptura
1081 1140 1141 1202 pro

70 1217 182 1282 tuenda
203 1216 261 1282 illa
282 1217 449 1282 sententia*
467 1216 605 1282 allatum
625 1217 759 1295 attinet,
787 1216 870 1280 nihil
892 1217 1002 1282 obstat
1022 1217 1140 1295 dicere,

70 1317 148 1397 quod
183 1337 208 1381 s.
240 1315 449 1399 Evangelista
483 1317 575 1399 prius
610 1315 755 1380 reditum
789 1314 914 1380 Mariae
949 1317 1140 1395 narraverit,

69 1413 176 1480 deinde
218 1437 242 1480 s.
271 1415 406 1480 Joannis
447 1415 654 1495 nativitatem
688 1435 823 1479 narrare
861 1415 1021 1497 coeperit,
1065 1415 1143 1498 quia

69 1511 132 1578 fieri
160 1514 284 1597 potuit,
322 1520 361 1578 ut
392 1513 571 1597 compleret
607 1513 698 1597 prius
734 1513 905 1578 historiam
936 1513 1142 1579 visitationis

70 1612 95 1675 b.
125 1614 280 1696 Virginis,
316 1634 414 1696 quam
442 1613 483 1678 de
510 1613 683 1679 nativitate
716 1634 740 1676 s.
767 1612 902 1678 loannis
935 1633 1031 1692 agere
1063 1612 1142 1676 inci-

69 1719 161 1792 peret.
203 1713 263 1795 ,ln
291 1733 315 1777 s.
339 1711 530 1794 Scripturis,
560 1711 668 1795 inquit
697 1711 921 1788 Salmeron,
933 1712 957 1793 ¹)
987 1710 1141 1794 frequens

71 1819 114 1875 est
143 1833 218 1876 usus
251 1810 540 1893 anticipationem:
584 1810 659 1874 hinc
690 1808 899 1892 Evangehsta
938 1831 998 1893 per
1028 1810 1143 1875 antici·
1178 1808 1181 1815 “

68 1910 199 1992 pationis
226 1909 365 1993 figuram
391 1909 503 1991 posuit
530 1907 656 1972 Mariae
689 1907 866 1972 discessum
893 1908 955 1972 hoc
982 1909 1070 1986 loco,
1103 1913 1142 1972 ut

70 2010 119 2091 qui
140 2017 223 2076 esset
241 2009 399 2074 historiae
422 2007 625 2091 evangelicae
647 2007 868 2072 contexendae
890 2007 1140 2095 commodatior,

70 2114 102 2173 ut
121 2108 289 2174 historiam
309 2109 380 2173 nati
400 2108 535 2174 Joannis
556 2109 677 2172 rectius
698 2113 810 2190 posset
832 2108 1037 2172 contexere.“

125 2208 189 2287 Sic,
228 2215 268 2273 ut
302 2229 403 2272 unum
441 2207 666 2274 tantummodo
684 2227 686 2234 ’
702 2206 908 2290 proferamus
947 2205 1140 2289 exemplum,

70 2325 89 2367 s.
115 2305 216 2372 Lucas
249 2307 283 2371 in
312 2307 417 2389 primo
447 2307 607 2390 evangelii
634 2307 685 2372 sui
714 2307 855 2389 capite2)
888 2307 928 2371 de
960 2328 984 2370 s.
1014 2306 1140 2372 Joanne

70 2412 188 2471 narrat:
211 2405 337 2488 ,Puer
358 2413 494 2471 autem
516 2406 747 2484 crescebat,
771 2411 812 2470 et
833 2404 1141 2483 confortabatur

70 2503 232 2584 spiritu,
272 2510 314 2569 et
354 2512 447 2570 erat
477 2506 519 2570 in
555 2505 742 2571 desertis
781 2526 912 2588 usque
950 2505 992 2569 in
1032 2505 1140 2570 diem

70 2605 322 2670 ostensionis
354 2627 454 2670 suae
486 2605 534 2670 ad
564 2605 731 2670 Israel.“
781 2605 819 2669 In
850 2604 957 2687 capite
990 2602 1141 2686 sequenti

69 2721 135 2766 vero
154 2693 311 2782 refertur,
342 2703 430 2786 quod
450 2703 617 2792 Augustus
641 2703 809 2769 decretum
836 2702 980 2768 emiserit
1001 2702 1140 2785 ideoque

69 2798 177 2884 loseph
208 2824 282 2867 cum
314 2801 420 2866 Maria
450 2803 486 2867 in
513 2802 707 2868 Bethlehem
738 2802 931 2868 ascenderit.
985 2801 1139 2878 Quisnam

69 2898 135 2965 inde
162 2901 350 2980 concludet,
369 2923 404 2980 s.
426 2900 587 2966 Joannem
607 2909 684 2966 ante
707 2901 831 2966 decreti
851 2901 940 2966 illius
962 2902 1085 2966 exitum
1106 2901 1140 2964 in

70 2995 185 3065 deserto
212 2999 337 3065 fuisse?
368 2998 454 3083 Ergo
483 3000 634 3064 similiter
663 3022 703 3064 ex
731 3022 785 3080 eo,
816 3000 904 3085 quod
932 3001 1140 3083 Evangelista

70 3094 232 3163 discessum
260 3098 385 3165 Mariae
417 3104 494 3162 ante
526 3099 735 3164 nativitatem
767 3121 790 3164 s.
819 3099 954 3164 loannis
981 3098 1137 3181 posuerit,

69 3195 186 3262 minime
208 3197 372 3280 sequitur,
394 3196 533 3262 Mariam
552 3197 719 3262 nativitati
739 3198 790 3262 illi
810 3219 876 3264 non
896 3198 1057 3277 astitisse,
1081 3195 1139 3262 sed

70 3301 156 3360 antea
175 3296 320 3361 rediisse.
361 3295 525 3362 Probatur
546 3296 626 3360 haec
649 3297 811 3362 sententia

122 3397 148 3458 2.
179 3395 358 3460 ratione.

121 3491 215 3558 Nulla
237 3515 370 3577 prorsus
392 3494 503 3559 existit
524 3494 619 3574 ratio,
645 3517 703 3560 cur
730 3495 760 3559 b.
783 3496 882 3579 Virgo
903 3495 1029 3560 tamdiu
1050 3495 1139 3578 apud

71 3599 227 3672 cognatam
236 3592 262 3675 3)
284 3613 376 3658 suam
393 3592 617 3658 Elisabetham
635 3594 815 3673 mansisset,
835 3594 898 3659 nisi
915 3600 954 3658 ut
970 3593 1138 3659 nativitati

126 3759 144 3826 ¹)
167 3758 196 3814 t.
223 3776 247 3814 c.
272 3758 424 3826 t0m4111,
449 3764 532 3815 tract.
559 3759 619 3815 XV.
661 3760 682 3827 9)
707 3761 735 3825 1,
760 3761 808 3815 80..
843 3761 863 3828 8)
887 3759 1015 3814 Joaohim
1039 3759 1139 3816 habuit

70 3853 170 3896 uxorem
191 3844 303 3897 nomine
325 3845 433 3896 Annam
458 3843 561 3911 illaque
585 3859 708 3896 sororem
731 3845 842 3897 nomine
863 3839 1055 3908 Hismeriam,¹
1069 3859 1138 3911 quae

71 3925 350 3986 geuuitElissbetham
364 3930 393 3981 et
402 3927 483 3980 Anna
496 3927 594 3995 genuit
602 3926 788 3981 beatissimam
798 3927 954 3996 Virginem:
968 3927 1008 3980 ita
1017 3927 1043 3980 b.
1053 3927 1137 3994 Virgo

72 4007 94 4056 et
105 4006 242 4065 Elisabeth
260 4010 373 4064 luerunt
390 4009 583 4076 consobrinae,
598 4008 673 4063 filiae
690 4009 807 4063 duarum
825 4026 959 4065 sororum.
993 4009 1139 4063 Elisabeth
1155 4069 1157 4074 y
