2728 4560
562 395 619 456 193

50 579 120 621 cum
151 556 267 621 iisdem
301 555 486 619 virtutibus.
542 555 575 620 Si
611 577 687 638 ergo
723 556 753 619 b.
787 551 886 638 Virgo
919 578 938 620 a
969 558 1129 642 principio

48 656 162 720 habuit
189 654 393 738 propositum
421 654 586 718 immobile
614 654 827 736 virginitatis,
861 673 925 720 non
953 658 1063 739 potuit
1093 675 1129 723 rc

48 777 121 820 vera
142 755 335 820 contrahere
362 775 427 817 non
449 753 605 818 mutando
627 753 844 835 propositum,
873 755 937 818 nisi
959 777 998 820 ex
1021 755 1129 820 divino

47 856 203 920 instinctu
225 863 259 942 et
276 853 484 931 revelatione,
505 874 570 936 qua
592 853 655 916 sibi
676 854 833 932 constitit,
849 854 1028 937 Josephum
1048 877 1129 920 nun·

47 976 142 1036 quam
164 955 345 1036 petiturum
367 952 528 1031 debitum,
560 951 617 1016 sed
638 952 748 1034 potius
770 953 804 1016 in
824 952 911 1017 idem
932 954 1129 1036 virginitatis

46 1055 248 1138 propositum
280 1072 522 1116 consensurum.
578 1051 649 1128 Qua
681 1051 881 1116 revelatione
913 1053 1035 1134 posita,
1069 1074 1128 1118 nee

46 1153 288 1217 matrimonium
310 1148 514 1232 repugnabat
535 1150 704 1232 proposito
731 1171 836 1233 neque
857 1156 948 1229 voto;
974 1149 1127 1215 habuisse

45 1259 153 1317 autem
182 1251 214 1315 b.
237 1250 403 1332 Virginem
428 1248 513 1312 hanc
543 1248 789 1326 revelationem,
818 1254 995 1332 antequam
1015 1251 1127 1314 matri·

45 1353 188 1416 monium
216 1349 439 1426 contraheret,
457 1347 583 1430 'aperte
611 1348 730 1412 docent
757 1347 932 1430 Gregorius
953 1347 1127 1431 Nyssenus,

43 1448 322 1530 Bonaventura31)
352 1467 428 1529 ergo
450 1446 523 1529 pari
546 1447 674 1510 ratione
695 1446 858 1529 potuisset
880 1467 920 1510 ex
941 1446 1057 1512 eadem
1076 1469 1126 1513 re·

43 1549 204 1614 velatione
231 1545 473 1610 matrimonium
500 1544 706 1623 contrahere,
735 1544 864 1608 etiamsi
890 1551 1001 1610 votum
1028 1553 1127 1612 antea

43 1648 217 1726 emisisset,
237 1666 312 1727 ergo
326 1644 408 1708 nihil
420 1649 478 1721 est,
492 1665 550 1707 our
562 1643 740 1722 dubitetur,
754 1643 842 1727 quod
853 1643 937 1708 illud
950 1645 1125 1710 emiserit.“

100 1747 194 1810 Haec
226 1743 405 1822 sententia,
443 1763 541 1826 quam
573 1743 659 1807 inter
690 1742 772 1806 alios
809 1742 909 1806 etiam
941 1741 962 1806 J
970 1763 1125 1809 oannes

43 1842 480 1927 HieroSOIymi·tanus‚²)
513 1842 653 1924 scriptor
662 1843 667 1921 j
680 1841 935 1920 vetustissimus,
969 1842 1124 1932 defendit,

44 1951 91 2007 sat
111 1942 294 2027 probabilis
323 1940 501 2019 videbitur,
532 1941 560 2005 si
588 1941 780 2024 cogitemus,
809 1941 1032 2005 beatissimam
1053 1941 1125 2006 Vir-

43 2042 147 2123 ginem
170 2063 189 2106 a
212 2042 336 2124 Spiritu
365 2047 478 2105 sancto
507 2041 555 2105 ita
583 2039 684 2105 fuisse
714 2040 881 2118 dilectem,
911 2046 949 2104 ut
970 2040 1061 2105 illam
1082 2042 1124 2106 ab

41 2140 107 2222 ipso
137 2141 276 2205 rationis
305 2140 464 2223 principio
494 2159 622 2221 semper
650 2139 692 2203 ad
721 2139 755 2203 id
782 2139 1003 2219 inclinaverit,
1038 2141 1125 2222 quod
1241 2165 1244 2172 ¹

41 2240 263 2320 praestantius
293 2245 342 2303 est
369 2244 469 2321 atque
498 2238 623 2303 melius.
667 2238 745 2316 Quis
772 2259 847 2303 vero
870 2238 1014 2316 dubitat,
1045 2239 1124 2321 quin

40 2339 261 2420 praestantior
275 2339 319 2403 sit
332 2337 500 2420 virginitas
517 2344 592 2403 voto
606 2337 744 2416 firmata,
759 2325 857 2421 quam
870 2337 1040 2419 virginitas
1054 2337 1123 2402 sine

41 2437 136 2502 voto?
170 2437 243 2501 Huc
271 2437 412 2514 accedit,
443 2436 544 2520 quod,
573 2438 623 2502 uti
650 2437 773 2521 apertis
802 2443 930 2501 constet
957 2437 1121 2518 exemplis,

40 2536 178 2618 virgines
216 2535 474 2619 quamplurimae
512 2536 554 2600 ab
590 2537 724 2601 ineunte
761 2542 872 2601 aetate
909 2541 942 2600 et
973 2535 1042 2599 fere
1080 2536 1122 2600 ab

40 2634 244 2699 incunabulis
273 2656 333 2717 per
360 2641 470 2699 votum
499 2635 663 2700 castitatis
692 2656 726 2699 se
756 2623 1013 2699 consecraverint
1042 2634 1120 2715 Deo.

39 2733 121 2816 Ergo
144 2733 249 2798 multo
279 2733 381 2815 magis
402 2733 464 2797 hoe
492 2733 532 2798 de
561 2734 766 2798 sanctissima
788 2733 946 2816 Deipara,
978 2733 1121 2796 omnium

37 2835 197 2916 virginum
219 2832 381 2915 principe,
411 2832 618 2896 credendum.
662 2832 809 2898 Castoris
837 2833 923 2896 enim
944 2831 1121 2914 virginibus

37 2953 94 3014 per
113 2938 229 3014 partes
252 2936 441 3013 praestatur
462 2932 577 3012 gratia,
600 2939 733 2997 nostrae
755 2938 866 2996 autem
886 2931 1014 3014 Virgini
1036 2938 1120 2996 teste
1190 2989 1193 2998 .

38 3049 59 3093 s.
96 3030 393 3112 Hieronymoi)
433 3036 505 3094 tota
543 3051 578 3094 se
611 3029 738 3108 infudit
776 3030 901 3112 gratiae
920 3104 922 3108 Α
939 3023 1123 3113 plenitudo

38 3129 214 3206 Quaeritur
333 3134 334 3138 ’

125 3295 177 3358 3⁰:
213 3293 289 3358 Cur
316 3313 339 3358 s.
369 3291 542 3374 Deipara
567 3293 638 3357 hoc
666 3299 798 3368 votum
826 3293 1029 3358 emiserit?

95 3426 124 3488 Α
149 3425 283 3489 diversis
306 3423 495 3488 auctoribus
519 3425 665 3489 diversae
687 3423 870 3489 afferuntur
890 3425 1044 3489 rationes.

97 3529 123 3587 1.
159 3523 231 3588 Non
258 3521 448 3600 defuerunt,
480 3525 536 3607 qui
563 3524 775 3601 asseruerint,
805 3545 828 3587 s.
852 3524 1029 3605 Deiparam
1054 3524 1119 3587 hu-

35 3622 212 3687 militate
235 3622 394 3687 ductam
416 3623 537 3687 vovisse
559 3624 788 3705 virginitatem,
808 3643 849 3686 ne
871 3622 996 3686 scilicet
1013 3628 1120 3708 mater

35 3719 173 3786 Messiae
193 3721 297 3786 fieret.

100 3959 121 4022 ¹)
142 3954 201 4010 Lib.
219 3954 344 4008 meditat.
361 3953 435 4007 vitae
453 3953 554 4008 Christi
577 3970 619 4020 cp.
638 3957 661 4007 3.
701 3954 723 4019 2)
743 3951 803 4006 Lib.
826 3952 861 4006 de
883 3953 970 4006 instit.
988 3951 1119 4006 Monachi

34 4052 75 4104 cp.
93 4040 136 4093 32.
170 4040 190 4105 ³)
208 4037 295 4092 Serm.
313 4036 348 4090 de
367 4041 507 4104 Assumpt.
920 4117 952 4171 13
