2730 4564
603 371 661 431 133

151 531 186 594 Β.
204 531 371 616 Virginem
392 531 545 596 nullum
566 531 741 595 sensisse
762 531 925 620 pondus,
945 532 1022 596 dum
1043 539 1174 598 uterum

84 636 242 712 gestaret,
262 629 411 694 nonnulli
428 629 639 698 crediderunt
656 628 809 712 theologi.
852 629 956 706 Quam
978 633 1174 696 sententiam

85 728 251 812 approbat
278 729 366 793 inter
394 728 476 794 alios
505 751 529 793 s.
559 729 801 792 Bernardus:
835 728 934 811 ,lure
964 731 1064 795 etiam
1092 731 1174 808 illud

84 827 353 893 molestissimum
384 827 545 905 taedium,
583 827 707 910 inquit,
721 825 762 909 1)Δ
784 848 847 909 quo
882 828 1030 912 reliquae
1063 849 1174 894 omnes

85 926 241 1009 gravidae
273 927 425 997 mulieres
457 926 607 990 laborare
639 932 832 1008 noscuntur,
868 927 938 991 sola
965 915 1031 992 n'on
1062 931 1172 1009 sensit,

87 1047 173 1108 qnae
196 1025 267 1090 sola
288 1026 358 1090 sine
380 1025 555 1113 libidinosa
576 1024 746 1107 voluptate
768 1027 939 1112 concepit
969 1026 1063 1095 Unde
1086 1030 1174 1094 etin

83 1125 159 1208 ipso
181 1145 259 1190 suae
282 1125 504 1208 conceptionis
526 1125 629 1202 initio,
650 1125 1174 1212 quando,potissimumcaeterae

85 1224 241 1288 mulieres
274 1224 491 1288 miserabilius
523 1223 724 1307 affliguntur,
758 1224 863 1302 Maria
895 1231 967 1290 tota
1001 1225 1173 1308 alacritate

84 1330 243 1388 montana
276 1323 480 1402 conscendit,
514 1330 552 1387 ut
580 1323 751 1413 Elisabeth
783 1323 993 1388 ministraret.
1045 1326 1108 1390 Sed
1141 1335 1175 1391 et

84 1422 236 1487 ascendit
257 1423 428 1487 Bethleem
448 1423 636 1487 imminente
663 1423 730 1504 jam
752 1429 865 1505 partu,
885 1431 1030 1506 'portans
1051 1427 1174 1507 pretio-

84 1523 250 1587 sissimum
271 1522 353 1586 illud
376 1521 574 1605 depositum,
604 1529 739 1604 portans
762 1543 843 1585 onus
864 1521 948 1600 leue,
978 1531 1131 1604 portans,
1154 1546 1175 1588 a

84 1644 152 1705 quo
174 1622 401 1704 portabatur?

151 1721 270 1786 Omnes
306 1719 430 1784 Patres.
456 1741 531 1784 uno
556 1721 649 1802 quasi
685 1741 740 1784 ore
778 1719 1005 1798 contendunt„
1033 1720 1064 1784 b.
1101 1721 1174 1786 Vir-

85 1821 196 1903 ginem
216 1820 381 1903 peperisse
403 1819 523 1883 Filium
544 1840 638 1883 suum
661 1820 745 1883 sine
772 1818 918 1883 dolore.
964 1818 1054 1903 ,Quo
1078 1820 1173 1899 enim,

85 1919 322 1983 animadvertit
344 1940 367 1981 s.
392 1919 701 2000 Damascenus,²)
729 1917 879 2000 voluptas
899 1938 963 1980 non
986 1919 1173 1998 antecessit,

84 2040 147 2082 nec
180 2018 274 2083 dolor
305 2017 437 2100 quidem
469 2018 503 2080 in
534 2024 633 2101 partu
665 2017 865 2099 subsequens
898 2018 978 2080 est.“
1027 2017 1174 2081 Eandem

86 2119 251 2182 rationem
274 2116 380 2181 ,affert
412 2138 435 2180 s.
465 2114 607 2180 Petrus
641 2115 855 2202 Damianus
887 2116 935 2179 ita
966 2115 1173 2198 inquiens:³)

87 2217 178 2293 Quae
201 2217 270 2281 sine
300 2215 575 2300 contaminatione
604 2215 754 2296 concepit
776 2221 810 2279 et
838 2215 906 2278 sine
936 2215 1047 2279 dolore
1068 2213 1174 2279 filium

84 2316 288 2398 procreavit3
328 2337 393 2380 non
430 2322 560 2382 secutus
598 2321 650 2379 est
687 2301 779 2378 dolor
810 2322 957 2396 partum,
997 2317 1074 2398 quia
1109 2338 1175 2381 non

84 2415 267 2498 praecessit
301 2414 402 2478 libido
441 2419 642 2496 conceptum.
701 2413 833 2478 Dictum
870 2436 1009 2498 namque
1045 2415 1171 2480 fuerat:

86 2515 193 2597 ,Ecce
223 2515 257 2578 in
286 2513 397 2578 dolore
425 2514 532 2596 paries
560 2512 695 2577 filios.“'
726 2513 816 2590 Quae
846 2516 1009 2580 sententia
1037 2515 1071 2579 in
1099 2515 1173 2579 aliis

84 2612 249 2678 matribus
270 2613 388 2696 viguit,
418 2613 454 2676 in
474 2611 579 2676 Maria
600 2633 675 2676 vero
705 2611 837 2676 modum
864 2613 915 2677 sui
940 2614 1023 2696 juris
1053 2615 1171 2679 amisit.

84 2713 177 2791 Quae
211 2712 297 2788 enim
328 2711 417 2793 virgo
449 2711 630 2792 permansit
665 2711 894 2793 concipiendo,
931 2710 1076 2776 dolorem
1109 2734 1174 2776 non

83 2811 198 2894 potuit
221 2811 343 2876 sentire
365 2809 554 2892 pariendo.“
598 2809 763 2883 Mirabilia
789 2817 865 2874 snut
887 2832 1017 2893 quoque
1039 2833 1062 2876 s.
1085 2811 1173 2875 Ber-

83 2911 218 2976 nardi:
242 2910 290 2992 ,0
306 2918 420 2992 partus
437 2910 525 2975 solus
542 2910 611 2974 sine
629 2910 750 2989 dolore,
765 2909 926 2975 exclamat
942 2911 1172 2993 mirabunde,⁴)

83 3011 174 3076 solus
196 3010 325 3074 nescius
347 3009 495 3092 pudoris,
519 3005 905 3092 corruptionis‘ignarus,
928 3031 993 3074 non
1014 3031 1172 3089 reserans
1256 3053 1260 3061 -

83 3111 144 3175 sed
170 3129 364 3174 consecrans
392 3108 559 3191 virginalis
588 3109 677 3172 uteri
703 3094 896 3190 templuml“
931 3108 1018 3190 ,Neo
1044 3111 1172 3189 mirum,

83 3210 239 3294 inquit,.⁵)
269 3207 297 3272 si
319 3207 464 3271 dolorem
485 3229 550 3271 non
571 3207 685 3272 intulit
706 3208 818 3285 matri,
842 3208 898 3290 qui
913 3207 1048 3273 'dolores
1070 3210 1173 3274 totius

85 3309 201 3374 mnndi
229 3307 316 3372 tulit.
367 3306 439 3371 Duo
469 3312 558 3385 sunt,
589 3327 672 3388 quae
701 3306 798 3369 timet
824 3305 966 3384 humana
994 3306 1172 3390 fragilitas:

84 3409 192 3492 pudor
221 3413 255 3471 et
283 3405 384 3469 dolor.
428 3404 611 3487 Utrumque
634 3405 783 3470 Christus
810 3404 930 3482 tollere
952 3406 1054 3485 venit,
1086 3406 1173 3471 unde

84 3517 118 3573 et
146 3515 325 3588 utrumque
354 3504 528 3586 suscepit
555 3503 671 3587 ltaque
700 3511 739 3569 ut
757 3503 918 3568 ,fiduciam
947 3505 1056 3585 nobis,
1086 3506 1175 3588 quod

85 3607 219 3673 tolleret
240 3605 322 3670 baec
343 3626 363 3669 a
384 3604 495 3683 nobis,
524 3603 616 3686 prius
645 3612 784 3669 matrem
814 3626 905 3669 suam
934 3604 1110 3668 immunem
1132 3604 1172 3668 ab

86 3715 227 3789 utroque
256 3705 409 3782 servavit,
439 3709 478 3767 ut
499 3723 557 3768 nec
586 3703 621 3766 in
650 3711 810 3786 conceptu
840 3702 1021 3787 quidquam*
1039 3702 1173 3784 pudoris

86 3857 282 3869 -μ

149 3940 169 4004 ¹)
190 3935 221 3990 ln
248 3954 330 3991 serm.
348 3937 383 3990 de
407 3935 500 3988 verbis
517 3937 609 4002 -Apoc
628 3937 667 3988 12.
710 3937 731 4001 2)
749 3935 790 3988 De
816 3935 971 3989 orthodoxa
993 3933 1049 3987 fide
1070 3933 1119 3986 lib.
1138 3931 1174 3985 ll.

87 4023 106 4086 ³)
123 4021 210 4076 Serm.
226 4023 241 4074 3
257 4020 295 4074 de
307 4019 399 4074 Natis.
413 4009 444 4073 B.
454 4018 492 4072 Μ.
506 4018 538 4072 V.
572 4019 594 4084 ⁴)
614 4017 699 4072 Serm.
712 4007 764 4071 lin
774 4018 877 4088 Vigilia
891 4019 982 4072 Natis.
1015 4019 1036 4085 6)
1054 4017 1172 4071 Serml.
