<?xml version="1.0" encoding="UTF-8"?>
<!DOCTYPE html PUBLIC "-//W3C//DTD XHTML 1.0 Transitional//EN"
    "http://www.w3.org/TR/xhtml1/DTD/xhtml1-transitional.dtd">
<html xmlns="http://www.w3.org/1999/xhtml" xml:lang="en" lang="en">
 <head>
  <title>
</title>
<meta http-equiv="Content-Type" content="text/html;charset=utf-8" />
  <meta name='ocr-system' content='tesseract 3.04.00' />
  <meta name='ocr-capabilities' content='ocr_page ocr_carea ocr_par ocr_line ocrx_word'/>
</head>
<body>
  <div class='ocr_page' id='page_1' title='image "./mariologiaseupo00stamgoog_0471.png"; bbox 0 0 2728 4554; ppageno 0'>
   <div class='ocr_carea' id='block_1_1' title="bbox 500 374 562 434">
    <p class='ocr_par' dir='ltr' id='par_1_1' title="bbox 500 374 562 434">
     <span class='ocr_line' id='line_1_1' title="bbox 500 374 562 434; baseline 0.016 -1"><span class='ocrx_word' id='word_1_1' title='bbox 500 374 562 434; x_wconf 81' lang='lat'><strong>445</strong></span> 
     </span>
    </p>
   </div>
   <div class='ocr_carea' id='block_1_2' title="bbox 16 531 1156 3662">
    <p class='ocr_par' dir='ltr' id='par_1_2' title="bbox 20 531 1074 1504">
     <span class='ocr_line' id='line_1_2' title="bbox 56 531 1072 619; baseline 0.009 -27"><span class='ocrx_word' id='word_1_2' title='bbox 56 532 169 617; x_wconf 82' lang='lat' dir='ltr'>Neque</span> <span class='ocrx_word' id='word_1_3' title='bbox 202 533 300 597; x_wconf 87' lang='lat' dir='ltr'><strong>aliter</strong></span> <span class='ocrx_word' id='word_1_4' title='bbox 327 531 489 616; x_wconf 87' lang='lat' dir='ltr'><strong>loquitur,</strong></span> <span class='ocrx_word' id='word_1_5' title='bbox 522 539 568 608; x_wconf 39' lang='lat' dir='ltr'><strong>ut,</strong></span> <span class='ocrx_word' id='word_1_6' title='bbox 588 532 670 599; x_wconf 86' lang='lat' dir='ltr'><strong>alios</strong></span> <span class='ocrx_word' id='word_1_7' title='bbox 697 538 940 616; x_wconf 75' lang='lat' dir='ltr'><strong>praetereamus</strong></span> <span class='ocrx_word' id='word_1_8' title='bbox 972 536 1072 619; x_wconf 91' lang='lat' dir='ltr'><strong>scrip-</strong></span> 
     </span>
     <span class='ocr_line' id='line_1_3' title="bbox 26 630 1073 713; baseline 0.006 -20"><span class='ocrx_word' id='word_1_9' title='bbox 26 635 98 709; x_wconf 88' lang='lat' dir='ltr'><strong>tores,</strong></span> <span class='ocrx_word' id='word_1_10' title='bbox 123 631 366 713; x_wconf 86' lang='lat' dir='ltr'><strong>Barradas.¹)</strong></span> <span class='ocrx_word' id='word_1_11' title='bbox 416 630 608 696; x_wconf 79' lang='lat' dir='ltr'>Humanitas</span> <span class='ocrx_word' id='word_1_12' title='bbox 638 630 774 709; x_wconf 82' lang='lat' dir='ltr'>Christi,</span> <span class='ocrx_word' id='word_1_13' title='bbox 803 631 973 699; x_wconf 80' lang='lat' dir='ltr'><strong>beatitudo</strong></span> <span class='ocrx_word' id='word_1_14' title='bbox 1002 655 1073 699; x_wconf 89' lang='lat' dir='ltr'><strong>coe-</strong></span> 
     </span>
     <span class='ocr_line' id='line_1_4' title="bbox 24 728 1074 814; baseline 0.007 -23"><span class='ocrx_word' id='word_1_15' title='bbox 24 728 92 793; x_wconf 89' lang='lat' dir='ltr'><strong>lestis</strong></span> <span class='ocrx_word' id='word_1_16' title='bbox 110 737 142 796; x_wconf 90' lang='lat' dir='ltr'><strong>et</strong></span> <span class='ocrx_word' id='word_1_17' title='bbox 159 729 364 795; x_wconf 87' lang='lat' dir='ltr'><strong>sanctissima</strong></span> <span class='ocrx_word' id='word_1_18' title='bbox 378 729 478 812; x_wconf 79' lang='lat' dir='ltr'><strong>¹Virgo</strong></span> <span class='ocrx_word' id='word_1_19' title='bbox 500 730 595 812; x_wconf 82' lang='lat' dir='ltr'><strong>juxta</strong></span> <span class='ocrx_word' id='word_1_20' title='bbox 616 729 709 794; x_wconf 89' lang='lat' dir='ltr'><strong>illurn</strong></span> <span class='ocrx_word' id='word_1_21' title='bbox 729 728 890 796; x_wconf 89' lang='lat' dir='ltr'><strong>infinitam</strong></span> <span class='ocrx_word' id='word_1_22' title='bbox 911 733 1074 814; x_wconf 89' lang='lat' dir='ltr'><strong>quandam</strong></span> 
     </span>
     <span class='ocr_line' id='line_1_5' title="bbox 25 821 1073 914; baseline 0.007 -23"><span class='ocrx_word' id='word_1_23' title='bbox 25 825 119 894; x_wconf 87' lang='lat' dir='ltr'><strong>hahent</strong></span> <span class='ocrx_word' id='word_1_24' title='bbox 147 851 188 894; x_wconf 85' lang='lat' dir='ltr'><strong>ex</strong></span> <span class='ocrx_word' id='word_1_25' title='bbox 219 828 287 893; x_wconf 89' lang='lat' dir='ltr'><strong>Deo</strong></span> <span class='ocrx_word' id='word_1_26' title='bbox 317 828 518 911; x_wconf 85' lang='lat' dir='ltr'><strong>dignitatem.</strong></span> <span class='ocrx_word' id='word_1_27' title='bbox 561 828 754 893; x_wconf 82' lang='lat' dir='ltr'><strong>Humanitas</strong></span> <span class='ocrx_word' id='word_1_28' title='bbox 783 821 918 909; x_wconf 83' lang='lat' dir='ltr'><strong>Christi,</strong></span> <span class='ocrx_word' id='word_1_29' title='bbox 948 831 1026 914; x_wconf 90' lang='lat' dir='ltr'><strong>quia</strong></span> <span class='ocrx_word' id='word_1_30' title='bbox 1053 853 1073 898; x_wconf 88' lang='lat' dir='ltr'><strong>a</strong></span> 
     </span>
     <span class='ocr_line' id='line_1_6' title="bbox 24 926 1073 1010; baseline 0.003 -19"><span class='ocrx_word' id='word_1_31' title='bbox 24 926 73 992; x_wconf 87' lang='lat' dir='ltr'><strong>Deo</strong></span> <span class='ocrx_word' id='word_1_32' title='bbox 95 929 128 992; x_wconf 92' lang='lat' dir='ltr'><strong>in</strong></span> <span class='ocrx_word' id='word_1_33' title='bbox 148 928 310 993; x_wconf 89' lang='lat' dir='ltr'><strong>unitatem</strong></span> <span class='ocrx_word' id='word_1_34' title='bbox 338 926 499 1010; x_wconf 87' lang='lat' dir='ltr'><strong>suppositi</strong></span> <span class='ocrx_word' id='word_1_35' title='bbox 519 933 687 1010; x_wconf 86' lang='lat' dir='ltr'><strong>assumpta</strong></span> <span class='ocrx_word' id='word_1_36' title='bbox 715 933 780 1006; x_wconf 84' lang='lat' dir='ltr'><strong>est3</strong></span> <span class='ocrx_word' id='word_1_37' title='bbox 809 927 980 994; x_wconf 86' lang='lat' dir='ltr'><strong>beatitudo</strong></span> <span class='ocrx_word' id='word_1_38' title='bbox 1001 951 1073 994; x_wconf 89' lang='lat' dir='ltr'><strong>coe-</strong></span> 
     </span>
     <span class='ocr_line' id='line_1_7' title="bbox 23 1023 1071 1110; baseline 0.006 -23"><span class='ocrx_word' id='word_1_39' title='bbox 23 1023 103 1104; x_wconf 88' lang='lat' dir='ltr'><strong>lestis,</strong></span> <span class='ocrx_word' id='word_1_40' title='bbox 134 1032 248 1109; x_wconf 87' lang='lat' dir='ltr'><strong>utpote</strong></span> <span class='ocrx_word' id='word_1_41' title='bbox 277 1025 310 1088; x_wconf 93' lang='lat' dir='ltr'><strong>in</strong></span> <span class='ocrx_word' id='word_1_42' title='bbox 333 1024 396 1089; x_wconf 91' lang='lat' dir='ltr'><strong>Dei</strong></span> <span class='ocrx_word' id='word_1_43' title='bbox 423 1024 544 1090; x_wconf 82' lang='lat' dir='ltr'><strong>visione</strong></span> <span class='ocrx_word' id='word_1_44' title='bbox 572 1025 769 1104; x_wconf 82' lang='lat' dir='ltr'><strong>consistens3</strong></span> <span class='ocrx_word' id='word_1_45' title='bbox 798 1026 897 1109; x_wconf 83' lang='lat' dir='ltr'><strong>Virgo</strong></span> <span class='ocrx_word' id='word_1_46' title='bbox 920 1028 1071 1110; x_wconf 88' lang='lat' dir='ltr'><strong>Deipara,</strong></span> 
     </span>
     <span class='ocr_line' id='line_1_8' title="bbox 22 1122 1073 1204; baseline 0.004 -18"><span class='ocrx_word' id='word_1_47' title='bbox 22 1124 78 1204; x_wconf 84' lang='lat' dir='ltr'><strong>quia</strong></span> <span class='ocrx_word' id='word_1_48' title='bbox 87 1125 146 1189; x_wconf 87' lang='lat' dir='ltr'><strong>Dei</strong></span> <span class='ocrx_word' id='word_1_49' title='bbox 162 1123 312 1190; x_wconf 87' lang='lat' dir='ltr'><strong>Genitrix</strong></span> <span class='ocrx_word' id='word_1_50' title='bbox 335 1128 395 1188; x_wconf 86' lang='lat' dir='ltr'><strong>est.</strong></span> <span class='ocrx_word' id='word_1_51' title='bbox 428 1123 560 1188; x_wconf 84' lang='lat' dir='ltr'><strong>Summa</strong></span> <span class='ocrx_word' id='word_1_52' title='bbox 576 1122 771 1202; x_wconf 87' lang='lat' dir='ltr'><strong>hnmanitas,</strong></span> <span class='ocrx_word' id='word_1_53' title='bbox 785 1124 906 1190; x_wconf 84' lang='lat' dir='ltr'><strong>Christi</strong></span> <span class='ocrx_word' id='word_1_54' title='bbox 925 1126 1073 1192; x_wconf 89' lang='lat' dir='ltr'><strong>humani·</strong></span> 
     </span>
     <span class='ocr_line' id='line_1_9' title="bbox 21 1220 1072 1304; baseline 0.007 -20"><span class='ocrx_word' id='word_1_55' title='bbox 21 1227 63 1286; x_wconf 87' lang='lat' dir='ltr'><strong>tas.</strong></span> <span class='ocrx_word' id='word_1_56' title='bbox 101 1225 267 1290; x_wconf 90' lang='lat' dir='ltr'><strong>Summum</strong></span> <span class='ocrx_word' id='word_1_57' title='bbox 288 1222 424 1299; x_wconf 92' lang='lat' dir='ltr'><strong>bonum,</strong></span> <span class='ocrx_word' id='word_1_58' title='bbox 451 1221 540 1304; x_wconf 92' lang='lat' dir='ltr'><strong>quod</strong></span> <span class='ocrx_word' id='word_1_59' title='bbox 561 1221 649 1286; x_wconf 86' lang='lat' dir='ltr'><strong>Deus</strong></span> <span class='ocrx_word' id='word_1_60' title='bbox 670 1220 809 1304; x_wconf 82' lang='lat' dir='ltr'><strong>largitur</strong></span> <span class='ocrx_word' id='word_1_61' title='bbox 829 1225 966 1304; x_wconf 89' lang='lat' dir='ltr'><strong>sanctis,</strong></span> <span class='ocrx_word' id='word_1_62' title='bbox 995 1225 1072 1291; x_wconf 90' lang='lat' dir='ltr'><strong>bea-</strong></span> 
     </span>
     <span class='ocr_line' id='line_1_10' title="bbox 21 1321 1071 1408; baseline 0.009 -26"><span class='ocrx_word' id='word_1_63' title='bbox 21 1321 102 1388; x_wconf 86' lang='lat' dir='ltr'><strong>titudo</strong></span> <span class='ocrx_word' id='word_1_64' title='bbox 125 1322 284 1388; x_wconf 88' lang='lat' dir='ltr'><strong>coelestis.</strong></span> <span class='ocrx_word' id='word_1_65' title='bbox 327 1321 460 1386; x_wconf 86' lang='lat' dir='ltr'><strong>Summa</strong></span> <span class='ocrx_word' id='word_1_66' title='bbox 479 1321 603 1401; x_wconf 89' lang='lat' dir='ltr'><strong>Mater,</strong></span> <span class='ocrx_word' id='word_1_67' title='bbox 632 1341 758 1386; x_wconf 89' lang='lat' dir='ltr'><strong>summa</strong></span> <span class='ocrx_word' id='word_1_68' title='bbox 785 1321 871 1388; x_wconf 89' lang='lat' dir='ltr'><strong>dona</strong></span> <span class='ocrx_word' id='word_1_69' title='bbox 892 1325 1071 1408; x_wconf 85' lang='lat' dir='ltr'><strong>postulans,</strong></span> 
     </span>
     <span class='ocr_line' id='line_1_11' title="bbox 20 1417 273 1504; baseline 0.008 -22"><span class='ocrx_word' id='word_1_70' title='bbox 20 1417 94 1503; x_wconf 85' lang='lat' dir='ltr'><strong>Virgo</strong></span> <span class='ocrx_word' id='word_1_71' title='bbox 116 1421 273 1504; x_wconf 79' lang='lat' dir='ltr'><strong>Deipara.‘</strong></span> 
     </span>
    </p>

    <p class='ocr_par' dir='ltr' id='par_1_3' title="bbox 18 1516 1073 1894">
     <span class='ocr_line' id='line_1_12' title="bbox 63 1516 1073 1602; baseline 0.004 -19"><span class='ocrx_word' id='word_1_72' title='bbox 63 1520 106 1584; x_wconf 82' lang='lat' dir='ltr'><strong>Er</strong></span> <span class='ocrx_word' id='word_1_73' title='bbox 127 1520 176 1599; x_wconf 86' lang='lat' dir='ltr'><strong>iis,</strong></span> <span class='ocrx_word' id='word_1_74' title='bbox 206 1539 289 1602; x_wconf 90' lang='lat' dir='ltr'><strong>quae</strong></span> <span class='ocrx_word' id='word_1_75' title='bbox 310 1520 412 1602; x_wconf 82' lang='lat' dir='ltr'><strong>us&#39;que</strong></span> <span class='ocrx_word' id='word_1_76' title='bbox 434 1517 530 1582; x_wconf 92' lang='lat' dir='ltr'><strong>modo</strong></span> <span class='ocrx_word' id='word_1_77' title='bbox 552 1516 804 1600; x_wconf 86' lang='lat' dir='ltr'><strong>disputavimus,</strong></span> <span class='ocrx_word' id='word_1_78' title='bbox 825 1521 1073 1588; x_wconf 89' lang='lat' dir='ltr'><strong>Maternitatem</strong></span> 
     </span>
     <span class='ocr_line' id='line_1_13' title="bbox 19 1615 1072 1701; baseline 0.006 -23"><span class='ocrx_word' id='word_1_79' title='bbox 19 1615 138 1683; x_wconf 86' lang='lat' dir='ltr'><strong>divinam</strong></span> <span class='ocrx_word' id='word_1_80' title='bbox 171 1617 356 1682; x_wconf 88' lang='lat' dir='ltr'><strong>radicem</strong></span> <span class='ocrx_word' id='word_1_81' title='bbox 391 1637 481 1682; x_wconf 86' lang='lat' dir='ltr'><strong>esse</strong></span> <span class='ocrx_word' id='word_1_82' title='bbox 515 1616 713 1681; x_wconf 89' lang='lat' dir='ltr'><strong>moralem</strong></span> <span class='ocrx_word' id='word_1_83' title='bbox 748 1625 885 1701; x_wconf 89' lang='lat' dir='ltr'><strong>apparet</strong></span> <span class='ocrx_word' id='word_1_84' title='bbox 915 1640 975 1684; x_wconf 92' lang='lat' dir='ltr'><strong>nec</strong></span> <span class='ocrx_word' id='word_1_85' title='bbox 1006 1641 1072 1686; x_wconf 91' lang='lat' dir='ltr'><strong>non</strong></span> 
     </span>
     <span class='ocr_line' id='line_1_14' title="bbox 19 1715 1072 1810; baseline 0.004 -32"><span class='ocrx_word' id='word_1_86' title='bbox 19 1736 153 1783; x_wconf 87' lang='lat' dir='ltr'><strong>causam</strong></span> <span class='ocrx_word' id='word_1_87' title='bbox 174 1716 338 1810; x_wconf 76' lang='lat' dir='ltr'><strong>finalem</strong></span> <span class='ocrx_word' id='word_1_88' title='bbox 366 1715 536 1779; x_wconf 92' lang='lat' dir='ltr'><strong>omnium</strong></span> <span class='ocrx_word' id='word_1_89' title='bbox 555 1717 926 1802; x_wconf 86' lang='lat' dir='ltr'><strong>praerogativarum</strong></span> <span class='ocrx_word' id='word_1_90' title='bbox 946 1717 985 1809; x_wconf 79' lang='lat' dir='ltr'><strong>b.¹</strong></span> <span class='ocrx_word' id='word_1_91' title='bbox 1000 1719 1072 1784; x_wconf 88' lang='lat' dir='ltr'><strong>Vir·</strong></span> 
     </span>
     <span class='ocr_line' id='line_1_15' title="bbox 18 1813 317 1894; baseline -0.003 -16"><span class='ocrx_word' id='word_1_92' title='bbox 18 1813 68 1894; x_wconf 81' lang='lat' dir='ltr'><strong>gini</strong></span> <span class='ocrx_word' id='word_1_93' title='bbox 85 1836 317 1882; x_wconf 85' lang='lat' dir='ltr'><strong>concessarum.</strong></span> 
     </span>
    </p>

    <p class='ocr_par' dir='ltr' id='par_1_4' title="bbox 16 1911 1096 3068">
     <span class='ocr_line' id='line_1_16' title="bbox 63 1911 1070 1980; baseline 0 -1"><span class='ocrx_word' id='word_1_94' title='bbox 63 1915 160 1980; x_wconf 84' lang='lat' dir='ltr'><strong>Sicuti</strong></span> <span class='ocrx_word' id='word_1_95' title='bbox 187 1915 313 1980; x_wconf 91' lang='lat' dir='ltr'><strong>minora</strong></span> <span class='ocrx_word' id='word_1_96' title='bbox 341 1911 506 1978; x_wconf 89' lang='lat' dir='ltr'><strong>coelorum</strong></span> <span class='ocrx_word' id='word_1_97' title='bbox 533 1911 641 1978; x_wconf 86' lang='lat' dir='ltr'><strong>sidera</strong></span> <span class='ocrx_word' id='word_1_98' title='bbox 661 1933 682 1976; x_wconf 90' lang='lat' dir='ltr'><strong>a</strong></span> <span class='ocrx_word' id='word_1_99' title='bbox 701 1912 823 1978; x_wconf 91' lang='lat' dir='ltr'><strong>lumine</strong></span> <span class='ocrx_word' id='word_1_100' title='bbox 852 1914 951 1979; x_wconf 86' lang='lat' dir='ltr'><strong>solari</strong></span> <span class='ocrx_word' id='word_1_101' title='bbox 978 1936 1070 1980; x_wconf 88' lang='lat' dir='ltr'><strong>suam</strong></span> 
     </span>
     <span class='ocr_line' id='line_1_17' title="bbox 17 2009 1071 2096; baseline 0.004 -22"><span class='ocrx_word' id='word_1_102' title='bbox 17 2009 143 2078; x_wconf 74' lang='lat' dir='ltr'><strong>derivant</strong></span> <span class='ocrx_word' id='word_1_103' title='bbox 170 2012 277 2077; x_wconf 90' lang='lat' dir='ltr'><strong>lucem</strong></span> <span class='ocrx_word' id='word_1_104' title='bbox 304 2010 397 2076; x_wconf 91' lang='lat' dir='ltr'><strong>nobis</strong></span> <span class='ocrx_word' id='word_1_105' title='bbox 425 2010 647 2093; x_wconf 82' lang='lat' dir='ltr'><strong>conspicuam,</strong></span> <span class='ocrx_word' id='word_1_106' title='bbox 676 2012 725 2076; x_wconf 88' lang='lat' dir='ltr'><strong>ita</strong></span> <span class='ocrx_word' id='word_1_107' title='bbox 751 2012 921 2096; x_wconf 85' lang='lat' dir='ltr'><strong>privilegia</strong></span> <span class='ocrx_word' id='word_1_108' title='bbox 949 2035 972 2078; x_wconf 90' lang='lat' dir='ltr'><strong>s.</strong></span> <span class='ocrx_word' id='word_1_109' title='bbox 996 2014 1071 2078; x_wconf 89' lang='lat' dir='ltr'><strong>Dei-</strong></span> 
     </span>
     <span class='ocr_line' id='line_1_18' title="bbox 17 2108 1072 2194; baseline 0.003 -20"><span class='ocrx_word' id='word_1_110' title='bbox 17 2129 93 2191; x_wconf 86' lang='lat' dir='ltr'><strong>parae</strong></span> <span class='ocrx_word' id='word_1_111' title='bbox 115 2132 268 2178; x_wconf 88' lang='lat' dir='ltr'><strong>concessa</strong></span> <span class='ocrx_word' id='word_1_112' title='bbox 287 2108 421 2193; x_wconf 91' lang='lat' dir='ltr'><strong>aliquod</strong></span> <span class='ocrx_word' id='word_1_113' title='bbox 448 2115 628 2192; x_wconf 83' lang='lat' dir='ltr'><strong>agnoscunt</strong></span> <span class='ocrx_word' id='word_1_114' title='bbox 648 2111 843 2194; x_wconf 89' lang='lat' dir='ltr'><strong>principium</strong></span> <span class='ocrx_word' id='word_1_115' title='bbox 871 2133 909 2177; x_wconf 92' lang='lat' dir='ltr'><strong>ac</strong></span> <span class='ocrx_word' id='word_1_116' title='bbox 934 2113 968 2176; x_wconf 90' lang='lat' dir='ltr'><strong>in</strong></span> <span class='ocrx_word' id='word_1_117' title='bbox 989 2112 1072 2178; x_wconf 91' lang='lat' dir='ltr'><strong>illud</strong></span> 
     </span>
     <span class='ocr_line' id='line_1_19' title="bbox 16 2207 1096 2295; baseline 0 -21"><span class='ocrx_word' id='word_1_118' title='bbox 16 2215 150 2295; x_wconf 85' lang='lat' dir='ltr'><strong>tanquam</strong></span> <span class='ocrx_word' id='word_1_119' title='bbox 181 2212 216 2275; x_wconf 91' lang='lat' dir='ltr'><strong>in</strong></span> <span class='ocrx_word' id='word_1_120' title='bbox 245 2229 374 2274; x_wconf 89' lang='lat' dir='ltr'><strong>causam</strong></span> <span class='ocrx_word' id='word_1_121' title='bbox 402 2208 598 2273; x_wconf 86' lang='lat' dir='ltr'><strong>referuntur.</strong></span> <span class='ocrx_word' id='word_1_122' title='bbox 648 2209 738 2275; x_wconf 90' lang='lat' dir='ltr'><strong>Haec</strong></span> <span class='ocrx_word' id='word_1_123' title='bbox 763 2231 839 2274; x_wconf 88' lang='lat' dir='ltr'><strong>vero</strong></span> <span class='ocrx_word' id='word_1_124' title='bbox 872 2217 923 2276; x_wconf 89' lang='lat' dir='ltr'><strong>est</strong></span> <span class='ocrx_word' id='word_1_125' title='bbox 951 2207 1096 2276; x_wconf 79' lang='lat' dir='ltr'><strong>mater·&#39;</strong></span> 
     </span>
     <span class='ocr_line' id='line_1_20' title="bbox 16 2306 1071 2391; baseline 0.005 -22"><span class='ocrx_word' id='word_1_126' title='bbox 16 2307 90 2374; x_wconf 87' lang='lat' dir='ltr'><strong>nites.</strong></span> <span class='ocrx_word' id='word_1_127' title='bbox 132 2310 183 2374; x_wconf 86' lang='lat' dir='ltr'><strong>lta</strong></span> <span class='ocrx_word' id='word_1_128' title='bbox 205 2309 323 2373; x_wconf 91' lang='lat' dir='ltr'><strong>docent</strong></span> <span class='ocrx_word' id='word_1_129' title='bbox 343 2306 541 2372; x_wconf 83' lang='lat' dir='ltr'><strong>unanimiter</strong></span> <span class='ocrx_word' id='word_1_130' title='bbox 568 2328 615 2372; x_wconf 86' lang='lat' dir='ltr'><strong>ss.</strong></span> <span class='ocrx_word' id='word_1_131' title='bbox 643 2307 800 2373; x_wconf 89' lang='lat' dir='ltr'><strong>Patres.</strong></span> <span class='ocrx_word' id='word_1_132' title='bbox 843 2309 1071 2391; x_wconf 86' lang='lat' dir='ltr'><strong>,Maternitati</strong></span> 
     </span>
     <span class='ocr_line' id='line_1_21' title="bbox 16 2404 1072 2490; baseline 0.002 -20"><span class='ocrx_word' id='word_1_133' title='bbox 16 2404 140 2488; x_wconf 87' lang='lat' dir='ltr'><strong>debetur,</strong></span> <span class='ocrx_word' id='word_1_134' title='bbox 162 2409 256 2474; x_wconf 88' lang='lat' dir='ltr'><strong>aits.</strong></span> <span class='ocrx_word' id='word_1_135' title='bbox 280 2405 562 2490; x_wconf 77' lang='lat' dir='ltr'><strong>Cyprianus,²)</strong></span> <span class='ocrx_word' id='word_1_136' title='bbox 583 2404 753 2488; x_wconf 91' lang='lat' dir='ltr'><strong>plenitudo</strong></span> <span class='ocrx_word' id='word_1_137' title='bbox 775 2408 929 2490; x_wconf 80' lang='lat' dir='ltr'><strong>gratiae.“</strong></span> <span class='ocrx_word' id='word_1_138' title='bbox 970 2407 1072 2473; x_wconf 84' lang='lat' dir='ltr'><strong>Juxta</strong></span> 
     </span>
     <span class='ocr_line' id='line_1_22' title="bbox 16 2503 1069 2591; baseline 0.004 -23"><span class='ocrx_word' id='word_1_139' title='bbox 16 2525 30 2568; x_wconf 89' lang='lat' dir='ltr'><strong>s.</strong></span> <span class='ocrx_word' id='word_1_140' title='bbox 56 2506 366 2591; x_wconf 66' lang='lat' dir='ltr'><strong>Sophroniumss)</strong></span> <span class='ocrx_word' id='word_1_141' title='bbox 399 2503 430 2568; x_wconf 90' lang='lat' dir='ltr'><strong>h.</strong></span> <span class='ocrx_word' id='word_1_142' title='bbox 459 2504 558 2586; x_wconf 86' lang='lat' dir='ltr'><strong>Virgo</strong></span> <span class='ocrx_word' id='word_1_143' title='bbox 590 2505 801 2587; x_wconf 88' lang='lat' dir='ltr'><strong>praedicatur</strong></span> <span class='ocrx_word' id='word_1_144' title='bbox 830 2507 936 2589; x_wconf 85' lang='lat' dir='ltr'><strong>gratia</strong></span> <span class='ocrx_word' id='word_1_145' title='bbox 963 2505 1069 2589; x_wconf 88' lang='lat' dir='ltr'><strong>plena,</strong></span> 
     </span>
     <span class='ocr_line' id='line_1_23' title="bbox 16 2603 1070 2686; baseline 0.001 -17"><span class='ocrx_word' id='word_1_146' title='bbox 16 2607 73 2686; x_wconf 76' lang='lat' dir='ltr'><strong>quia</strong></span> <span class='ocrx_word' id='word_1_147' title='bbox 93 2608 153 2672; x_wconf 94' lang='lat' dir='ltr'><strong>Dei</strong></span> <span class='ocrx_word' id='word_1_148' title='bbox 180 2605 330 2672; x_wconf 82' lang='lat' dir='ltr'><strong>Genitrix</strong></span> <span class='ocrx_word' id='word_1_149' title='bbox 358 2603 463 2668; x_wconf 89' lang='lat' dir='ltr'><strong>electa</strong></span> <span class='ocrx_word' id='word_1_150' title='bbox 491 2610 549 2668; x_wconf 92' lang='lat' dir='ltr'><strong>est.</strong></span> <span class='ocrx_word' id='word_1_151' title='bbox 594 2603 654 2669; x_wconf 83' lang='lat' dir='ltr'><strong>Cui</strong></span> <span class='ocrx_word' id='word_1_152' title='bbox 680 2605 866 2686; x_wconf 89' lang='lat' dir='ltr'><strong>plenissime</strong></span> <span class='ocrx_word' id='word_1_153' title='bbox 894 2604 1070 2672; x_wconf 88' lang='lat' dir='ltr'><strong>concordat</strong></span> 
     </span>
     <span class='ocr_line' id='line_1_24' title="bbox 16 2703 1067 2786; baseline 0.001 -20"><span class='ocrx_word' id='word_1_154' title='bbox 16 2706 215 2770; x_wconf 83' lang='lat' dir='ltr'><strong>testimonium</strong></span> <span class='ocrx_word' id='word_1_155' title='bbox 247 2705 277 2769; x_wconf 91' lang='lat' dir='ltr'><strong>d.</strong></span> <span class='ocrx_word' id='word_1_156' title='bbox 306 2704 463 2768; x_wconf 89' lang='lat' dir='ltr'><strong>Hieron</strong></span> <span class='ocrx_word' id='word_1_157' title='bbox 470 2703 558 2786; x_wconf 80' lang='lat' dir='ltr'><strong>ymi.</strong></span> <span class='ocrx_word' id='word_1_158' title='bbox 566 2705 594 2785; x_wconf 70' lang='grc'><strong>4)</strong></span> <span class='ocrx_word' id='word_1_159' title='bbox 633 2705 773 2786; x_wconf 85' lang='lat' dir='ltr'><strong>,Sancta</strong></span> <span class='ocrx_word' id='word_1_160' title='bbox 800 2704 913 2782; x_wconf 90' lang='lat' dir='ltr'><strong>Maria,</strong></span> <span class='ocrx_word' id='word_1_161' title='bbox 944 2703 1067 2782; x_wconf 85' lang='lat' dir='ltr'><strong>scribit,</strong></span> 
     </span>
     <span class='ocr_line' id='line_1_25' title="bbox 16 2803 1069 2891; baseline 0 -24"><span class='ocrx_word' id='word_1_162' title='bbox 16 2804 72 2883; x_wconf 66' lang='lat' dir='ltr'><strong>luia</strong></span> <span class='ocrx_word' id='word_1_163' title='bbox 92 2810 285 2887; x_wconf 84' lang='lat' dir='ltr'><strong>conceperat</strong></span> <span class='ocrx_word' id='word_1_164' title='bbox 306 2825 388 2882; x_wconf 92' lang='lat' dir='ltr'><strong>eum,</strong></span> <span class='ocrx_word' id='word_1_165' title='bbox 419 2803 480 2885; x_wconf 78' lang='lat' dir='ltr'><strong>„in</strong></span> <span class='ocrx_word' id='word_1_166' title='bbox 501 2824 579 2886; x_wconf 92' lang='lat' dir='ltr'><strong>quo</strong></span> <span class='ocrx_word' id='word_1_167' title='bbox 609 2804 739 2891; x_wconf 81' lang='lat' dir='ltr'><strong>omnis</strong></span> <span class='ocrx_word' id='word_1_168' title='bbox 759 2803 983 2886; x_wconf 89' lang='lat' dir='ltr'><strong>plenitudo</strong></span> <span class='ocrx_word' id='word_1_169' title='bbox 1014 2804 1069 2868; x_wconf 94' lang='lat' dir='ltr'><strong>di·</strong></span> 
     </span>
     <span class='ocr_line' id='line_1_26' title="bbox 16 2902 1068 2986; baseline 0.006 -24"><span class='ocrx_word' id='word_1_170' title='bbox 16 2902 191 2970; x_wconf 74' lang='lat' dir='ltr'><strong>uinitatis</strong></span> <span class='ocrx_word' id='word_1_171' title='bbox 219 2902 391 2968; x_wconf 89' lang='lat' dir='ltr'><strong>habitat</strong></span> <span class='ocrx_word' id='word_1_172' title='bbox 419 2902 745 2985; x_wconf 79' lang='lat' dir='ltr'><strong>corporaliter,“</strong></span> <span class='ocrx_word' id='word_1_173' title='bbox 773 2903 871 2986; x_wconf 89' lang='lat' dir='ltr'><strong>plena</strong></span> <span class='ocrx_word' id='word_1_174' title='bbox 891 2903 998 2986; x_wconf 87' lang='lat' dir='ltr'><strong>gratia</strong></span> <span class='ocrx_word' id='word_1_175' title='bbox 1018 2925 1068 2968; x_wconf 87' lang='lat' dir='ltr'><strong>sa-</strong></span> 
     </span>
     <span class='ocr_line' id='line_1_27' title="bbox 16 2999 149 3068; baseline 0.053 -6"><span class='ocrx_word' id='word_1_176' title='bbox 16 2999 149 3068; x_wconf 67' lang='lat' dir='ltr'><strong>lutaturf‘</strong></span> 
     </span>
    </p>

    <p class='ocr_par' dir='ltr' id='par_1_5' title="bbox 16 3083 1156 3662">
     <span class='ocr_line' id='line_1_28' title="bbox 58 3083 1069 3184; baseline -0.001 -18"><span class='ocrx_word' id='word_1_177' title='bbox 58 3083 184 3184; x_wconf 85' lang='lat' dir='ltr'><strong>Optime</strong></span> <span class='ocrx_word' id='word_1_178' title='bbox 216 3099 367 3183; x_wconf 85' lang='lat' dir='ltr'><strong>exposuit</strong></span> <span class='ocrx_word' id='word_1_179' title='bbox 397 3100 481 3164; x_wconf 91' lang='lat' dir='ltr'><strong>hanc</strong></span> <span class='ocrx_word' id='word_1_180' title='bbox 513 3100 708 3166; x_wconf 90' lang='lat' dir='ltr'><strong>sententiam</strong></span> <span class='ocrx_word' id='word_1_181' title='bbox 737 3099 887 3164; x_wconf 89' lang='lat' dir='ltr'><strong>Doctor</strong></span> <span class='ocrx_word' id='word_1_182' title='bbox 914 3100 1069 3183; x_wconf 82' lang='lat' dir='ltr'><strong>Angeli-</strong></span> 
     </span>
     <span class='ocr_line' id='line_1_29' title="bbox 16 3197 1070 3282; baseline 0.002 -22"><span class='ocrx_word' id='word_1_183' title='bbox 16 3201 108 3282; x_wconf 73' lang='lat' dir='ltr'><strong>rus:⁵)</strong></span> <span class='ocrx_word' id='word_1_184' title='bbox 137 3199 353 3282; x_wconf 65' lang='lat' dir='ltr'><strong>„Dicendum</strong></span> <span class='ocrx_word' id='word_1_185' title='bbox 403 3198 468 3263; x_wconf 91' lang='lat' dir='ltr'><strong>nod</strong></span> <span class='ocrx_word' id='word_1_186' title='bbox 489 3205 611 3281; x_wconf 88' lang='lat' dir='ltr'><strong>quanto</strong></span> <span class='ocrx_word' id='word_1_187' title='bbox 634 3197 751 3280; x_wconf 90' lang='lat' dir='ltr'><strong>aliquis</strong></span> <span class='ocrx_word' id='word_1_188' title='bbox 773 3198 875 3280; x_wconf 83' lang='lat' dir='ltr'><strong>magis</strong></span> <span class='ocrx_word' id='word_1_189' title='bbox 895 3198 1070 3281; x_wconf 87' lang='lat' dir='ltr'><strong>appropin-</strong></span> 
     </span>
     <span class='ocr_line' id='line_1_30' title="bbox 16 3221 1070 3365; baseline 0 -19"><span class='ocrx_word' id='word_1_190' title='bbox 16 3288 74 3361; x_wconf 77' lang='lat' dir='ltr'><strong>1uat</strong></span> <span class='ocrx_word' id='word_1_191' title='bbox 91 3281 252 3365; x_wconf 88' lang='lat' dir='ltr'><strong>principio</strong></span> <span class='ocrx_word' id='word_1_192' title='bbox 273 3281 308 3346; x_wconf 90' lang='lat' dir='ltr'><strong>in</strong></span> <span class='ocrx_word' id='word_1_193' title='bbox 329 3221 477 3364; x_wconf 72' lang='lat' dir='ltr'><strong>quilibet</strong></span> <span class='ocrx_word' id='word_1_194' title='bbox 496 3301 622 3364; x_wconf 83' lang='lat' dir='ltr'><strong>genere,</strong></span> <span class='ocrx_word' id='word_1_195' title='bbox 652 3286 746 3346; x_wconf 88' lang='lat' dir='ltr'><strong>tanto</strong></span> <span class='ocrx_word' id='word_1_196' title='bbox 767 3280 871 3363; x_wconf 85' lang='lat' dir='ltr'><strong>magis</strong></span> <span class='ocrx_word' id='word_1_197' title='bbox 891 3281 1070 3364; x_wconf 88' lang='lat' dir='ltr'><strong>participat</strong></span> 
     </span>
     <span class='ocr_line' id='line_1_31' title="bbox 16 3378 1071 3464; baseline 0.003 -24"><span class='ocrx_word' id='word_1_198' title='bbox 16 3378 144 3446; x_wconf 65' lang='lat' dir='ltr'><strong>effectum</strong></span> <span class='ocrx_word' id='word_1_199' title='bbox 171 3381 259 3445; x_wconf 88' lang='lat' dir='ltr'><strong>illius</strong></span> <span class='ocrx_word' id='word_1_200' title='bbox 287 3379 448 3464; x_wconf 86' lang='lat' dir='ltr'><strong>principii.</strong></span> <span class='ocrx_word' id='word_1_201' title='bbox 498 3380 592 3446; x_wconf 93' lang='lat' dir='ltr'><strong>Unde</strong></span> <span class='ocrx_word' id='word_1_202' title='bbox 621 3379 793 3463; x_wconf 86' lang='lat' dir='ltr'><strong>Dionysius</strong></span> <span class='ocrx_word' id='word_1_203' title='bbox 823 3378 953 3460; x_wconf 77' lang='lat' dir='ltr'><strong>dicit,⁶)</strong></span> <span class='ocrx_word' id='word_1_204' title='bbox 982 3378 1071 3461; x_wconf 90' lang='lat' dir='ltr'><strong>quod</strong></span> 
     </span>
     <span class='ocr_line' id='line_1_32' title="bbox 16 3475 1156 3564; baseline 0.004 -24"><span class='ocrx_word' id='word_1_205' title='bbox 16 3475 115 3562; x_wconf 83' lang='lat' dir='ltr'><strong>ingeli,</strong></span> <span class='ocrx_word' id='word_1_206' title='bbox 138 3479 293 3563; x_wconf 91' lang='lat' dir='ltr'><strong>quisunt</strong></span> <span class='ocrx_word' id='word_1_207' title='bbox 315 3479 383 3544; x_wconf 91' lang='lat' dir='ltr'><strong>Deo</strong></span> <span class='ocrx_word' id='word_1_208' title='bbox 404 3479 662 3564; x_wconf 89' lang='lat' dir='ltr'><strong>propinquiores,</strong></span> <span class='ocrx_word' id='word_1_209' title='bbox 684 3477 787 3560; x_wconf 84' lang='lat' dir='ltr'><strong>magis</strong></span> <span class='ocrx_word' id='word_1_210' title='bbox 807 3477 1008 3560; x_wconf 87' lang='lat' dir='ltr'><strong>participant</strong></span> <span class='ocrx_word' id='word_1_211' title='bbox 1028 3477 1070 3542; x_wconf 91' lang='lat' dir='ltr'><strong>de</strong></span> <span class='ocrx_word' id='word_1_212' title='bbox 1151 3537 1156 3545; x_wconf 93' lang='lat'><em>.</em></span> 
     </span>
     <span class='ocr_line' id='line_1_33' title="bbox 16 3575 1070 3662; baseline 0.003 -25"><span class='ocrx_word' id='word_1_213' title='bbox 16 3579 193 3644; x_wconf 69' lang='lat' dir='ltr'><strong>»unitatibus</strong></span> <span class='ocrx_word' id='word_1_214' title='bbox 223 3577 356 3657; x_wconf 84' lang='lat' dir='ltr'><strong>divinis,</strong></span> <span class='ocrx_word' id='word_1_215' title='bbox 385 3599 484 3662; x_wconf 90' lang='lat' dir='ltr'><strong>quam</strong></span> <span class='ocrx_word' id='word_1_216' title='bbox 511 3578 666 3643; x_wconf 89' lang='lat' dir='ltr'><strong>homines.</strong></span> <span class='ocrx_word' id='word_1_217' title='bbox 710 3575 858 3642; x_wconf 88' lang='lat' dir='ltr'><strong>Christus</strong></span> <span class='ocrx_word' id='word_1_218' title='bbox 887 3581 998 3640; x_wconf 89' lang='lat' dir='ltr'><strong>autern</strong></span> <span class='ocrx_word' id='word_1_219' title='bbox 1019 3580 1070 3640; x_wconf 90' lang='lat' dir='ltr'><strong>est</strong></span> 
     </span>
    </p>
   </div>
   <div class='ocr_carea' id='block_1_3' title="bbox 16 3745 187 3758">
    <p class='ocr_par' dir='ltr' id='par_1_6' title="bbox 16 3745 187 3758">
     <span class='ocr_line' id='line_1_34' title="bbox 16 3745 187 3758; baseline 0.006 -2"><span class='ocrx_word' id='word_1_220' title='bbox 16 3745 187 3758; x_wconf 56' lang='lat'><strong>———</strong></span> 
     </span>
    </p>
   </div>
   <div class='ocr_carea' id='block_1_4' title="bbox 16 3822 1069 4060">
    <p class='ocr_par' dir='ltr' id='par_1_7' title="bbox 16 3822 1069 4060">
     <span class='ocr_line' id='line_1_35' title="bbox 59 3822 1069 3896; baseline -0.003 -14"><span class='ocrx_word' id='word_1_221' title='bbox 59 3827 77 3894; x_wconf 89' lang='lat'><strong>¹)</strong></span> <span class='ocrx_word' id='word_1_222' title='bbox 97 3826 234 3882; x_wconf 81' lang='lat' dir='ltr'><strong>Concord.</strong></span> <span class='ocrx_word' id='word_1_223' title='bbox 256 3830 322 3880; x_wconf 89' lang='lat' dir='ltr'><strong>tom.</strong></span> <span class='ocrx_word' id='word_1_224' title='bbox 345 3826 367 3893; x_wconf 91' lang='lat' dir='ltr'><strong>I,</strong></span> <span class='ocrx_word' id='word_1_225' title='bbox 390 3827 439 3881; x_wconf 90' lang='lat' dir='ltr'><strong>lib.</strong></span> <span class='ocrx_word' id='word_1_226' title='bbox 459 3830 476 3883; x_wconf 87' lang='grc'>6</span> <span class='ocrx_word' id='word_1_227' title='bbox 499 3843 543 3896; x_wconf 82' lang='lat' dir='ltr'><strong>op.</strong></span> <span class='ocrx_word' id='word_1_228' title='bbox 564 3829 591 3882; x_wconf 82' lang='lat'><strong>2.</strong></span> <span class='ocrx_word' id='word_1_229' title='bbox 629 3828 651 3895; x_wconf 61' lang='grc'><strong>2)</strong></span> <span class='ocrx_word' id='word_1_230' title='bbox 674 3827 761 3882; x_wconf 79' lang='lat' dir='ltr'><strong>Sarni.</strong></span> <span class='ocrx_word' id='word_1_231' title='bbox 786 3824 820 3879; x_wconf 92' lang='lat' dir='ltr'><strong>de</strong></span> <span class='ocrx_word' id='word_1_232' title='bbox 843 3823 936 3880; x_wconf 84' lang='lat' dir='ltr'><strong>Nativ.</strong></span> <span class='ocrx_word' id='word_1_233' title='bbox 959 3822 1069 3879; x_wconf 78' lang='lat' dir='ltr'><strong>Christi.</strong></span> 
     </span>
     <span class='ocr_line' id='line_1_36' title="bbox 16 3905 1069 3978; baseline -0.006 -12"><span class='ocrx_word' id='word_1_234' title='bbox 16 3907 110 3966; x_wconf 83' lang='lat' dir='ltr'><strong>lSerm.</strong></span> <span class='ocrx_word' id='word_1_235' title='bbox 124 3909 159 3964; x_wconf 87' lang='lat' dir='ltr'><strong>de</strong></span> <span class='ocrx_word' id='word_1_236' title='bbox 172 3910 314 3977; x_wconf 78' lang='lat' dir='ltr'><strong>Assumpt.</strong></span> <span class='ocrx_word' id='word_1_237' title='bbox 335 3909 357 3976; x_wconf 83' lang='lat'><strong>⁴)</strong></span> <span class='ocrx_word' id='word_1_238' title='bbox 369 3909 459 3978; x_wconf 85' lang='lat' dir='ltr'><strong>Epist.</strong></span> <span class='ocrx_word' id='word_1_239' title='bbox 469 3912 517 3965; x_wconf 79' lang='lat'><strong>104</strong></span> <span class='ocrx_word' id='word_1_240' title='bbox 529 3914 597 3964; x_wconf 89' lang='lat' dir='ltr'><strong>tom.</strong></span> <span class='ocrx_word' id='word_1_241' title='bbox 609 3909 659 3963; x_wconf 90' lang='lat'><em>111.</em></span> <span class='ocrx_word' id='word_1_242' title='bbox 682 3908 705 3976; x_wconf 68' lang='grc'><strong>5)</strong></span> <span class='ocrx_word' id='word_1_243' title='bbox 717 3906 768 3974; x_wconf 85' lang='lat'><strong>111,</strong></span> <span class='ocrx_word' id='word_1_244' title='bbox 778 3925 805 3977; x_wconf 83' lang='lat' dir='ltr'><strong>p.</strong></span> <span class='ocrx_word' id='word_1_245' title='bbox 818 3923 844 3975; x_wconf 89' lang='lat' dir='ltr'><strong>q.</strong></span> <span class='ocrx_word' id='word_1_246' title='bbox 857 3905 970 3974; x_wconf 85' lang='lat' dir='ltr'><strong>XXVII,</strong></span> <span class='ocrx_word' id='word_1_247' title='bbox 984 3910 1036 3962; x_wconf 81' lang='lat' dir='ltr'><strong>art.</strong></span> <span class='ocrx_word' id='word_1_248' title='bbox 1044 3905 1069 3960; x_wconf 78' lang='lat'><strong>5.</strong></span> 
     </span>
     <span class='ocr_line' id='line_1_37' title="bbox 16 3990 357 4060; baseline 0.012 -16"><span class='ocrx_word' id='word_1_249' title='bbox 16 3990 100 4047; x_wconf 81' lang='lat' dir='ltr'><strong>tCoel.</strong></span> <span class='ocrx_word' id='word_1_250' title='bbox 116 3990 255 4047; x_wconf 82' lang='lat' dir='ltr'><strong>hierarch.</strong></span> <span class='ocrx_word' id='word_1_251' title='bbox 272 4007 316 4060; x_wconf 89' lang='lat' dir='ltr'><strong>cp.</strong></span> <span class='ocrx_word' id='word_1_252' title='bbox 332 3993 357 4048; x_wconf 84' lang='lat'><strong>4.</strong></span> 
     </span>
    </p>
   </div>
   <div class='ocr_carea' id='block_1_5' title="bbox 0 0 1368 4554">
    <p class='ocr_par' dir='ltr' id='par_1_8' title="bbox 0 0 1368 4554">
     <span class='ocr_line' id='line_1_38' title="bbox 0 0 1368 4554; baseline 0 2"><span class='ocrx_word' id='word_1_253' title='bbox 0 0 1368 4554; x_wconf 95' lang='lat' dir='ltr'><strong> </strong></span> 
     </span>
    </p>
   </div>
  </div>
 </body>
</html>
