2718 4556
562 372 620 432 371

545 569 578 652 5.
600 566 637 634 4.

184 714 236 780 De
264 686 366 792 loco,
396 735 470 796 quo
499 714 769 780 Annuntiatio
797 715 907 782 facta
935 719 997 784 sit.

117 863 221 928 Etiam
243 862 350 945 quoad
371 861 649 926 circumstantiam
670 861 747 940 loci,
777 884 840 946 quo
862 865 1128 934 annuntiationis

64 984 95 1026 ae
120 962 345 1046 Conceptionis
375 962 412 1025 D.
436 960 474 1025 N.
504 962 659 1044 mysteria
688 968 823 1044 peracta
851 963 989 1044 fuerint,
1019 969 1128 1034 variae

63 1063 139 1126 inter
158 1061 326 1144 theologos
345 1067 498 1144 prostant
519 1061 711 1139 sententiae,
732 1083 812 1143 quas
833 1063 945 1144 paucis
967 1066 1127 1149 attingere

63 1159 158 1226 liceat.
201 1151 377 1238 Quaeritur
399 1181 473 1243 ergo
579 1163 583 1175 ‘

64 1358 233 1435 Quoloco
247 1357 828 1439 annuntiationis'mysterium
842 1367 1047 1440 peractum
1064 1363 1126 1427 sit.

115 1508 151 1572 Iu
173 1507 306 1572 civitate
328 1505 469 1588 quadam
490 1504 656 1570 Galilaeae
678 1505 871 1587 provinciae,
900 1508 1030 1573 nomine
1058 1510 1128 1576 Na·

62 1606 203 1686 zareth,
242 1605 465 1670 beatissimam
497 1602 663 1685 Virginem
695 1609 773 1668 tuuc
803 1607 960 1688 temporis
992 1606 1126 1691 degisse,

61 1726 81 1768 a
102 1704 304 1788 Evangelista
331 1702 438 1766 verbis
461 1706 605 1766 testatur
631 1702 854 1790 apertissimis.
897 1703 985 1785 ,Nec
1006 1706 1125 1786 obstat,

62 1803 157 1886 inquit
183 1803 369 1879 Billuart,
380 1802 404 1882 ¹)
433 1799 520 1883 quod
547 1798 669 1881 Joseph
698 1805 732 1864 et
753 1800 858 1865 Maria
886 1808 1001 1884 utpote
1021 1803 1126 1869 Judae

61 1901 185 1966 tribules
217 1900 392 1965 debuerint
422 1898 543 1962 habere
575 1897 706 1962 domum
737 1899 771 1962 in
802 1899 943 1980 Judaea‚
977 1923 1061 1985 quae
1093 1905 1127 1967 in

61 2000 224 2079 partitione
257 2008 364 2064 terrae
402 2003 534 2062 sanctae
570 1997 734 2079 obtigerat
768 1999 920 2064 tribubus
950 2000 1055 2066 Judae
1093 2009 1127 2068 et

61 2097 233 2182 Benjamin,
272 2120 337 2163 non
373 2097 407 2161 in
439 2095 601 2174 Galilaea,
640 2117 724 2179 quae
760 2097 795 2160 in
829 2105 950 2163 sortem
981 2101 1127 2167 tribuum

61 2197 193 2264 Zabulon
215 2205 249 2263 et
269 2196 425 2280 Nephtali
446 2201 605 2278 oesseratq
633 2217 698 2260 non
719 2196 843 2275 obstat,
874 2197 1020 2280 inquam,
1050 2202 1127 2284 quia

61 2298 182 2376 partitio
213 2296 304 2362 facta
335 2317 355 2360 a
383 2295 484 2360 Josue
517 2301 589 2360 erat
616 2296 870 2377 possessionum,
903 2318 968 2361 non
1000 2299 1128 2370 habita-

61 2395 182 2460 tionum.
240 2397 397 2461 Poterant
438 2415 514 2477 ergo
552 2394 674 2476 Joseph
718 2400 753 2459 et
790 2395 896 2459 Maria
934 2395 1054 2463 habere
1092 2400 1127 2463 in

62 2492 194 2560 Galilaea
234 2493 463 2560 domunculam
503 2492 677 2571 elocatam,
718 2493 937 2576 possessiones
977 2517 1053 2561 vero
1092 2498 1127 2570 in

60 2591 181 2659 Judaea.
240 2592 349 2670 Adde,
395 2591 483 2674 quod
521 2597 596 2674 post
635 2591 858 2673 captivitatem
896 2593 1127 2677 Babylonicam

61 2688 167 2758 limites
187 2692 427 2775 possessionum
448 2710 468 2754 a
488 2689 588 2755 Josue
608 2690 818 2772 praescripti,
847 2712 913 2755 non
934 2693 982 2756 ita
1003 2692 1126 2760 fuerint

61 2791 195 2874 religiose
217 2791 345 2869 servati,
369 2790 447 2872 quin
467 2789 578 2872 potius
600 2810 710 2852 omnes
731 2789 891 2872 susdeque
912 2792 1095 2876 permixti.“

112 2891 278 2969 Quaerunt
305 2883 464 2971 theologi,
494 2890 529 2953 in
558 2910 723 2972 quanam
752 2889 861 2954 domo
892 2891 1033 2957 civitatis
1060 2892 1125 2958 Na·

61 2991 158 3054 zareth
177 2991 239 3055 hoc
261 2989 450 3072 mysterium
471 2988 573 3052 fuerit
593 2992 777 3070 peractum:
807 2986 841 3051 in
870 2989 965 3054 domo
986 2998 1126 3074 paterna

61 3084 254 3154 beatissimae
275 3088 427 3170 Virginis,
449 3109 492 3151 an
512 3087 547 3150 in
569 3087 664 3150 domo
686 3108 710 3149 s.
731 3085 752 3150 J
754 3084 887 3168 osephi‘?

112 3183 225 3254 Omires
252 3188 322 3252 fere
352 3186 522 3265 authores,
553 3186 609 3268 qui
638 3208 661 3250 s.
687 3184 863 3267 Deiparam
891 3192 1038 3270 tempore
1061 3187 1126 3252 An-

60 3287 259 3353 nuntiationis
279 3292 417 3370 nuptam
435 3291 594 3364 asserunt,
613 3284 775 3350 affirmant
797 3305 934 3367 quoque,
954 3307 1026 3351 eam
1046 3295 1125 3354 tuno

60 3387 201 3468 temporis
219 3387 253 3451 in
272 3387 445 3451 domums.
463 3385 598 3468 Josephi
612 3384 804 3467 jamdudum
821 3382 921 3448 fuisse
941 3384 1124 3451 deductam.

60 3479 138 3550 Hanc
155 3487 339 3570 opinionem
356 3485 487 3550 Domini
501 3485 615 3550 Nostri
630 3505 690 3548 nec
707 3504 773 3549 non
791 3483 1028 3550 sacratissimae
1047 3506 1125 3550 suae

60 3587 158 3652 matris
185 3586 304 3651 honori
333 3585 436 3669 magis
467 3584 594 3664 favere,
628 3605 726 3668 quam
756 3582 953 3648 sententiam
983 3582 1123 3664 illorum,

61 3685 222 3750 seeundum
254 3707 336 3770 quos
368 3705 406 3749 eo
438 3689 602 3749 momento
634 3704 699 3748 non
732 3681 903 3748 extiterint
933 3682 997 3746 nisi
1029 3705 1125 3766 spon-

61 3779 130 3848 salia
153 3785 240 3851 inter
267 3785 298 3849 b.
321 3784 487 3867 Virginem
516 3789 550 3848 et
584 3805 607 3848 s.
636 3782 830 3866 Josephum,
856 3781 923 3864 jam
952 3802 1051 3864 supra
1079 3779 1125 3845 vi·

61 3930 239 3948 ἣ··-ι-ι-ι-ι

117 4013 134 4080 ¹)
149 4015 189 4071 De
206 4019 330 4072 Annunt.
348 4015 379 4070 B.
398 4014 524 4084 Virgini·
543 4013 607 4070 dies.
624 4015 646 4083 l,
664 4031 688 4071 a.
706 4015 754 4074 Vl.

924 4094 973 4150 24*
