2730 4564
774 369 813 428 to

254 552 421 614 nunquam
439 529 597 595 defecere.
631 527 739 592 Primo
758 533 983 610 apparuerunt
998 527 1019 592 J
1025 527 1144 594 udaei
1165 532 1331 598 coelestem

254 631 346 695 illam
371 630 527 695 virtutem
551 627 727 692 irridentes
753 649 792 691 ac
820 627 1065 692 calumniantes
1111 629 1349 712 Sequebanturl

255 730 379 795 ethnici
407 735 442 794 et
469 734 634 812 postremo
661 726 818 809 permulti
845 726 1023 791 christiano
1052 727 1176 791 nomini
1205 732 1333 814 ascripti

254 828 399 894 infensos
421 848 491 892 sese
514 832 686 910 gesserunt
707 826 902 908 virginitatis
924 826 1147 890 insectatores.
1159 828 1184 909 1)

317 928 387 1005 Quo
419 926 600 992 ardentiori
630 925 706 990 odio
739 925 796 991 isti
826 924 1110 1007 persequebantur
1141 927 1332 1010 virginitatis

256 1034 428 1104 amatores,
446 1047 486 1091 eo
507 1025 610 1108 magis
628 1031 812 1089 amatorum
834 1024 1002 1089 crescebat
1018 1045 1182 1090 numerus.
1223 1027 1333 1094 Omnes
1349 1025 1350 1082 ἶ

256 1128 357 1204 enim,
391 1127 448 1211 qui
479 1126 514 1190 in
541 1125 765 1190 beatissimam
791 1124 971 1206 Virginem,
1005 1125 1150 1188 omnium
1181 1126 1335 1209 virginum

255 1225 432 1309 primitiae,
460 1231 599 1290 matrem
621 1232 655 1290 et
675 1225 835 1308 reginam,
864 1224 975 1289 oculos
1002 1224 1235 1306 conjiciebant,
1262 1226 1335 1291 fecit

254 1325 313 1390 illa
334 1324 573 1408 quodammodo
595 1325 744 1408 virgines,
767 1323 925 1406 puritatis
945 1330 1118 1403 amatores
1141 1346 1202 1406 per
1224 1347 1351 1420 arcana,

255 1424 374 1489 amoris
396 1424 529 1506 superni
546 1424 724 1508 spiramina
741 1423 936 1489 vivacissimi
956 1423 1062 1488 instar
1079 1425 1242 1506 magnetis
1257 1439 1351 1490 mor-l

255 1524 373 1588 talium
393 1524 519 1588 animos
540 1524 583 1589 ad
604 1545 675 1589 sese
696 1523 874 1606 pelliciens.

318 1623 515 1706 Perpulchra
536 1622 610 1688 ideo
633 1622 827 1688 Guericus
848 1622 974 1687 Abbas:
1004 1621 1101 1703 ,Mox
1121 1630 1160 1687 11
1183 1623 1334 1688 Dominus

255 1723 401 1805 respexit
421 1723 569 1800 Petrum,
597 1722 753 1805 inquit,²)
779 1722 895 1786 Petrus
918 1721 959 1786 de
980 1721 1154 1787 clementia
1175 1723 1335 1805 purissimi

256 1822 366 1888 vultus
389 1822 534 1905 suscepit
563 1821 701 1887 imbrem
728 1822 922 1899 serotinum,
952 1820 1111 1903 lacrymas
1132 1828 1209 1903 post
1229 1843 1336 1905 pecca-

258 1929 343 1987 tum:
376 1923 422 1987 sic
444 1928 482 1986 ut
503 1922 602 2004 Virgo
623 1921 779 1986 mortales
808 1920 875 1985 suis
897 1919 1000 1984 oculis
1021 1919 1174 2002 virgineis
1198 1922 1335 1986 intuere

256 2044 327 2102 tur,
355 2021 472 2086 effudit
498 2021 618 2086 imbres
645 2021 810 2085 castitatis
836 2027 870 2085 et
893 2040 1006 2084 sacrae
1026 2019 1161 2101 pietatis
1184 2023 1335 2087 coelestes

257 2142 384 2186 amores
425 2127 460 2184 et
490 2141 545 2184 eos
577 2120 640 2184 sibi
676 2119 821 2184 reddidit
857 2120 990 2185 devotos
1022 2118 1241 2202 similesque.“
1294 2122 1336 2202 ,0

257 2220 356 2302 virgo,
380 2219 540 2284 exclamat
562 2241 586 2284 1.
607 2219 629 2284 J
635 2239 782 2284 oannes
804 2219 1114 2301 Damascenns,³)
1143 2221 1353 2306 virginitatis,

257 2317 477 2383 sacratissima
505 2317 633 2400 planta,
666 2339 726 2400 per
757 2324 791 2382 te
823 2317 1021 2400 virginitatis
1051 2318 1261 2401 pulchritudo
1295 2307 1353 2385 la·l

258 2416 384 2481 tissime
406 2437 477 2480 sese
499 2415 661 2504 diffudit.“

318 2515 533 2580 Beatissimae
549 2515 691 2597 Virginis
712 2514 894 2598 virginitati
911 2515 1103 2597 purissimae
1121 2515 1285 2594 debemus,
1304 2523 1335 2579 11

256 2613 404 2680 Ecclesia
424 2620 495 2680 toto
517 2614 552 2678 in
569 2614 690 2678 mundo
709 2614 856 2696 dispersa
874 2613 1100 2696 pulcherrimis
1118 2616 1335 2680 continentiae

257 2735 295 2778 ac
323 2712 521 2796 virginitatis
548 2711 683 2777 floribus
712 2713 823 2778 ornari
851 2713 1003 2795 coeperit.
1053 2713 1228 2794 ,Quamvis
1256 2715 1336 2778 enim

256 2812 318 2878 hoc
347 2833 477 2896 quoque
509 2811 639 2876 saeculo
668 2811 834 2877 videamus
862 2812 983 2877 multos
1011 2811 1157 2877 illustres
1185 2811 1335 2883 homines,

323 3027 343 3091 ¹)
361 3024 557 3096 „Vigilantiua
573 3029 605 3078 ut
618 3026 658 3080 111
672 3043 693 3080 s.
707 3025 901 3093 Hieronymus,
919 3025 992 3092 (adv.
1007 3024 1085 3094 Virg.
1100 3041 1144 3094 cp.
1159 3025 1185 3092 1)
1199 3026 1337 3081 continen-

256 3109 325 3164 tiam
347 3107 496 3174 haeresim,
521 3107 686 3177 pudicitiam
708 3108 836 3162 libidinis
860 3108 1051 3174 seminarium,
1077 3108 1270 3176 virginitatem
1292 3110 1337 3161 im·

254 3192 390 3261 pugnavit
412 3191 537 3260 nullique
559 3192 724 3261 pudicitiam
748 3191 897 3246 eredidit.“
931 3191 1048 3246 Faustus
1065 3190 1247 3245 Manichacus
1268 3191 1338 3256 „vir-

256 3274 403 3343 ginitatem
421 3274 630 3329 daemoniorum
648 3291 708 3329 esse
725 3274 900 3328 doctrinam‘
919 3275 1060 3329 asserebat
1077 3272 1137 3340 (cfr.
1154 3276 1227 3343 Aug.
1245 3281 1338 3328 contra

255 3357 335 3411 illum
351 3357 400 3412 lib.
417 3359 450 3412 30
467 3373 511 3426 ep.
528 3356 563 3423 4).
597 3356 719 3424 „Votum
736 3357 936 3423 continentiae,
954 3357 1046 3425 inquit
1062 3355 1200 3410 Lutherus
1217 3357 1247 3410 in
1263 3357 1339 3425 epist.

253 3440 291 3496 ad
315 3440 529 3510 wolfgangum,
555 3443 654 3495 111111
677 3439 794 3494 verbnm
818 3444 847 3494 et
871 3456 941 3509 epm
964 3439 1017 3494 Dei
1041 3443 1213 3508 susceptum,
1239 3443 1270 3494 ut
1293 3440 1340 3492 im-

255 3523 387 3592 possibile
404 3527 434 3578 et
449 3524 575 3592 impium,
592 3523 696 3577 nullius
715 3523 852 3578 momenti
869 3527 918 3577 est
952 3522 1026 3577 Deus
1042 3521 1175 3591 reprobat
1191 3523 1269 3586 illud,
1287 3539 1340 3576 non

254 3621 343 3670 11111,
362 3623 395 3660 11
412 3607 436 3660 11
452 3606 597 3673 1111111111,
614 3605 667 3660 Dei
683 3609 801 3662 matrem
818 3622 863 3661 me
883 3607 956 3661 velle
972 3605 1034 3660 fieri
1051 3609 1099 3659 aut
1114 3622 1219 3659 novum
1236 3606 1339 3661 eoelum

256 3688 377 3743 condere
394 3689 493 3744 velle.“
520 3689 552 3742 In
569 3688 643 3742 libro
661 3688 695 3742 de
710 3688 769 3743 vita
785 3688 924 3758 conjugali
942 3691 992 3756 „ut
1009 3688 1039 3741 in
1051 3693 1191 3756 potestate
1209 3705 1270 3742 mea
1286 3705 1339 3742 non

255 3776 311 3837 est,
334 3789 369 3826 na
386 3773 430 3826 vir
447 3773 514 3838 sim,
536 3772 575 3826 ita
591 3789 657 3836 nec,
683 3772 829 3840 quominus
846 3771 957 3825 coelebs
974 3770 1093 3825 vivem.“
1128 3770 1161 3824 ln
1179 3771 1228 3826 lib.
1246 3777 1341 3825 1111111

257 3853 438 3908 Catharinum
456 3855 584 3920 „decima
600 3853 697 3921 facies,
720 3854 825 3923 inquit,
848 3853 1005 3910 antichristi
1023 3857 1066 3909 est
1082 3855 1199 3922 insignis
1217 3856 1340 3910 1111111-

255 3935 358 3990 libatus
372 3937 537 4005 papisticus3
555 3938 638 4006 plane
655 3939 783 4006 angelica
798 3937 893 4004 facies,
906 3938 955 3992 sed
969 3937 1107 3994 diabolica
1123 3941 1194 3994 res.“
1221 3940 1243 4006 Β)
1256 3939 1340 3994 Serm.

253 4021 270 4072 3
289 4019 324 4073 de
341 4021 436 4074 111111.
471 4022 492 4087 ³)
512 4020 587 4076 Orat.
606 4021 640 4076 de
657 4021 751 4078 Natis.
768 4022 845 4090 Virg.
