2782 4554
676 449 677 452 Ἴ
759 357 820 416 484

246 521 470 604 chiepiscopus
488 519 508 583 J
512 517 694 582 uvenalis
715 517 828 594 tradit,
846 516 1041 600 „Apostolos
1058 524 1168 582 totum
1182 520 1312 585 triduum

245 621 288 686 ad
299 620 423 685 Mariae
434 617 595 700 Deiparac
611 621 857 699 monumentum
871 637 1096 698 perseverasse
1112 625 1212 702 atque
1226 641 1312 703 quum

245 720 393 800 clausum
412 715 496 780 illud
516 715 736 797 aperuissent,
764 715 961 798 sepulcralia
981 722 1111 781 tantum
1136 717 1238 782 lintea
1254 717 1312 781 illic

244 817 419 893 invenisse,
448 815 682 878 intemeratum
702 835 784 878 vero·
805 836 923 897 corpus
952 815 1021 897 ejus
1041 814 1109 898 jam
1131 816 1312 881 translatum

245 937 405 1000 nusquam
426 912 680 996 apparuisse.“¹)
985 975 987 980 .

208 1047 212 1061 ·
306 1016 343 1080 Β.
365 1012 507 1096 Virginis
528 1033 647 1094 corpus
668 1011 924 1076 sacratissimum
944 1011 1095 1077 nonfuit
1123 1013 1313 1079 redactum

244 1116 284 1180 in
314 1114 479 1178 cineres.
522 1110 669 1174 Docebat
690 1109 776 1174 enim
796 1109 939 1174 divinam
960 1113 1172 1195 aequitatem,
1193 1121 1231 1178 ut
1250 1115 1312 1178 Dei-

244 1233 344 1296 parae
376 1231 494 1292 corpus
524 1209 559 1273 in
587 1208 678 1274 exitu
713 1209 783 1293 ejus
815 1230 832 1272 e
864 1209 933 1274 vita
965 1211 1147 1278 custodiret
1175 1213 1310 1290 immune,

245 1312 333 1396 quod
360 1309 529 1394 praeclare
555 1308 675 1391 probat
704 1308 733 1372 d.
756 1307 1037 1391 Augustinus2)
1070 1312 1252 1390 ostendens,
1277 1311 1311 1376 ad

139 1397 141 1405 ¹
244 1409 376 1475 Domini
403 1408 598 1490 dignitatem
624 1406 803 1490 pertinere,
833 1407 949 1473 Matris
977 1429 1056 1472 suae
1077 1409 1233 1475 honorem
1257 1431 1311 1476 ser-

243 1532 334 1589 vare,
365 1530 465 1592 quum
492 1529 558 1571 non
586 1507 724 1585 venerit,
754 1506 860 1588 legem
886 1507 1027 1586 solvere,
1058 1508 1116 1572 sed
1138 1508 1309 1592 adimplere,
1364 1539 1365 1564 ι

243 1608 400 1676 servando
427 1606 518 1671 illam
546 1627 566 1670 a
593 1606 816 1689 corruptione,
847 1629 948 1689 quum
976 1607 1010 1670 in
1031 1607 1135 1689 ipsius
1164 1615 1248 1674 esset
1265 1631 1310 1691 po·
1364 1637 1365 1678 1

243 1714 374 1775 testate.
418 1706 521 1789 ,Lem
551 1705 638 1770 sicut
664 1704 822 1769 honorem
849 1705 965 1771 Matris
993 1707 1171 1789 praecipit,
1200 1709 1246 1773 ita
1272 1708 1310 1771 in-

243 1807 493 1874 honorationem
514 1803 661 1868 damnat:
685 1803 742 1886 qui
763 1804 849 1867 enim
869 1804 904 1867 in
921 1805 990 1868 vita
1003 1826 1082 1888 prae
1102 1807 1219 1872 ceteris
1235 1806 1310 1870 illam

244 1906 350 1989 gratia
379 1904 429 1968 sui
458 1908 633 1984 conceptus
661 1901 848 1980 honoravit,
881 1903 971 1985 pium
1001 1910 1050 1967 est
1079 1905 1227 1985 credere,
1257 1907 1310 1970 sin-

243 2003 350 2088 gulari
381 2001 559 2066 salvatione
595 2022 666 2065 eam
699 2001 732 2064 in
761 2007 866 2066 morte
903 2009 937 2068 et
963 2005 1097 2085 speciali
1130 2008 1235 2088 gratia
1264 2007 1311 2068 ho·

242 2123 389 2181 norasse3
412 2101 522 2183 potuit
543 2101 629 2164 enim
652 2121 724 2164 eam
745 2101 957 2183 aputredine
980 2109 1013 2168 et
1030 2103 1164 2185 pulvere
1186 2105 1311 2169 alienam

242 2201 368 2280 facere,
402 2200 459 2283 qui
488 2221 528 2263 ex
557 2221 595 2263 ea
623 2220 758 2263 nascens
787 2200 896 2281 potuit
924 2201 1080 2284 virginem
1109 2201 1309 2287 relinquere.“'

242 2301 404 2383 Erigebat
426 2321 501 2381 ergo
522 2298 599 2363 Filii
623 2319 699 2380 erga
720 2297 859 2362 Matrem
880 2299 992 2378 honor,
1022 2306 1060 2365 ut
1082 2323 1184 2384 quum
1203 2307 1307 2384 posset,

243 2422 315 2466 eam
337 2400 377 2464 ab
400 2399 487 2462 omni
509 2397 667 2461 eximeret
688 2395 861 2475 dedecore,
892 2398 988 2480 quale
1016 2407 1066 2464 est
1088 2401 1232 2483 corporis
1251 2421 1308 2462 cor·

242 2499 362 2582 ruptio.
415 2496 557 2562 Putredo
591 2495 676 2560 enim
713 2501 747 2559 et
778 2498 895 2561 vermis
927 2498 1087 2563 humanae
1125 2506 1177 2564 est
1208 2519 1308 2581 oppro-

241 2599 350 2663 brium
376 2595 580 2673 conditionis,
609 2601 754 2661 testante
782 2595 812 2659 d.
835 2596 988 2660 Praesule
1016 2593 1097 2675 1ο,Ι
1126 2620 1147 2662 a
1175 2619 1236 2681 quo
1263 2619 1309 2679 op·

241 2696 383 2780 probriu,
408 2716 507 2776 quum
527 2695 622 2759 Jesus
645 2694 689 2758 sit
709 2693 844 2772 alienus,
867 2701 985 2759 natura
1007 2695 1131 2760 Mariae
1154 2697 1307 2779 excipitur,

242 2817 341 2879 quam
360 2794 456 2858 Jesus
485 2793 526 2856 de
553 2793 611 2856 illa
638 2793 813 2875 sumpsisse
834 2793 1008 2875 probatur;
1038 2816 1114 2859 caro
1140 2797 1225 2860 enim
1243 2796 1308 2859 Jesu

243 2901 294 2960 est
315 2913 391 2958 caro
413 2892 545 2956 Mariae.
588 2891 638 2954 Ex
666 2891 887 2957 identitate
912 2914 988 2975 ergo
1018 2895 1150 2958 carnis
1178 2893 1308 2977 parentis

241 3013 315 3058 cum
343 2989 411 3054 filio
439 2990 559 3072 probat
587 3012 611 3053 s.
642 2991 843 3072 Augustinus
872 2992 1016 3074 corporis
1044 2991 1075 3056 b.
1104 2991 1244 3076 Virginis
1269 2992 1307 3054 in·

241 3089 491 3172 corruptionem.
541 3089 648 3154 Mater
676 3089 704 3153 si
732 3089 917 3172 subjaceret
943 3091 1123 3169 vermibus,
1162 3089 1307 3175 quomodo

240 3188 342 3253 Filius
371 3210 391 3252 a
419 3189 628 3271 corruptione
655 3196 766 3271 posset
795 3190 859 3254 dici
887 3196 977 3254 totus
1005 3189 1111 3254 liber?
1153 3190 1233 3255 Caro
1259 3187 1307 3252 filii

241 3294 292 3352 est
321 3309 396 3352 caro
425 3287 554 3366 Matris,
589 3309 689 3370 quare
722 3295 756 3354 et
785 3289 906 3354 Christi
939 3296 973 3354 et
1001 3289 1125 3354 Mariae
1155 3311 1228 3354 caro
1253 3307 1306 3352 uua

241 3385 420 3468 eademque
450 3392 499 3452 est
521 3408 595 3450 caro
626 3394 660 3452 et
680 3388 777 3471 hujus
807 3389 913 3453 carnis
935 3409 1098 3470 unapars
1125 3410 1192 3453 non
1211 3391 1306 3471 potest

240 3484 407 3550 discedere
436 3506 456 3549 a
476 3491 550 3551 tota
578 3507 684 3552 carne.
728 3488 795 3552 Aut
816 3509 891 3570 ergo
914 3491 992 3552 tota
1009 3486 1132 3553 Christi
1154 3509 1227 3552 caro
1253 3503 1306 3549 non

239 3583 419 3666 permansit
446 3583 576 3649 illibata
602 3592 661 3651 aut
688 3609 804 3670 corpus
826 3587 942 3652 Matris
970 3586 1218 3670 incorruptibile
1245 3605 1305 3648 cou-

240 3689 405 3748 servatum
425 3682 490 3749 fuit
510 3691 647 3768 propter
668 3707 785 3769 corpus
807 3687 883 3750 Filii
904 3686 963 3751 sui.

306 3916 326 3980 ¹)
353 3915 435 3984 Apud
460 3932 524 3970 ven.
548 3915 687 3970 (lanicium
713 3916 733 3970 1.
758 3933 783 3972 ο.
806 3933 833 3984 p.
860 3915 909 3979 IV,
936 3918 1002 3970 sect
1028 3914 1064 3982 11,
1090 3931 1133 3984 cp.
1159 3914 1191 3970 V.
1229 3909 1302 3978 Β)1)ο

239 3997 379 4066 Assumpt.
397 3997 427 4051 B.
445 3997 483 4052 M.
502 3998 534 4052 V.
551 4015 632 4052 serm.
651 3998 699 4054 lV.
