2728 4560
593 321 651 382 231

87 482 158 566 quia
178 481 233 546 ubi
255 480 435 545 dominium
464 480 676 564 distinguitur
704 481 745 546 ab
774 503 851 559 usn,
880 487 950 545 tam
971 481 1159 562 dominium,

87 603 177 664 quam
208 603 287 646 usus
319 581 455 645 seorsim
486 587 633 664 sumpta,
676 587 786 664 potest
820 581 1075 665 unumquodque
1110 604 1161 648 se·

86 681 218 762 paratim
246 701 317 744 esse
346 680 475 762 integra
503 680 642 744 materia
671 685 866 744 contractus.
916 680 1010 745 Unde
1040 681 1160 763 duplex

88 779 255 844 dominium
276 779 338 856 ibi,
369 779 454 843 siout
475 779 509 843 in
536 777 638 844 fundo
669 779 826 862 distingui
856 779 1012 853 etdividi
1032 785 1158 862 potest:

86 901 178 943 unum
192 879 353 943 directum
368 879 580 961 proprietatis
598 885 631 944 et
648 879 789 944 alterum
804 878 895 958 utile,
913 879 1000 962 quod
1015 879 1159 962 pertinet

87 977 123 1042 ad
142 999 232 1042 usum
259 977 428 1042 fructuum
457 999 514 1042 seu
543 999 719 1061 operarum
745 977 899 1060 mancipii
928 985 961 1043 et
982 983 1158 1061 utrumque

86 1077 250 1158 procedere
267 1083 378 1160 potest
397 1098 436 1140 ex
457 1078 670 1150 conventione
689 1083 723 1142 ct
739 1083 835 1159 pacto
853 1077 940 1141 'inito
964 1097 1003 1140 ex
1017 1076 1156 1159 justitia.

87 1175 233 1240 Similiter
251 1197 327 1258 ergo
345 1176 379 1239 in
396 1175 571 1258 praesenti,
589 1175 671 1240 nihil
687 1182 812 1258 pugnat
829 1197 898 1240 csse
915 1176 1158 1240 matrimonium

86 1281 115 1338 et
139 1274 301 1338 vinculum
332 1274 574 1354 indissolubile,
608 1275 642 1339 in
671 1296 734 1358 quo
767 1275 812 1339 sit
838 1281 953 1340 mutua
985 1275 1157 1357 conjugum

85 1373 209 1438 traditio
242 1379 276 1438 et
308 1373 486 1437 dominium
519 1394 690 1454 corporum
727 1373 887 1438 directum
919 1395 957 1438 ao
988 1374 1157 1456 proprium

85 1479 114 1536 ct
133 1473 224 1536 simul
252 1471 404 1554 impediri
433 1471 563 1536 omnino
592 1491 686 1536 usum
708 1477 801 1536 actus
828 1471 1007 1554 conjugalis
1028 1471 1062 1535 in
1082 1493 1156 1555 per-

84 1578 209 1653 petuum
230 1594 270 1636 ex
291 1577 388 1654 pacto
417 1577 450 1634 et
471 1569 605 1652 speciali
633 1570 845 1635 conventione
869 1571 1027 1654 justitiae.
1071 1569 1155 1647 Quid

85 1671 161 1734 enim
187 1692 367 1755 repugnare
395 1669 446 1734 vel
474 1669 589 1733 obesse
611 1675 733 1751 potest,
764 1671 936 1753 quominus
963 1671 998 1734 in
1019 1691 1154 1752 corpore

84 1771 244 1855 utriusque
273 1770 417 1854 conjugis
444 1769 602 1852 distingui
622 1771 727 1852 possit
755 1769 934 1835 dominium
954 1768 1114 1832 directum
1135 1788 1154 1830 a

84 1869 214 1936 dominio
236 1871 312 1935 utili
333 1869 442 1953 quoad
462 1891 558 1933 usum
579 1869 724 1953 copulae,
748 1891 885 1953 quorum
906 1889 1007 1932 unum
1027 1866 1068 1930 ab
1090 1866 1153 1930 alio

83 1971 217 2052 separari
244 1969 396 2035 similiter
422 1968 525 2050 possit
554 1989 594 2032 ex
622 1975 736 2034 mutuo
764 1975 861 2051 pacto
883 1968 970 2033 inter
992 1966 1152 2049 conjuges,
1221 2053 1223 2061 Α

83 2067 276 2133 concedendo
310 2068 488 2132 dominium
521 2067 680 2133 directum
712 2090 845 2132 suorum
876 2087 1048 2150 corporum
1080 2087 1153 2129 oum

83 2165 207 2231 radicali
238 2167 452 2250 obligatione,
485 2188 545 2249 per
577 2167 664 2250 quod
695 2188 780 2231 unus
806 2165 970 2232 reddatur
999 2167 1152 2250 proprius

83 2265 188 2348 conjux
205 2267 350 2345 alterius,
371 2266 531 2348 denegato
550 2271 660 2330 tamen
678 2265 754 2330 utili
772 2265 913 2330 dominio
932 2264 1041 2348 quoad
1057 2265 1153 2330 usum

83 2363 215 2445 copulae,
238 2365 339 2429 etiam
360 2364 394 2428 in
415 2370 619 2447 perpetuum.

135 2462 306 2547 Conjuges,
337 2464 394 2546 qui
416 2464 476 2528 sub
504 2459 626 2529 talibus
655 2463 897 2530 conditionibus
918 2466 1063 2532 inierunt
1083 2488 1151 2532 ma-

81 2562 271 2642 trimonium,
304 2564 450 2654 retinent
482 2585 557 2646 ergo
587 2563 766 2628 dominium
797 2564 831 2628 in
860 2571 976 2630 mutua
1004 2586 1150 2649 corpora,

81 2659 148 2726 licet
167 2662 227 2727 hoc
249 2663 443 2745 impeditum
470 2663 514 2727 sit
534 2662 674 2745 ideoque
705 2663 823 2746 copula
848 2664 935 2729 inter
962 2685 1017 2729 eos
1038 2665 1152 2731 habita

81 2780 136 2823 non
153 2767 238 2826 esset
255 2760 271 2825 f
275 2762 491 2840 ornioatio;
513 2761 686 2826 fornicatio
706 2762 793 2826 enim
808 2762 970 2846 significat
985 2785 1151 2829 accessum

81 2857 116 2921 ad
134 2881 196 2924 non
217 2881 319 2938 suam,
342 2861 400 2925 sed
422 2867 508 2926 esset
529 2860 787 2944 sacrilegium
808 2863 1014 2939 commissum
1036 2870 1149 2929 contra

78 2953 129 3036 jus,
151 2959 236 3042 quod
258 2959 347 3024 Deus
368 2965 444 3024 roto
467 2959 647 3042 acquisivit.

131 3059 172 3123 At
188 3059 241 3122 hic
261 3058 342 3123 alia
364 3059 510 3123 exoritur
528 3059 721 3141 quaestio.
759 3049 921 3138 Quidnam
938 3062 1175 3148 statuendum--

79 3153 111 3220 de
140 3157 361 3236 matrimonio,
401 3157 489 3240 quod
521 3157 752 3223 contrahentes
783 3159 928 3224 inierunt
960 3161 1041 3241 ,sub
1073 3183 1149 3226 oon·

78 3252 189 3320 ditione
216 3277 392 3340 nunquam*
412 3256 548 3340 petendi
577 3278 638 3322 neo
665 3257 824 3322 reddendi
853 3259 1001 3325 debitum
1033 3266 1067 3325 et
1097 3261 1150 3325 vi·

78 3351 185 3419 dcndi
201 3356 240 3420 in
258 3377 423 3420 accessu
439 3363 570 3421 actum
584 3355 938 3423 .fornieatorium?“
959 3360 1148 3426 Vitiaturne
1212 3416 1214 3421 .

77 3455 308 3520 matrimonium
329 3455 390 3520 tali
410 3455 617 3520 conditione?

126 3553 194 3618 Hoc
212 3555 456 3620 matrimonium
477 3576 551 3620 esse·
565 3555 704 3635 irritum,
724 3577 834 3622 omnes
856 3558 975 3623 docent
991 3559 1146 3626 authores

79 3653 257 3735 etquidem
283 3654 356 3737 jure
388 3675 426 3718 ac
456 3654 583 3720 merito.
633 3654 718 3719 Nam
744 3655 871 3722 ratione
903 3657 953 3722 sio
976 3657 1147 3726 intellecta

77 3749 189 3816 nullum
203 3774 337 3837 prorsus
353 3751 552 3818 transfertur
567 3753 745 3820 dominium
761 3777 942 3840 corporum.
967 3756 1146 3824 Deficiente

77 3867 141 3913 vero
167 3851 227 3916 tali
255 3851 398 3916 dominio
428 3850 539 3917 deficit
565 3874 696 3936 quoque
723 3855 924 3920 matrimonii
951 3855 1144 3922 substantia.

77 3943 256 4017 Nullatenus
275 3951 452 4017 coneordat
468 3952 619 4018 voluntas
637 3953 857 4020 transferendi
875 3955 1054 4020 dominium
1071 3977 1146 4022 cum
