2728 4554
538 349 598 408 479

31 509 185 575 surrexit:
220 507 340 571 idcirco
368 528 435 570 nou
467 507 525 572 abs
553 529 589 572 re
621 508 821 573 consimilem
854 510 1024 594 utriusque
1056 533 1107 576 re-

30 608 273 674 suscitationem
300 626 340 670 ex
360 605 498 670 mortuis
527 606 630 671 multo
660 614 736 672 ante
764 609 857 691 quasi
877 609 1007 692 pictura
1028 632 1107 693 qua-

31 709 105 772 dam
132 705 307 788 expressit3
337 703 457 768 etenim
485 704 592 768 uires
614 705 662 770 ita
689 727 724 770 se
745 706 896 786 haberet,
925 730 992 772 non
1018 731 1104 790 sane,

29 813 240 889 posteaquam
271 803 415 880 dixerat,
449 802 587 885 ,Surge,
622 804 796 884 Domine,“
829 806 1020 889 subjecisset
1052 815 1107 890 ,et

29 907 112 970 Arca
132 903 319 969 sanctitatis
340 902 449 965 tuae.“

88 1004 177 1068 Idem
200 1000 429 1082 comprobatur
450 1022 491 1064 ex
511 998 567 1064 illo
590 1002 798 1086 Davidioo:¹)
826 1004 963 1085 ,Astitit
983 1005 1107 1088 Regina

29 1126 46 1166 a
68 1103 190 1168 dextris
215 1102 281 1166 tuis
303 1101 337 1165 in
359 1100 480 1164 vestitu
502 1100 670 1180 deaurato,
692 1091 894 1167 circumdata
915 1104 1104 1170 varietate.“

29 1203 107 1283 ,Hic
143 1203 244 1279 enim,
281 1199 422 1265 advertit
456 1199 476 1263 l.
510 1221 537 1264 c.
573 1221 652 1264 ven.
687 1200 887 1281 canisius,
929 1204 1106 1286 Deiparam

29 1301 164 1366 Matrem
196 1320 323 1380 semper
354 1297 520 1380 Virginem
551 1298 717 1381 designari
747 1307 823 1382 post
854 1301 1070 1366 Athanasium
1078 1305 1104 1387 2)

29 1401 175 1483 Glycas³)
206 1396 404 1479 comprobat,
435 1418 517 1480 quae
547 1418 682 1480 corpore
709 1405 785 1482 post
812 1407 949 1464 mortem
979 1401 1103 1486 induta,

29 1499 106 1564 Filio
127 1520 186 1564 suo
208 1497 354 1580 proxime
376 1497 517 1574 assistat,
538 1502 663 1562 etcum
685 1485 800 1562 eodem
820 1497 998 1564 immortali
1016 1501 1104 1583 Rege

29 1584 89 1662 una
110 1603 239 1680 regnet,
269 1617 333 1659 uon
362 1601 520 1678 quantum
548 1595 590 1659 ad
612 1617 750 1678 aequam
777 1596 1103 1678 administrationem,

29 1697 81 1760 sed
113 1702 272 1780 quantum
307 1693 349 1757 ad
381 1693 518 1757 eandem
548 1693 710 1758 humanae
748 1696 853 1760 carnis
886 1696 1104 1766 substantiam

29 1795 180 1875 spectat.“
231 1791 354 1870 Quibus
387 1813 411 1856 s.
442 1791 630 1874 Scripturas
658 1792 765 1857 verbis
797 1794 932 1873 veritas,
966 1795 1005 1858 de
1039 1817 1104 1879 qua

29 1894 116 1958 nobis
138 1912 253 1972 sermo,
276 1891 393 1956 saltem
414 1890 569 1969 innuitur,
593 1891 671 1955 dum
695 1911 733 1956 ea

65 1999 111 2056 vl.
145 1991 336 2056 communi
365 1988 571 2055 Ecclesiae
604 2011 721 2055 seusu
753 1991 967 2073 apertissimis
995 1991 1103 2056 verbis

29 2092 216 2174 proponitur
256 2096 290 2154 et
327 2087 514 2152 affirmatur.
574 2089 726 2170 Legimus
766 2089 852 2153 enim
890 2090 924 2153 in
965 2089 1103 2155 collecta

29 2189 338 2254 Sacramentarii
358 2211 382 2253 s.
406 2189 638 2271 Gregorii,⁴)
666 2212 690 2254 s.
714 2189 776 2253 Dei
798 2188 997 2254 Genitricem
1017 2212 1103 2254 mor·
1193 2228 1196 2235 ·

29 2292 88 2351 tem
116 2287 253 2353 subiisse
275 2287 497 2370 temporalem,
527 2309 586 2351 nec
607 2293 717 2352 tamen
738 2289 853 2352 mortis
882 2288 1018 2353 nexibus
1047 2288 1102 2352 de-

29 2387 117 2465 primi
144 2387 299 2470 potuisse.
348 2386 562 2467 ,Veneranda
591 2385 699 2464 nobis,
730 2387 893 2465 Domine,
911 2387 1007 2470 hujus
1036 2387 1102 2452 diei

29 2483 180 2551 festivitas
210 2507 305 2569 opem
336 2484 485 2549 conferat
513 2485 705 2563 salutarem,
738 2487 772 2548 in
802 2507 867 2569 qua
898 2492 1011 2550 sancta
1040 2487 1102 2550 Dei

29 2581 171 2649 Genitrix
199 2590 337 2648 mortem
366 2583 467 2648 subiit
488 2583 716 2666 temporalem,
746 2605 806 2648 nec
834 2589 945 2648 tamen
966 2586 1102 2667 ,mortis

29 2683 156 2747 nexibus
178 2683 316 2765 deprimi
337 2682 483 2765 potuit,“
511 2703 594 2764 quae
616 2681 735 2746 Filium
756 2689 850 2752 tuum
871 2683 911 2748 de
934 2705 968 2748 se
990 2684 1103 2766 genuit

28 2778 254 2847 incarnatum.“
312 2781 445 2865 ,Neque
484 2783 587 2859 enim,
629 2781 744 2846 scribit
782 2781 825 2846 ad
863 2782 944 2847 haec
982 2783 1103 2847 Bene·
1155 2813 1156 2816 ¹

29 2877 151 2946 dictus
185 2881 326 2964 XIV.,⁵)
366 2881 452 2945 ullus
488 2881 571 2945 alius
606 2881 709 2945 tribui
745 2888 855 2964 potest
890 2903 1003 2946 sensus
1036 2881 1102 2948 illis

29 2979 126 3045 verbis
147 2980 282 3062 ,mortis
303 2979 471 3057 nexibus,“
500 3001 597 3062 quam
625 2987 663 3045 ut
685 2981 830 3062 corporis
859 2981 1101 3063 corruptionem

29 3074 215 3157 significent,
245 3100 265 3142 a
294 3101 359 3162 qua
387 3100 449 3162 per
475 3077 706 3160 triumphalem
732 3079 766 3142 in
794 3078 921 3143 coelum
947 3080 1102 3161 Assump·
1143 3103 1146 3110 ·

29 3173 142 3242 tionem
163 3199 255 3242 suam
275 3177 417 3242 liberata
439 3178 519 3243 est.“
614 3197 617 3203 ·

82 3276 320 3360 Assumptionis
356 3277 458 3343 officio
494 3278 632 3342 inseruit
667 3277 814 3342 Ecclesia
849 3275 1006 3342 lectiones
1042 3299 1103 3361 per

30 3390 49 3432 s.
71 3375 226 3441 loannem
248 3377 520 3460 Damascenumss)
543 3381 577 3440 et
597 3397 657 3459 per
678 3377 853 3441 Doctorem
873 3374 1100 3459 Mellifluum⁷)

30 3477 230 3558 compositas,
263 3477 302 3539 'in
335 3476 453 3559 quibus
485 3496 641 3559 corporea
675 3475 706 3540 b.
739 3474 881 3557 Virginis
913 3473 1100 3556 Assumptio

87 3658 105 3720 ¹l
123 3657 220 3723 XLIV,
235 3661 276 3713 10.
308 3658 330 3725 ²)
347 3656 434 3711 Sarm.
451 3656 486 3710 de
504 3657 679 3711 sanctissima
691 3656 821 3725 Deipara.
854 3654 875 3722 Β)
892 3654 992 3708 Annal.
1009 3652 1100 3723 p.111.

29 3731 48 3796 ⁴)
63 3736 103 3791 Ex
120 3740 221 3797 Codice
239 3739 383 3794 Gelasiano
406 3756 423 3792 a
445 3757 465 3792 s.
484 3739 619 3808 Gregorio
638 3738 774 3794 confecto.
818 3738 837 3804 ⁵)
854 3737 886 3791 L.
903 3753 925 3790 c.
945 3753 1005 3806 ocp.
1024 3735 1100 3804 Vlll,

30 3821 105 3876 n.17‚
144 3822 165 3889 ⁶)
183 3821 228 3875 Ex
253 3825 322 3878 orat.
339 3823 376 3885 ll,
394 3823 429 3876 de
447 3822 620 3877 Dormitione
636 3823 668 3877 B.
685 3822 723 3877 M.
740 3823 782 3891 V,
800 3838 835 3876 ex
857 3821 905 3875 lib.
924 3820 958 3874 de
981 3819 1039 3874 fide
1057 3837 1100 3874 or·

29 3894 149 4046 {boffa}
157 3921 200 3974 cp.
219 3905 258 3960 15.
298 3906 318 3972 7)
336 3905 381 3959 Ex
398 3923 479 3961 serm.
497 3905 519 3974 1,
536 3905 619 3962 sicuti
636 3923 671 3960 ex
688 3923 768 3961 serm.
785 3903 833 3971 lV,
851 3903 886 3958 de
902 3902 1100 3971 Assumptione
