2718 4556
741 328 800 388 298

226 488 392 572 sponsalia
426 487 561 566 inierat,
602 487 773 554 tribuisset
808 508 867 554 nec
900 510 975 554 eum
1002 491 1168 570 latuisset,
1200 511 1236 556 ex
1259 511 1290 555 ea

228 589 431 654 nasciturum
464 607 533 652 esse
561 585 714 651 Messium
745 587 871 652 tamdiu
905 594 1038 672 tamque
1070 590 1220 655 ardenter
1246 589 1290 654 de·

227 687 417 752 sideratum.
468 685 511 751 Et
542 692 652 750 tamen
684 685 822 751 docente
855 707 879 751 s.
908 687 1036 770 Ignatio
1067 688 1219 754 Dominus
1246 687 1291 752 ad·

227 792 361 850 ventum
375 805 470 850 suum
486 784 592 849 celare
610 785 715 850 voluit
733 785 907 864 diabolum,
927 807 987 868 „ne
1002 786 1184 870 impediret,
1202 786 1292 870 inquit

231 907 256 950 s.
290 883 537 963 Ambrosius,
578 885 647 967 ejus
682 891 836 964 mortem,
878 906 943 968 qua
979 893 1051 952 erat
1085 886 1292 970 redempturus

228 985 417 1049 mundum.“
469 982 607 1065 „Nemo
643 984 868 1067 principum
907 986 1107 1067 cognovit3
1148 984 1292 1050 sienim

230 1084 519 1167 cognovissent,
547 1104 746 1166 nunquam
773 1083 979 1148 Dominum
1007 1084 1161 1167 gloriae
1188 1083 1291 1149 cruci-

229 1183 452 1248 fixissent.“
496 1182 530 1248 Si
559 1203 635 1266 ergo
665 1183 908 1248 matrimonium
927 1183 1189 1266 procrastinatur
1208 1203 1292 1266 usque

229 1282 272 1347 ad
302 1303 326 1347 s.
350 1283 512 1364 Deiparae
539 1281 682 1347 reditum
710 1282 751 1347 ab
773 1281 978 1361 Elisabeths‚
1009 1303 1033 1346 s.
1055 1283 1177 1366 Ignatii
1200 1289 1292 1346 textus

229 1402 289 1464 per
305 1387 356 1446 tot
377 1386 555 1464 tantaeque
577 1381 785 1445 auctoritatis
806 1387 918 1464 patres
939 1402 1068 1464 semper
1088 1387 1292 1466 propugnatos

230 1479 283 1543 vix
315 1501 353 1544 ac
384 1501 424 1544 ne
459 1479 513 1543 vix
544 1479 676 1561 quidem
708 1479 865 1562 explicari
900 1485 1019 1562 potest.
1054 1479 1253 1546 Matrimonio
1279 1476 1292 1540 t

229 1584 346 1643 contra
368 1583 445 1642 ante
463 1578 579 1661 Angeli
599 1577 797 1661 legationem
818 1577 969 1657 admisso,
993 1600 1017 1644 s.
1040 1578 1193 1662 Martyris
1212 1567 1293 1642 verba

232 1678 426 1743 clarescunt.

293 1781 321 1841 2.
355 1777 502 1842 Alteram
523 1777 685 1842 rationem
706 1777 897 1861 suppeditat
924 1777 1073 1841 Doctor
1099 1775 1293 1860 Angelicus

230 1896 382 1958 expresse
412 1876 531 1954 dicens,
543 1877 567 1958 1)
600 1876 766 1941 Christum
788 1877 962 1942 Dominum
991 1897 1031 1940 ex
1059 1875 1181 1957 virgine
1208 1877 1293 1956 nupta

231 1975 322 2040 nasci
350 1975 507 2055 voluisse,
543 1983 581 2040 ut
608 1997 668 2059 per
695 1975 938 2041 matrimonium
966 1995 986 2038 a
1018 1974 1049 2038 b.
1078 1974 1210 2057 Virgine
1235 1991 1294 2035 cun

231 2095 256 2138 s.
285 2074 407 2157 Joseph
437 2081 656 2153 contractum,
689 2097 766 2141 -suo
803 2080 842 2140 et
876 2074 1020 2139 matris
1048 2062 1142 2137 suae
1171 2067 1293 2136 honori

232 2172 471 2238 consuleret.
521 2174 610 2239 Haec
628 2174 740 2253 ¹ratio,
774 2195 916 2257 quonam
943 2172 1040 2237 modo
1073 2178 1161 2236 stare
1189 2168 1293 2254 poterit

232 2291 306 2334 cum
326 2272 489 2336 sententia
506 2272 645 2351 illorum,
666 2271 724 2356 qui'
744 2271 988 2338 matrimonium
1005 2293 1108 2354 usque
1130 2271 1173 2336 ad
1192 2271 1221 2334 b.
1237 2267 1293 2332 Vir·

232 2369 315 2451 ginis
336 2370 478 2436 reditum
500 2370 678 2436 differunt?
711 2371 746 2437 Si
774 2393 797 2436 s.
823 2370 965 2453 Deipara
993 2376 1070 2434 ante
1092 2370 1292 2435 visitationem

231 2489 255 2532 s.
295 2468 504 2534 Elisabethae
542 2471 735 2552 praestitam
773 2469 1016 2535 matrimonium
1054 2491 1119 2534 non
1158 2467 1292 2540 inivisset

231 2565 348 2631 honori
375 2568 444 2651 ejus
464 2567 611 2651 profecto
632 2591 698 2634 non
725 2570 805 2634 satis
826 2568 943 2634 fuisset
964 2569 1163 2647 consultum,
1193 2567 1293 2652 quippe

233 2688 331 2749 quam
357 2665 457 2731 vicini
484 2668 641 2733 vidissent
661 2669 836 2752 gravidam.
881 2668 966 2745 Quid
988 2667 1147 2750 suspicati
1175 2666 1293 2730 fuissent

232 2771 401 2847 parentes,
424 2764 524 2830 filiam
546 2789 637 2832 suam
658 2767 802 2833 nondum
823 2774 959 2850 nuptam
980 2767 1014 2830 in
1036 2766 1096 2832 tali
1118 2773 1208 2832 statu
1227 2760 1294 2845 aspi·

232 2863 378 2929 cientes?
411 2865 577 2942 Quomodo
600 2887 672 2931 eam
699 2867 817 2949 nuptui
839 2865 916 2931 dare
938 2866 1009 2930 ausi
1029 2864 1183 2945 fuissent,
1212 2879 1294 2947 quun

232 2963 321 3046 lex2)
349 2965 614 3050 praescripserit:
648 2965 704 3048 „si
731 2986 848 3048 sponsa
875 2986 939 3030 non
967 2964 1195 3029 inveniebatur
1212 2963 1292 3042 virgo,

233 3063 367 3145 ejicient
395 3085 466 3128 eam
495 3071 588 3129 extra
615 3063 702 3129 fores
731 3065 846 3129 domus
874 3064 978 3147 patris
1007 3063 1058 3127 sni
1087 3071 1122 3128 et
1150 3060 1293 3146 lapidibus

234 3162 374 3228 obruent
401 3163 462 3227 viri
493 3164 636 3229 civitatis
668 3163 755 3228 illius
788 3169 822 3228 et
849 3163 1021 3240 morietur,
1055 3163 1206 3244 quoniam
1231 3156 1294 3223 lecit

233 3262 326 3327 nefas
362 3263 395 3327 in
423 3263 555 3328 Israel.“
603 3263 672 3332 Imo
703 3263 774 3345 jure
807 3262 930 3344 optimo
963 3261 1159 3344 interrogari
1188 3263 1292 3346 potest:

234 3360 400 3444 Numquid
421 3382 501 3426 ausa
528 3360 646 3426 fuisset
667 3360 787 3438 Maria,
817 3359 983 3443 gravidam
1011 3381 1081 3424 sese
1102 3363 1293 3443 praesentare

234 3481 258 3525 s.
280 3460 423 3544 Josepho
445 3461 487 3525 ad
508 3461 751 3526 matrimonium
773 3482 847 3525 cum
867 3459 925 3524 illo
948 3457 1224 3524 contrahendum?
1243 3449 1294 3518 Sed

234 3581 408 3643 ponamus,
437 3560 468 3623 b.
498 3559 665 3642 Virginem
693 3559 737 3624 ad
764 3564 917 3642 parentes
945 3577 1108 3623 reversam
1136 3553 1293 3622 concivium

234 3681 368 3724 suorum
406 3681 553 3725 rumores
591 3659 753 3724 declinare
784 3657 930 3741 potuisse
970 3678 1023 3735 eo,
1064 3654 1152 3740 quod
1182 3659 1293 3718 uterum

235 3757 390 3823 celaverit
428 3765 625 3838 tumentem,
666 3778 811 3822 rumores
851 3756 910 3821 hos
948 3776 1116 3839 nunquam
1152 3749 1293 3838 potuisset

303 3980 322 4044 ι)
340 3975 390 4043 ιιι,
407 3993 434 4045 p.
452 3992 478 4044 q.
498 3973 597 4040 xxrx,
615 3990 639 4028 a.
659 3977 681 4028 1.
714 3975 736 4040 Ξι
753 3973 834 4026 neu.
852 3969 940 4036 unu,
957 3973 998 4026 21.
