2772 4550
558 360 617 420 527

41 521 268 597 alaboribuS,
299 517 453 584 solatium
481 519 522 584 ab
551 520 730 599 aerumnis,
760 520 937 601 laetitiam,
967 523 1127 607 aquibus

40 621 177 704 angitur
196 617 529 699 moestitudinibus.¹)
571 617 690 683 Allatis
712 640 752 683 ss.
774 619 910 686 Patrum
931 622 1127 689 testimoniis

41 718 259 786 invocationis
286 718 382 800 hujus
410 718 641 782 necessitatem
667 719 886 801 apertissime
901 720 1126 803 demonstrari,

40 842 139 886 nemo
162 825 222 898 est,
245 819 302 902 qui
323 837 443 900 negare
465 817 578 900 possit.

487 1128 590 1266 trip
623 1129 683 1237 ΙΙΙ.

37 1334 99 1402 DE
137 1330 540 1421 rrrotls,tsrra1s
575 1331 1127 1422 nosram,uso1rralols“

351 1377 393 1498 li.
422 1429 600 1498 vlaslul
627 1381 816 1500 nsslris.

104 1599 238 1675 Restat,
275 1601 314 1660 ut
342 1594 506 1678 duplicem
537 1593 630 1659 illum
660 1594 692 1658 b.
721 1596 865 1680 Virginis
897 1598 939 1663 tit
940 1598 1047 1679 ulum,
1083 1601 1124 1666 ab

38 1697 188 1764 omnium
215 1693 420 1761 saeculorum
441 1693 635 1758 adversariis
657 1700 829 1777 tantopere
850 1696 1056 1777 infestatum,
1085 1699 1126 1765 ti·

38 1797 151 1863 tulum
190 1815 305 1877 nempe
345 1793 509 1875 ,matris
551 1795 736 1858 nostrae“
776 1800 810 1858 et
847 1796 1124 1876 „mediatricis

38 1893 150 1979 apud
177 1893 319 1958 Deum“
346 1891 490 1976 penitius
511 1891 731 1974 inspiciamus,
753 1894 948 1982 praesertim
969 1917 1069 1978 quum
1090 1896 1125 1962 hi
1233 1919 1236 1926 ·

38 1994 135 2060 tituli
155 1999 299 2058 mentem
327 1997 474 2057 nostram
496 1990 538 2055 ad
559 1990 832 2074 perseverandum
853 1994 886 2057 in
915 2015 938 2058 s.
962 1992 1125 2077 Deiparae
1167 2017 1169 2024 ·

37 2093 135 2159 cultu
155 2091 316 2174 instigent
336 2098 370 2156 et
392 2112 448 2156 cor
475 2097 625 2156 nostrum
645 2089 855 2183 inflamment.
899 2093 1028 2158 Dicitur
1048 2115 1124 2178 ergo

544 2293 576 2375 5.
599 2290 626 2355 1.

38 2439 298 2506 Beatissimo
318 2438 444 2522 Virgo
472 2444 606 2503 mater
632 2437 966 2503 christianorum
993 2446 1058 2504 est
1084 2440 1125 2504 in

328 2537 475 2602 ordine
504 2537 840 2620 supernaturali.
881 2535 882 2540 ’

103 2685 178 2751 Non
199 2685 286 2749 euim
304 2706 415 2750 sumus
432 2673 492 2749 tilii
509 2684 642 2758 Mariae,
662 2685 725 2749 nisi
744 2690 905 2768 quatenus
923 2686 1126 2767 pertinemus

36 2785 83 2850 ad
105 2783 281 2849 Christum.
322 2782 398 2847 Jam
417 2805 494 2848 vero
516 2783 559 2847 ad
581 2783 747 2849 Christum
771 2804 837 2848 non
857 2784 1035 2866 pertinent,
1062 2785 1126 2850 nisi

36 2884 165 2950 fideles.
219 2882 337 2966 Itaque
369 2881 517 2946 infideles
548 2882 678 2947 nonnisi
709 2889 834 2948 remote
867 2904 905 2948 ac
937 2883 1127 2950 radicaliter

37 2995 212 3068 tamquam
237 2981 297 3046 filii
318 2982 441 3046 Mariae
469 2981 613 3046 habendi
641 2988 732 3060 sunt,
762 2981 890 3047 scilicet
909 2982 944 3047 in
966 2990 1126 3068 quantum
1229 2988 1231 2993 ’

37 3083 166 3148 habent
197 3087 397 3164 potestatem
429 3080 535 3162 ,filios
567 3079 630 3145 Dei
664 3081 755 3145 fieri“
788 3101 849 3163 per
879 3081 1088 3164 baptismum.
1099 3085 1124 3166 ²)

38 3184 182 3248 Constat
293 3222 295 3228 ι

105 3287 132 3345 1.
161 3302 202 3346 ex
220 3302 245 3345 s.
260 3279 473 3361 Scriptura
490 3284 525 3343 et
539 3277 672 3361 quidem
690 3298 730 3342 ex
745 3277 853 3343 verbis
872 3299 956 3361 quae
968 3278 1127 3344 Dominus

36 3381 163 3446 Noster
192 3380 226 3444 in
250 3399 345 3444 cruce
365 3376 511 3461 pendens
536 3377 579 3443 ad
603 3376 808 3462 discipulum,
835 3397 932 3460 quem
957 3375 1123 3460 diligebat,

36 3480 173 3548 direxit.
216 3477 336 3560 ,Ecce
362 3477 494 3543 Mater
518 3476 665 3559 Tua.“³)
707 3477 746 3542 In
766 3476 891 3542 Joanne
912 3475 1125 3560 intelligimus

107 3681 129 3746 ¹)
147 3678 204 3734 cfr.
217 3677 320 3733 Geleda
335 3677 364 3730 in
379 3675 428 3730 lib.
442 3675 542 3730 Judith
557 3676 630 3743 App.
647 3689 691 3742 cp.
705 3673 778 3740 XVI,
793 3675 828 3749 llv
841 3672 916 3742 apud
928 3672 1053 3728 Pauwels
1068 3674 1087 3728 1.
1100 3689 1125 3730 c.

34 3778 103 3831 pag.
115 3763 176 3826 279,
192 3760 241 3814 ubi
258 3760 338 3829 plura
356 3775 391 3814 ss.
403 3758 516 3812 Petrum
533 3757 715 3812 inveniuntur
732 3757 900 3812 testimonia.
934 3758 955 3821 ²)
973 3756 1027 3812 Cir.
1044 3759 1125 3814 tract

35 3845 78 3900 th.
96 3841 161 3913 pig.
179 3843 237 3898 229.
278 3842 301 3904 θ)
319 3841 380 3898 Jos.
399 3839 473 3906 XIX,
490 3843 531 3895 27.
565 3840 651 3895 Juxta
672 3840 797 3908 regulam
815 3838 889 3892 enim
907 3856 924 3892 a
944 3855 978 3894 ss.
996 3839 1126 3896 Patribus

31 3928 181 3990 traditam,
205 3924 292 3980 verbs
317 3928 346 3978 et
368 3923 444 3980 secte
467 3939 489 3977 s.
507 3922 668 3991 Scripturas
694 3921 796 3976 veteris
820 3925 849 3977 et
871 3920 938 3976 novi
954 3920 1127 3978 Testamenti

31 4010 148 4080 saepius
165 4008 306 4078 duplicem
322 4004 459 4075 praebent
475 4019 584 4060 sensum
601 4005 754 4070 aequaliter
771 4019 787 4057 a
802 4002 909 4074 Spiritu
925 4008 1022 4060 sancto
1036 4005 1128 4062 inten-
