2728 4560
575 359 633 418 let

66 542 173 584 curam
195 520 301 584 carnis
322 540 364 584 ne
385 518 530 586 feceritis
559 519 593 582 in
614 519 792 584 desideriis.
835 517 901 583 Ubi
921 518 1062 602 legeras:
1092 519 1141 583 De

65 619 238 702 virginibus
279 625 491 701 praeceptum
531 619 662 683 Domini
703 640 767 682 non
808 617 928 696 habe0,
972 618 1142 683 consilium

66 727 172 783 autem
201 718 263 782 do?
299 718 347 782 Tu
376 739 467 797 vero,
497 739 563 782 non
593 718 711 797 dicam,
741 724 966 800 praeceptum,
997 718 1054 782 sed
1082 740 1142 782 nec

65 817 239 894 consilium,
261 838 321 880 nec
343 816 535 899 exemplum,
557 817 621 881 nisi
642 816 730 900 quod
751 816 862 880 unctio
885 816 1024 882 docebat
1045 824 1078 881 te
1101 818 1140 881 de

66 917 210 980 omnibus
239 938 276 980 ac
305 937 409 980 sermo
433 916 495 980 Dei
521 917 611 980 vivus
641 923 674 980 et
702 915 812 980 efficax
839 922 915 980 ante
944 916 1006 980 tibi
1033 916 1140 980 factus

66 1023 108 1080 est
129 1015 301 1098 magister,
331 1037 428 1099 quam
455 1015 549 1079 filius.
594 1015 723 1080 Christo
752 1036 827 1098 ergo
851 1017 1000 1094 devoves,
1029 1022 1064 1080 te
1087 1036 1140 1079 ex-

64 1115 171 1180 hibere
192 1116 347 1198 virginem
370 1123 403 1180 et
423 1116 543 1194 nescis,
574 1116 662 1200 quod
689 1117 753 1199 ipsi
782 1115 927 1179 exhiberi
956 1121 989 1178 te
1011 1120 1141 1196 oportet

65 1217 158 1280 etiam
179 1215 360 1278 matrem?“
394 1215 570 1293 Quaeritur

83 1381 129 1443 40:
163 1335 304 1444 Utrum
329 1379 565 1444 beatissima
591 1379 710 1461 Virgo
737 1378 810 1443 hoc
836 1385 967 1443 votum
994 1377 1120 1460 prima

497 1479 701 1542 emiserit?

121 1610 283 1675 Putamnt
320 1631 384 1674 non
422 1610 519 1691 pauci
557 1609 716 1691 theologi,
757 1610 863 1674 verbis
900 1608 980 1686 illis,
1021 1607 1140 1690 quibus

65 1709 204 1774 Ecclesia
224 1709 447 1774 beatissimam
467 1708 634 1790 Virginem
656 1709 754 1772 toties
776 1708 968 1791 alloquitur:
980 1709 1004 1789 ¹)
1027 1707 1139 1788 „Sola

66 1809 143 1873 sine
176 1808 355 1891 exemplo
387 1808 541 1890 placuisti
570 1809 707 1872 Domino
740 1815 851 1872 nostro
880 1808 957 1872 Jesu
988 1807 1138 1872 Christo“

67 1907 250 1989 significari,
280 1907 404 1971 nullam
424 1907 593 1971 mulierem
620 1909 653 1972 in
680 1908 919 1989 virginitate
946 1907 1140 1972 servanda

67 2005 197 2071 Mariam
217 2007 402 2089 praeivisse.

122 2106 212 2184 Quod
229 2107 316 2170 inter
331 2105 413 2169 alios
429 2107 564 2170 innuere
581 2105 710 2170 videtur
728 2105 931 2187 Origenes:
955 2103 1137 2185 „Arbitron

66 2203 202 2286 inquito
221 2205 341 2268 rationi
358 2211 611 2268 consentaneum
628 2225 707 2283 esse,
721 2204 822 2268 virilis
839 2205 971 2286 quidem
984 2203 1139 2285 puritatis

65 2301 97 2364 in
112 2304 258 2367 castitate
274 2303 435 2385 primitias
450 2301 550 2367 fuisse
563 2303 683 2381 desum,
699 2304 866 2368 muliebris
881 2325 955 2367 vero
970 2303 1137 2366 Mariam.“

66 2399 246 2466 Plenissime
268 2403 432 2466 consentit
461 2424 484 2465 s.
507 2401 694 2466 Isidorus.
705 2403 729 2484 3)
774 2402 945 2484 „Virorum
967 2403 1136 2484 virginum,
1177 2451 1178 2454 η

66 2499 173 2582 inquit,
196 2508 295 2583 caput
317 2508 367 2566 est
387 2501 545 2580 Christus,
568 2501 764 2565 feminarum
785 2502 944 2584 virginum
967 2508 1067 2584 caput
1088 2507 1138 2565 est

66 2597 191 2662 Maria.“
233 2599 347 2682 Neque
376 2599 441 2663 alio
463 2601 568 2682 vergit
597 2601 626 2663 d.
649 2600 948 2684 Hieronymus‘l)
978 2602 1026 2664 ita
1048 2599 1090 2664 ad
1112 2622 1135 2664 s.
1235 2604 1238 2610 '

66 2695 268 2762 Eustochium
290 2699 449 2762 scribens:
472 2699 574 2780 „Mihi
594 2700 764 2781 virginitas
786 2701 820 2764 in
842 2700 947 2764 Maria
968 2700 1138 2764 dedicatur

67 2800 98 2856 et
126 2795 282 2861 Christ0.“
337 2797 463 2862 Similia
494 2797 647 2880 leguntur
678 2799 711 2861 in
745 2799 884 2881 epistola
916 2798 959 2862 ad
990 2798 1137 2862 Pamma-

68 2892 213 2977 chium:5)
246 2895 415 2977 „Christus
437 2896 550 2979 Virgo,
579 2897 678 2980 Virgo
701 2898 819 2977 Maria,
849 2898 1019 2980 utriusque
1042 2919 1136 2962 sexus

67 2991 276 3074 virginitatem
297 2994 507 3059 dedicavere“
530 3017 596 3074 seu,
617 3003 655 3060 ut
675 2997 732 3061 alii
753 2998 874 3080 legunt,
892 2998 1024 3080 utrique
1047 2998 1138 3075 sexui

68 3090 252 3173 virginitatis
275 3093 465 3158 dedicavere
487 3096 714 3178 principia.“⁶)

122 3191 207 3268 Quae
236 3192 372 3257 Patrum
403 3193 591 3258 testimonia
619 3217 720 3278 quum
749 3196 848 3260 etiam
879 3195 922 3259 ad
950 3195 1135 3260 castitatem

68 3285 93 3349 b.
113 3290 250 3373 Virginis
279 3298 354 3356 voto
381 3291 543 3357 firmatam
564 3293 653 3358 haud
675 3294 846 3359 difficulter
872 3294 990 3358 referri
1010 3295 1137 3376 possint

69 3407 219 3472 quumque
240 3412 299 3473 pro
322 3391 620 3456 certohabendum
641 3394 733 3476 sit‚⁷)
751 3395 826 3477 ¹-jam
849 3395 960 3477 plures
980 3414 1136 3476 personas

68 3493 133 3551 ante
162 3489 192 3552 b.
222 3489 388 3573 Virginem
420 3493 608 3556 castitatem
641 3493 794 3573 coluisse,
829 3495 973 3559 dicamus
1005 3515 1135 3558 necesse

70 3611 252 3626 Q.—

125 3670 143 3734 ¹)
166 3669 197 3723 In
223 3670 336 3738 Antiph.
363 3671 398 3725 ad
423 3672 526 3726 Bened.
552 3671 595 3726 off.
621 3689 694 3741 pars.
719 3674 750 3728 B.
775 3675 812 3730 M.
836 3675 868 3729 V.
911 3677 932 3740 ²)
958 3675 988 3727 ln
1014 3676 1078 3741 Cap.
1104 3677 1135 3728 13

68 3745 154 3804 Matth.
190 3754 211 3816 ³)
230 3753 269 3806 De
287 3754 481 3807 ecclesiasticis
500 3754 600 3808 officiis
617 3755 758 3823 lib.2cp.
779 3761 816 3809 17.
856 3759 877 3822 ⁴)
897 3757 986 3824 Epist.
1001 3761 1032 3810 22
1050 3774 1093 3824 ep.
1110 3761 1135 3810 7.
1172 3817 1174 3822 ,

68 3827 85 3894 5)
99 3831 182 3899 Epist.
201 3837 241 3888 50.
283 3837 305 3901 ⁰)
324 3835 378 3889 cn.
397 3835 474 3889 Beda
496 3836 608 3905 invoap.
625 3837 652 3903 Ι,
674 3837 741 3891 Luc.
765 3843 794 3892 et
816 3839 888 3892 bom.
912 3840 946 3892 de
965 3844 1087 3892 Annunt.
1115 3855 1135 3893 e.
1204 3864 1206 3868 ·

66 3908 245 3972 Bonaventura
262 3917 311 3972 lib.
330 3923 357 3984 13
375 3918 525 3973 Pheretrae
543 3936 585 3989 cp.
604 3922 632 3988 53
652 3921 808 3974 Antoninus
826 3921 872 3988 lV,
890 3939 957 3976 sum.
974 3925 1018 3976 tit.
1038 3924 1072 3988 li,
1091 3939 1136 3992 op.

68 3994 95 4048 20
110 3996 131 4064 ξ.
148 4002 186 4054 10.
219 3999 238 4067 7)
257 4000 310 4054 Cfr.
328 4017 390 4070 pag.
408 4003 440 4054 87
459 4019 498 4070 sq.
