2718 4556
666 384 668 388 ·
738 355 797 416 302

229 516 383 582 salutaris
411 536 581 598 possumus
608 515 797 598 intelligere.
821 521 855 581 et
874 515 936 580 hoc
962 519 1180 599 perpensioris
1205 519 1291 586 fuisse

229 605 371 694 consilii,
405 614 493 698 quod
525 634 563 679 ea
593 613 798 696 potissimum
830 613 935 679 electa
965 621 1031 694 est,
1064 623 1104 682 ut
1136 619 1291 684 Dominum

229 720 376 798 pareret,
416 734 500 796 quae
538 719 610 777 erat
642 712 837 795 desponsata
873 713 951 778 viro.
1006 714 1072 779 Cur
1104 724 1212 782 autem
1239 739 1292 783 non

229 820 406 896 antequam
427 812 687 894 desponsaretur,
705 812 841 896 impleta
862 814 932 878 est?
953 815 1114 895 Fortasse,
1130 839 1171 881 ne
1188 818 1292 883 dicere·

229 919 299 991 tur,
329 911 418 994 quod
446 918 641 994 conceperat
669 932 709 976 ex
737 910 910 977 adulterio.
953 913 997 977 Et
1023 913 1107 979 bene
1136 924 1293 1000 utrumque

227 1011 340 1095 posuit
360 1010 544 1092 Scriptura,
574 1017 612 1074 ut
633 1017 668 1075 et
689 1009 886 1092 desponsata
915 1016 1000 1076 esset
1022 1018 1055 1076 et
1075 1014 1182 1097 virgo:
1210 1017 1292 1098 virgo,

230 1116 269 1176 ut
297 1131 413 1192 expers
444 1107 546 1173 virilis
578 1109 734 1173 consortii
762 1108 928 1173 videretur
956 1146 996 1156 —-
1021 1109 1234 1195 desponsata,
1261 1134 1293 1178 ne

230 1214 410 1274 temeratae
448 1207 646 1290 virginitatis
688 1207 885 1272 adureretur
922 1207 1072 1289 infamia,
1115 1213 1169 1276 cui
1205 1211 1294 1295 gravis

229 1309 321 1373 alvus
358 1306 564 1389 corruptelae
599 1306 765 1370 videretur
803 1306 927 1389 insigne
962 1307 1138 1390 praeferre.
1195 1309 1294 1374 Maluit

231 1413 343 1472 autem
372 1405 530 1470 Dominus
562 1404 689 1488 aliquos
718 1404 757 1469 de
790 1426 848 1470 suo
880 1411 969 1485 ortu,
1003 1427 1102 1490 quam
1130 1407 1171 1472 de
1198 1409 1295 1472 matris

230 1505 354 1589 pudore
375 1503 542 1584 dubitare;
564 1503 688 1568 sciebat
710 1504 795 1568 enim
813 1510 959 1569 teneram
982 1525 1052 1569 esse
1069 1506 1202 1589 virginis
1221 1527 1295 1572 vere·

231 1603 383 1670 cundiam
411 1609 444 1668 et
470 1603 630 1667 lubricam
650 1600 770 1667 famam
797 1602 948 1686 pudoris:
980 1625 1040 1668 nec
1061 1606 1192 1688 putavit
1218 1613 1294 1670 ortus

231 1704 282 1769 sui
303 1703 401 1768 fidem
421 1703 535 1768 matris
557 1702 684 1785 injuriis
713 1703 954 1768 adstruendam.
978 1753 985 1767 .
1009 1753 1016 1767 .
1041 1753 1048 1768 .
1093 1704 1180 1782 Quid
1202 1713 1295 1770 autem

230 1802 373 1880 ludaeis,
397 1801 476 1885 quid
492 1801 616 1866 Herodi
636 1807 748 1884 posset
768 1801 918 1881 adscribi,
941 1803 969 1867 si
989 1809 1103 1868 natum
1124 1804 1296 1869 viderentur

232 1925 272 1968 ex
287 1902 448 1968 adulterio
463 1901 647 1984 persecuti?
669 1901 947 1978 Quemadmodum
961 1908 1073 1967 autem
1087 1903 1158 1987 ipse
1174 1903 1294 1968 diceret:

232 2001 336 2084 ,Non
370 2000 459 2066 veni
486 1997 612 2082 legem
646 1999 816 2079 solvere,
853 2001 922 2066 sed
949 2001 1189 2084 adimplere“
1216 2001 1295 2064 —si

231 2100 397 2165 videretur
425 2099 569 2181 coepisse
589 2119 609 2162 a
630 2098 711 2181 legis
732 2099 867 2182 injuria,
898 2121 998 2183 quum
1019 2105 1135 2182 partus
1156 2101 1295 2182 innuptae

231 2200 303 2282 lege
335 2197 529 2262 damnetur?
571 2198 657 2276 Quin
689 2198 788 2262 ctiam
822 2198 1019 2282 locupletior
1052 2199 1148 2264 testis
1179 2199 1295 2282 pudoris

230 2297 368 2362 maritus
389 2297 580 2376 adhibetur,
611 2297 668 2380 qui
687 2303 799 2380 posset
829 2304 862 2362 et
884 2297 994 2362 dolere
1014 2298 1170 2380 injuriam
1191 2305 1223 2364 et
1240 2298 1295 2362 rin·

232 2396 341 2461 dicare
363 2395 582 2478 opprobrium,
605 2397 633 2461 si
653 2417 718 2460 non
741 2402 932 2478 agnosceret
953 2397 1220 2462 sacramentum.“

277 2495 280 2500 ’
296 2495 377 2560 Cum
397 2494 426 2558 d.
448 2494 619 2560 Ambrosio
641 2495 837 2560 conveniunt
856 2495 891 2558 in
912 2495 1083 2578 alleganda
1103 2496 1166 2560 hac
1185 2495 1295 2560 ratione

234 2594 264 2658 d.
282 2593 623 2677 Chrysostomua¹)
645 2594 743 2660 sicuti
759 2594 917 2659 Auctor
930 2595 1062 2678 operis
1083 2591 1295 2678 imperfecti

231 2693 272 2757 in
292 2692 581 2776 Matthaeum,²)
611 2693 668 2776 qui
694 2692 825 2758 disertis
852 2693 958 2758 verbis
980 2694 1220 2758 matrimonium
1239 2691 1295 2756 Ma·

231 2792 360 2856 riarium
386 2793 456 2881 jam
491 2798 567 2858 ante
599 2792 715 2874 Angeli
743 2793 940 2876 legationem
976 2799 1181 2858 contractum
1210 2791 1295 2856 luisse

233 2890 443 2956 demonstrat.
486 2891 584 2974 ,Ideo
606 2897 725 2970 autem,
748 2891 871 2974 inquit,
895 2897 929 2956 et
950 2890 1148 2974 desponsata
1169 2897 1202 2956 et
1222 2887 1295 2954 domi

100 3084 102 3087 .
231 2989 360 3069 habita,
390 2997 429 3055 ut
449 2989 656 3074 desponsatio
684 2989 756 3072 ipsa
784 2988 889 3054 fidelis
918 2995 1004 3054 esset
1034 2996 1068 3055 et
1087 2986 1295 3055 fornicationis

232 3089 443 3172 opprobrium
479 3111 499 3154 a
530 3095 635 3154 matre
670 3087 845 3170 repelleret
881 3094 926 3168 et,
944 3088 1141 3171 virginitatis
1177 3086 1295 3173 gloriam

232 3189 397 3254 nascituro
430 3189 567 3254 Domino
599 3193 790 3252 reservaret.
842 3187 876 3254 Si
907 3187 1007 3267 enim,
1041 3189 1120 3271 quia
1150 3189 1185 3252 in
1214 3187 1294 3251 domo

199 3291 202 3299 '
232 3288 342 3370 sponsi
369 3288 514 3371 peperit,
544 3286 691 3351 infideles
718 3285 837 3350 Judaei
865 3285 1035 3353 dixerunt:
1067 3285 1219 3370 ,Nonne
1243 3281 1295 3346 hic

233 3392 294 3452 est
323 3386 440 3452 Jesus
479 3375 595 3452 filius
625 3385 815 3469 Joseph?“
855 3387 1126 3470 quantomagis,
1161 3386 1188 3450 si
1217 3387 1296 3448 extra

233 3485 364 3550 domum
384 3486 578 3569 peperisset,
611 3485 731 3550 dicturi
751 3483 896 3549 fuerant:
931 3485 1045 3550 Nonne
1066 3485 1119 3549 hic
1148 3489 1197 3548 est
1213 3481 1295 3546 lesus

232 3584 319 3650 filius
352 3585 554 3650 meretricis?
591 3583 675 3649 Nam
707 3584 979 3667 quemadmodum
1010 3586 1045 3649 in
1077 3604 1131 3663 ea,
1164 3600 1242 3665 quae
1268 3577 1295 3639 in

233 3682 329 3747 domo
350 3683 412 3746 viri
433 3673 584 3765 concipit,
606 3681 802 3765 intelligitur
823 3683 992 3769 conceptio
1015 3681 1188 3760 maritalis;
1208 3674 1295 3742 sicin

234 3801 289 3860 ea,
318 3801 401 3863 quae
431 3786 523 3845 extra
552 3781 683 3844 domum
704 3781 860 3864 concipit,
892 3788 941 3846 est
963 3787 1113 3865 suspecta
1133 3773 1293 3858 conceptio.

301 3995 319 4061 ¹)
337 3994 370 4048 ln
387 3993 486 4049 ltlatth.
503 3994 576 4050 hom:
593 3997 617 4050 4.
650 3995 672 4063 ²)
689 3995 770 4050 Hom.
786 3993 810 4052 1.
