2814 4548
585 363 644 422 625

60 531 258 608 praesentes
280 522 478 605 subjicimus,
502 521 603 586 etiam
625 523 849 601 concionandi,
871 523 1002 605 publice
1025 523 1156 606 legendi

60 646 126 689 seu
149 622 288 688 docendi
316 629 350 686 et
373 611 615 703 interpretandi
643 619 804 686 facultate
834 643 872 686 ac
893 644 970 687 voce
993 623 1100 687 activa
1122 630 1156 687 et

59 723 198 807 passiva
229 723 263 785 in
296 720 555 804 quibuscumque
588 717 819 798 electionibus,
857 741 894 784 eo
927 721 998 804 ipso
1030 721 1155 803 absque

60 823 135 887 alia
157 820 380 887 declaratione
401 817 547 900 privatos
569 837 638 881 esse
660 817 823 897 volumus3
849 839 908 883 nec
930 840 995 883 non
1017 819 1059 882 ad
1082 841 1156 884 con·
1197 883 1200 890 ,

62 919 280 997 cionandum,
321 917 451 1000 publice
483 916 671 998 legendum,
714 917 896 982 docendum
932 926 966 983 et
996 919 1157 1001 interpre-

60 1018 206 1084 tandum
223 1024 404 1101 perpetuae
421 1015 641 1080 inhabilitatis
657 1037 779 1098 poenas
796 1017 866 1099 ipso
885 1016 973 1082 facto
990 1017 1156 1082 incurrere
1207 1001 1210 1012 ¹

60 1116 193 1199 absque
215 1115 281 1180 alia
301 1115 539 1194 declaratione;
562 1137 582 1179 a
603 1115 722 1198 quibus
738 1117 851 1199 poenis
872 1117 1002 1180 nonnisi
1024 1117 1157 1181 aNobis

61 1215 163 1298 ipsis,
196 1213 248 1278 vel
278 1235 298 1278 a
326 1214 574 1279 Successoribus
603 1214 733 1278 Nostris
762 1215 916 1279 Romanis
944 1215 1157 1281 Pontificibus

63 1312 197 1379 absolui
217 1319 276 1376 ant
297 1333 397 1394 super
417 1311 458 1376 iis
480 1311 663 1394 dispensari
684 1310 828 1395 possint3
858 1333 918 1376 nec
939 1334 1004 1377 non
1027 1314 1158 1379 eosdem

62 1412 144 1476 aliis
165 1411 288 1494 poenis,
310 1409 432 1476 Nostro
457 1418 492 1474 et
513 1410 701 1474 eorumdem
722 1411 943 1476 Romanorum
963 1412 1158 1478 Pontificum

64 1512 302 1577 Successorum
323 1509 518 1574 Nostrorum
545 1508 682 1574 arbitrio
705 1507 906 1592 infligendis,
937 1511 1062 1593 pariter
1083 1511 1158 1576 sub-

17 1621 20 1626 '
61 1611 178 1692 jacere
206 1609 369 1687 uolumus,
398 1615 498 1691 prout
527 1607 715 1690 subjicimus
743 1629 803 1691 per
830 1615 1036 1691 praesentes,
1067 1609 1158 1673 inno-

64 1712 185 1772 vantes
220 1706 315 1771 Pauli
345 1706 383 1770 V.
422 1713 456 1770 et
488 1706 638 1789 Gregorii
669 1706 737 1771 XV.
775 1707 925 1790 superius
961 1715 1157 1772 memoratas

67 1805 325 1870 constitutiones
347 1824 405 1868 seu
427 1802 570 1868 decreta.

133 1905 202 1986 „Ac
223 1903 341 1981 libros,
370 1903 404 1966 in
427 1902 545 1985 quibus
567 1902 718 1985 praefata
747 1904 928 1983 sententia,
958 1903 1079 1969 festum
1101 1925 1158 1968 seu

66 2004 181 2068 cultus
203 2002 381 2067 seeundum
402 2002 493 2066 illam
521 2002 556 2065 in
585 2001 720 2066 dubium
747 2009 933 2080 revocatur,
964 2009 1022 2068 aut
1044 2010 1158 2068 contra

67 2125 108 2168 ea
132 2102 452 2186 quomodocumque,
483 2108 521 2165 ut
550 2123 666 2184 supra,
696 2101 822 2184 aliquid
851 2102 1007 2167 scribitur
1029 2111 1088 2167 aut
1112 2103 1159 2167 le-

67 2204 170 2286 gitur,
193 2222 251 2266 seu
273 2201 463 2278 locutiones,
484 2200 665 2278 conciones,
685 2207 847 2264 tractatus
868 2207 901 2264 et
920 2201 1159 2284 disputationes

69 2308 188 2365 contra
210 2300 325 2364 eadem
347 2300 573 2377 continentur;
595 2305 672 2381 post
693 2298 787 2364 Pauli
807 2299 845 2363 V.
868 2321 968 2382 supra
988 2299 1160 2364 laudatum

69 2401 243 2466 decretum
272 2399 362 2463 edita
397 2405 456 2463 aut
488 2399 522 2462 in
550 2406 719 2480 posterum
759 2398 1006 2482 quomodolibet
1035 2398 1160 2462 edenda

69 2498 283 2582 prohibemus
317 2496 377 2561 sub
410 2497 524 2579 poenis
556 2503 590 2561 et
619 2497 764 2561 censuris
797 2497 830 2560 in
862 2497 968 2561 indice
1001 2497 1160 2562 librorum

69 2597 314 2681 prohibitorum
342 2594 507 2660 contentis
536 2596 662 2680 etipse
690 2595 779 2660 facto
808 2596 931 2679 absque
961 2595 1026 2660 alia
1054 2595 1161 2660 decla-

70 2697 202 2763 ratione
230 2717 289 2779 pro
320 2715 470 2777 expresse
492 2693 668 2776 prohibitis
697 2693 812 2759 haberi
840 2693 988 2759 volumus
1018 2701 1051 2759 et
1072 2715 1161 2758 man-

71 2795 220 2861 damus.“

136 2893 255 2959 Omnes
285 2898 396 2957 autem
422 2897 558 2969 norunt,
590 2898 714 2975 quanto
743 2893 852 2957 studio
874 2890 956 2956 haec
985 2892 1024 2956 de
1045 2891 1162 2956 Imma·

72 2994 185 3058 culata
207 2992 369 3074 Deiparae
391 2989 534 3072 Virginis
561 2989 781 3073 Conceptione
812 2990 960 3055 doctrina
988 3012 1008 3054 a
1035 2998 1162 3073 specta-

72 3091 209 3156 tissimis
248 3088 410 3171 religiosis
447 3087 581 3152 familiis
624 3094 658 3153 et
697 3088 931 3153 celebrioribus
971 3087 1162 3170 theologicis

73 3188 251 3255 academiis
282 3209 321 3251 ae
349 3185 641 3269 praestantissimis
673 3208 783 3251 rerum
816 3186 997 3251 divinarum
1025 3187 1162 3251 scientia

73 3286 266 3353 doctoribus
286 3285 389 3350 fuerit
410 3284 549 3364 tradita,
578 3292 704 3350 asserta
725 3307 764 3350 ac
785 3291 1001 3369 propugnata.
1045 3285 1163 3350 Omnes

73 3384 201 3467 pariter
238 3390 375 3462 norunt,
422 3389 625 3466 quantopere
666 3383 799 3448 solliciti
836 3382 961 3448 fuerint
989 3383 1163 3449 Sacrorum

74 3483 250 3547 Antistites
283 3482 334 3546 vel
365 3483 400 3545 in
432 3481 512 3564 ipsis
546 3481 777 3547 ecclesiasticis
810 3482 1022 3548 conventibus
1054 3482 1164 3565 palam

74 3582 273 3665 publiceque
305 3580 469 3664 profiteri,
503 3581 743 3645 sanctissimam
772 3583 834 3646 Dei
863 3581 1064 3647 Genitricem
1091 3581 1164 3646 Vir-

75 3683 184 3763 ginem
213 3680 353 3744 Mariam
382 3680 424 3745 ob
452 3681 601 3763 praevisa
630 3681 754 3746 Christi
776 3681 914 3746 Domini
935 3680 1165 3766 Redemptoris

75 3779 195 3844 merita
216 3799 384 3862 nunquam
407 3779 558 3862 originali
587 3781 788 3864 subjacuisse
810 3787 963 3863 peccato,
993 3780 1050 3844 sed
1072 3802 1165 3863 prae-

76 3885 240 3943 servatam
270 3877 401 3942 omnino
430 3877 531 3942 fuisse
560 3880 602 3943 ab
625 3879 759 3968 originis
780 3879 855 3943 labe
885 3885 919 3943 et
945 3878 1067 3942 idcirco
1090 3879 1166 3943 sub-

76 3975 198 4041 limiori
229 3975 325 4042 modo
367 3976 579 4062 redemptam,
635 3977 760 4055 Quibus
797 3977 881 4042 illud
912 3976 1060 4059 profecto
1093 3998 1167 4061 gra·

969 4078 1003 4131 40
