2728 4560
746 314 821 421 neo

232 525 309 591 talis
332 525 417 589 enim
439 520 599 599 conditio,
629 542 730 603 quum
757 520 802 585 sit
824 526 938 585 contra
964 521 1166 587 matrimonii
1184 523 1302 602 bonum,

233 626 359 692 scilicet
379 623 505 706 prolem
525 620 770 704 procreandam,
792 620 1037 685 matrimonium
1057 621 1219 686 tolleret.“

295 721 433 789 Voventi
455 742 531 804 ergo
553 720 775 802 virginitatem
797 720 981 785 damnabile
1004 727 1063 800 est,
1082 721 1166 786 velle
1185 723 1303 800 nubere,

225 825 261 888 si
281 844 347 887 non
368 821 499 886 aliunde
523 825 630 884 certus
659 819 703 883 sit
725 819 764 883 de
785 818 915 902 integra
937 819 1097 884 servanda
1118 820 1303 903 virginitate3

233 943 341 999 secus,
372 920 400 984 si
428 926 536 985 certus
567 919 627 998 sit,
658 918 744 983 sicut
773 918 911 1002 contigit
937 919 972 982 in
1004 919 1032 982 b.
1060 919 1208 1002 Virgine3
1238 926 1304 984 tuno

233 1019 380 1104 periculo
402 1017 597 1100 virginitatis
626 1017 796 1081 violandae
818 1038 852 1080 se
882 1038 1043 1100 exponere
1072 1019 1196 1102 nequit.
1237 1019 1305 1101 ,Co-

231 1119 312 1203 pula
340 1117 478 1182 camalis
508 1117 628 1182 cecidit
652 1116 1041 1200 juxtanngelioum1)
1071 1117 1228 1200 implicite
1255 1119 1304 1183 sub

235 1239 395 1284 consensu
422 1217 452 1280 b.
481 1215 639 1298 Virginis,
669 1215 755 1281 siout
783 1221 884 1299 actus
905 1215 1064 1299 implicite
1093 1217 1128 1280 in
1157 1218 1305 1300 potentia:

234 1317 385 1400 potentia
413 1321 524 1380 autem
555 1313 598 1378 ad
626 1313 790 1378 carnalem
822 1313 973 1397 copulam
1001 1332 1073 1387 nonv
1099 1317 1306 1380 contrariatur

235 1415 418 1498 virginitati
447 1435 507 1479 nec
536 1413 690 1506 diminuit
718 1412 845 1496 aliquid
867 1413 908 1477 de
936 1413 1082 1496 puritate
1111 1414 1228 1496 ipsius,
1253 1415 1306 1480 nisi

235 1516 364 1580 ratione
397 1519 505 1590 actus,
541 1512 598 1594 qui
630 1512 761 1595 quidem
792 1533 959 1596 nunquam
989 1512 1055 1578 fuit
1086 1514 1121 1577 in
1151 1515 1305 1598 proposito

227 1615 266 1679 ·b.
284 1613 435 1696 Virginis,
459 1610 516 1676 sed
538 1617 610 1676 erat
628 1608 696 1693 jain
717 1609 906 1690 certificata,
930 1612 1018 1694 quod
1039 1618 1134 1678 actus
1155 1635 1306 1697 nunquan

235 1712 331 1796 sequi
353 1710 540 1776 deberet.“¹

297 1810 412 1895 Neque
435 1809 566 1874 dissona
587 1814 638 1873 est
659 1808 823 1873 sententia
848 1808 1008 1873 Alberti
1029 1809 1211 1896 Magniz2)
1239 1814 1307 1896 ,Be

234 1911 383 1976 atissima
403 1910 517 1992 Virgo,
547 1909 625 1974 licet
646 1907 784 1972 haberet
807 1913 919 1972 votum
940 1909 1163 1977 continentiae
1182 1913 1306 1989 firmum,

234 2016 366 2094 poterat
388 2016 499 2074 tamen
521 2007 704 2094 consentire
733 2007 767 2070 in
788 2006 974 2072 maritalem
995 2009 1202 2091 societatem,
1231 2011 1307 2076 facta

236 2110 390 2175 divinitus
411 2107 626 2190 inspiratione
648 2106 780 2189 utrique
802 2105 848 2170 de·
864 2105 978 2185 altero,
998 2108 1086 2189 quod
1106 2111 1205 2176 vellet
1220 2112 1307 2192 Virgo

234 2228 444 2292 permanere:
475 2213 508 2271 et
530 2206 590 2270 sio
605 2206 768 2270 consensit
789 2205 823 2269 in
837 2205 1035 2271 'societatem
1056 2209 1253 2288 maritalem,
1280 2214 1307 2272 et

235 2307 355 2372 nonin
377 2307 526 2389 copulam
556 2306 721 2370 carnalem
749 2305 929 2370 absolute.“
957 2305 1144 2373 consentit
1171 2310 1308 2375 Doctor

237 2406 478 2489 seraphicus
507 2405 548 2469 de
576 2405 782 2470 matrimonio
811 2404 842 2468 b.
865 2404 1009 2487 Virginis
1037 2406 1086 2470 ita
1108 2407 1307 2486 disserens:³)

236 2505 406 2586 ,Gloriosa
433 2504 532 2586 Virgo
563 2504 805 2569 matrimonium
835 2504 1000 2569 consensit
1028 2507 1234 2587 contrahere;
1261 2504 1309 2570 sed

236 2609 326 2668 certo
355 2603 463 2680 scivit,
494 2603 583 2686 quod
603 2625 770 2686 nunquam
791 2603 1036 2668 matrimonium
1064 2611 1307 2671 consummaret:

236 2708 270 2768 et
297 2703 358 2767 hoc
387 2701 481 2766 scivit
503 2703 643 2785 Spiritus
673 2702 777 2767 sancti
805 2701 1019 2781 revelatione,
1048 2703 1101 2767 vel
1120 2704 1241 2788 doseph
1267 2723 1308 2766 re

235 2804 375 2881 latione,
405 2803 456 2867 vel
478 2804 556 2886 quia
578 2803 806 2868 considerabat
828 2803 868 2867 de
889 2802 958 2867 voti
978 2801 1214 2885 publicatione,
1243 2802 1309 2886 quia

235 2903 270 2967 in
291 2903 362 2985 lege
383 2908 598 2985 praeceptum
620 2909 692 2967 erat
713 2903 873 2967 servare.“
895 2951 902 2965 .
927 2951 933 2965 .
957 2951 964 2965 .

297 3001 471 3065 Addantur
508 3001 574 3078 his,
615 3023 699 3084 quae
738 3001 869 3084 scripsit
906 3000 946 3065 de
987 3001 1136 3084 conjugio
1173 3001 1308 3066 Mariano

238 3101 429 3182 Scotus:⁴)
456 3099 543 3183 ,Ubi
564 3106 614 3165 est
635 3099 799 3165 certitudo
822 3100 1022 3182 simpliciter,
1045 3100 1135 3184 qnod
1155 3120 1308 3183 nunquam

236 3205 378 3283 ponetur
398 3199 433 3262 in
454 3196 574 3263 effectu
595 3199 727 3282 (petitio
757 3199 882 3264 scilicet
904 3198 1007 3263 debiti
1036 3199 1243 3282 conjugalis),
1270 3197 1309 3261 ibi

236 3299 271 3362 in
291 3297 382 3362 nullo
400 3297 606 3380 praejudicat
622 3305 698 3364 voto
721 3298 883 3364 eastitatis
906 3303 1093 3363 contractus
1112 3295 1308 3364 matrimonii

238 3397 302 3463 Sed
333 3397 387 3462 hic
418 3396 483 3462 fuit
514 3397 590 3462 talis
627 3396 834 3476 certificati03
874 3418 913 3461 ex
945 3419 1009 3480 quo
1048 3398 1134 3462 enim
1165 3399 1308 3463 habemus

153 3499 155 3504 ’
236 3497 354 3561 Matth.
377 3497 401 3560 l.
425 3496 513 3579 quod
534 3496 677 3580 Angelus
698 3496 855 3560 instruxit
874 3496 1012 3580 Joeeph:
1041 3497 1154 3579 ,Noli
1179 3498 1307 3564 timere

237 3596 424 3678 accipere
456 3596 620 3661 Mariam
652 3596 858 3678 conjugem
889 3596 1034 3675 tuam;“
1071 3597 1175 3662 multo
1207 3594 1306 3677 magis,

236 3695 301 3760 imo
334 3695 560 3761 indubitanter
592 3695 811 3774 concluditur,
849 3695 936 3778 quod
968 3695 1040 3777 ipsa
1071 3717 1131 3778 per
1162 3693 1307 3778 Angelum

304 3927 325 3994 ¹)
344 3926 375 3981 L.
391 3943 414 3983 e.
432 3927 467 3981 ad
484 3931 508 3982 3.
534 3927 556 3994 2)
574 3927 615 3981 De
633 3926 761 3980 laudibus
779 3927 886 3982 Mariae
903 3923 1038 3995 Virginis.
1071 3927 1093 3993 ³)
1113 3923 1307 3996 Operaomnia

237 4009 335 4064 Editio
352 4011 498 4080 recognita
515 4009 620 4064 Peltier
637 4014 705 4064 tom.
722 4009 769 4076 Vl,
786 4028 813 4079 p.
830 4012 888 4064 237.
920 4007 942 4078 ⁴)
960 4008 993 4063 In
1011 4008 1050 4065 IV
1069 4007 1134 4066 dist.
1153 4009 1234 4076 XXX,
1250 4025 1273 4076 q.
1288 4006 1307 4058 2
