2730 4564
553 343 612 404 119

56 505 170 570 seminis
190 525 251 589 per
272 526 296 568 s.
314 502 455 587 Spiritus
476 503 702 586 operationem
718 523 927 587 amoremque
948 500 1122 585 suscepit.“

56 606 130 671 llaec
149 605 214 669 ille.

105 703 314 768 Lucidissime
336 702 477 786 Spiritus
499 702 605 768 sancti
627 702 852 785 operationem
873 699 1030 765 describit
1056 699 1122 764 Ca·

56 803 269 868 techismus
306 802 552 884 Romanus&
590 802 679 866 hisce
716 801 843 866 verbis:
883 798 973 882 ,Hoc
1011 803 1123 862 autem

56 901 206 982 (formatio
228 901 426 967 sanctissimi
443 901 588 984 corporis
606 900 737 979 Christi,
755 900 812 984 qui
834 898 949 964 eodem
965 895 1123 978 temporis

57 1001 177 1066 articulo
205 1000 372 1084 perfectus
397 1000 485 1065 Deus
514 1007 549 1064 et
576 999 743 1082 perlectus
774 999 870 1064 homo
898 996 977 1078 fuit)
1004 1015 1123 1060 norum

57 1098 140 1164 luisse
166 1107 270 1183 atque
298 1099 490 1168 admirabile
514 1099 655 1182 Spiritus
684 1099 790 1164 sancti
818 1119 914 1180 opus,
946 1115 1042 1160 nemo
1064 1093 1122 1158 du·

56 1197 145 1263 bitare
166 1205 294 1282 potest,
324 1220 426 1281 quum
453 1204 581 1264 serrato
603 1205 742 1262 naturae
770 1197 884 1262 ordine
905 1195 1032 1260 nullum
1053 1214 1123 1258 cor-

56 1317 117 1376 pus,
147 1298 212 1362 nisi
241 1298 330 1362 intra
358 1297 598 1380 praescriptum
626 1298 782 1381 temporis
814 1297 957 1379 spatium
982 1293 1123 1359 hominis

57 1396 146 1460 anima
187 1396 361 1461 informari
406 1403 515 1480 queat.
581 1396 707 1462 Deinde
752 1417 829 1461 vero
874 1394 957 1460 illud
1001 1393 1122 1458 accidit

56 1495 177 1560 maxima
197 1496 416 1560 admiratione
445 1495 592 1579 dignum,
623 1495 711 1578 quod
732 1503 770 1561 nt
791 1495 932 1578 primum
958 1514 1032 1558 eum
1054 1512 1123 1556 cor·

56 1614 119 1674 pore
148 1595 259 1660 anima
293 1595 466 1678 conjuncta
499 1593 581 1673 fuit,
621 1595 693 1677 ipsa
728 1595 829 1660 etiam
864 1593 1017 1659 divinitas
1049 1613 1123 1656 cnm

57 1712 173 1774 corpore
196 1701 231 1758 et
260 1693 369 1758 anima
391 1694 545 1776 copulata
567 1701 632 1773 est,
665 1715 767 1776 quare
795 1692 892 1758 simul
918 1713 1036 1774 corpus
1057 1691 1122 1756 for·

57 1797 162 1856 natum
193 1799 296 1876 atque
328 1792 508 1858 animatum
540 1799 591 1857 est
623 1799 657 1858 et
689 1793 828 1875 corpori,
850 1797 884 1856 et
914 1791 1042 1856 animae
1075 1791 1122 1854 di-

57 1889 154 1956 uinitas
175 1890 362 1974 conjuncta.
405 1891 455 1956 Ex
476 1913 540 1975 quo
561 1892 608 1971 fit,
628 1898 667 1956 nt
688 1891 802 1956 eodem
822 1890 979 1973 temporis
999 1896 1122 1971 puncto

57 1989 201 2068 perlectus
225 1991 316 2056 Deus
346 1996 379 2055 et
400 1991 577 2074 perfectus
595 1992 691 2056 homo
720 1996 822 2068 esset,
855 1995 889 2054 et
909 1988 1009 2071 Virgo
1031 2009 1122 2053 sanc·

57 2088 163 2154 tissima
191 2112 269 2155 vere
299 2096 332 2156 et
352 2092 484 2173 proprie
505 2097 613 2156 mater
634 2091 696 2156 Dei
724 2097 759 2156 ct
779 2089 918 2155 hominis
946 2088 1121 2167 diceretur,

59 2188 129 2268 qnod
147 2190 264 2254 eodem
284 2196 448 2254 momento
471 2190 577 2254 Deum
600 2195 635 2254 ct
655 2188 820 2254 hominem
838 2188 1070 2270 concepisset.“

105 2288 280 2354 Audiamus
322 2288 431 2353 etiam
462 2289 680 2354 Salmeron
722 2288 763 2353 de
804 2309 983 2366 concursu,
1025 2307 1123 2369 quem

61 2383 179 2464 Spiritus
216 2393 351 2452 sanctus
387 2391 421 2451 et
456 2386 645 2452 beatissima
679 2386 778 2470 Virgo
814 2386 849 2451 in
883 2387 945 2454 hac
978 2386 1123 2452 mirabili

59 2486 267 2561 praestiterint
285 2485 505 2568 conceptione,
525 2484 574 2550 ita
593 2492 890 2569 argumentantem:
914 2486 1123 2570 ,Notandum

61 2589 110 2662 est,
136 2586 260 2669 inquit,
274 2586 300 2668 2)
333 2585 438 2651 multa
469 2586 504 2650 in
534 2586 596 2650 hoc
628 2586 783 2669 mysterio
815 2608 939 2669 snpra
969 2592 1122 2666 naturam

59 2680 188 2763 inveniri,
219 2685 326 2750 multa
354 2685 453 2750 etiam
482 2685 703 2751 secundum
731 2692 897 2752 naturam:
931 2686 1009 2769 quia
1037 2685 1124 2750 enim
1239 2674 1250 2696 ’

60 2777 82 2840 b.
100 2781 188 2866 Virgo
218 2783 403 2867 praestitit,
437 2778 597 2867 quidquid
625 2791 775 2850 caeterae
803 2791 925 2850 matres
952 2785 987 2847 in
1015 2783 1121 2848 conci·

60 2877 166 2956 piendis
183 2881 261 2946 filiis
283 2883 349 2947 suis
366 2891 536 2967 praestare
558 2890 810 2963 consueverunt,
831 2906 908 2949 narn
925 2884 1122 2949 naturaliter

61 2975 216 3060 disponunt
238 2983 424 3062 materiam,
455 3005 495 3048 en
517 3005 582 3067 qna
601 2984 791 3049 formandus
812 2983 937 3062 foetus,
966 2982 1121 3066 illamque

60 3077 241 3160 ministrant,
271 3089 309 3146 ut
338 3081 473 3148 formari
494 3089 608 3166 queat,
640 3084 729 3167 quod
750 3091 800 3149 est
827 3084 1006 3148 virtutis
1035 3105 1122 3165 pas-

62 3177 169 3248 sivae:
209 3181 449 3265 formatamquc
482 3183 569 3248 intus
601 3183 712 3260 alunt,
727 3205 766 3248 ac
797 3183 963 3249 nutriunt:
1003 3183 1121 3247 merito

62 3273 244 3363 Christipara
270 3280 415 3346 adhaec
444 3280 548 3346 officia
574 3282 643 3346 sine
669 3281 826 3347 miraculo
847 3282 882 3346 in
903 3281 1025 3346 Christi
1046 3302 1121 3346 con-

62 3491 111 3554 qnia
125 3497 187 3550 tnnc
211 3496 300 3565 magis
324 3497 359 3550 ad
376 3497 447 3551 illud
464 3513 572 3561 semen,
596 3515 677 3567 quam
700 3497 737 3552 ad
758 3497 785 3554 b.
803 3497 949 3566 Virginem
969 3496 1122 3566 pertinens,

63 3575 251 3634 medicaretur
265 3579 430 3648 simpliciter
444 3579 531 3633 Filius
544 3579 641 3634 David.
670 3580 738 3635 Ideo
755 3580 905 3635 dicendum
923 3584 973 3647 est,
986 3579 1122 3650 Spiritum

63 3663 238 3727 tuperatione
255 3663 458 3732 supernaturali
476 3663 552 3718 nullo
569 3664 773 3719 interveniente
791 3663 912 3718 naturali
929 3666 1039 3732 agente,
1062 3661 1120 3716 sive

64 3739 188 3810 principali
211 3745 269 3798 sive
292 3743 531 3810 instrumentario,
558 3750 727 3816 temperasse
749 3750 778 3801 et
801 3746 934 3800 formasse
958 3745 1120 3814 sangninem

64 3816 176 3892 Virginis,
192 3827 282 3881 donec
299 3843 400 3896 corpus
417 3827 542 3896 perfecte
555 3829 749 3896 ,organizatnm
768 3834 822 3893 est,
839 3829 912 3883 sicut
929 3845 1023 3882 semen
1040 3827 1121 3880 virile

63 3899 177 3961 lucturum
194 3914 263 3974 erat,
285 3911 307 3963 si
326 3908 365 3964 ibi
383 3913 565 3965 commixtum
582 3911 687 3967 fuisset.
721 3911 775 3968 Cfr.
793 3911 891 3966 Henno
908 3911 926 3967 1.
945 3927 968 3966 c.
985 3927 1048 3980 pag.
1064 3912 1122 3968 417.
1197 3924 1200 3932 ·

93 3987 95 3992 ’
114 3990 131 4055 ¹)
147 3991 217 4048 Pars.
236 3993 271 4050 ll.
288 3999 339 4048 art.
357 3992 406 4048 111.
439 3996 461 4061 ²)
479 3994 510 4050 L.
529 4010 552 4049 c.
569 3997 637 4050 torn.
655 3994 705 4062 lll,
723 3999 804 4050 tract.
821 3997 863 4052 29.
