<?xml version="1.0" encoding="UTF-8"?>
<!DOCTYPE html PUBLIC "-//W3C//DTD XHTML 1.0 Transitional//EN"
    "http://www.w3.org/TR/xhtml1/DTD/xhtml1-transitional.dtd">
<html xmlns="http://www.w3.org/1999/xhtml" xml:lang="en" lang="en">
 <head>
  <title>
</title>
<meta http-equiv="Content-Type" content="text/html;charset=utf-8" />
  <meta name='ocr-system' content='tesseract 3.04.00' />
  <meta name='ocr-capabilities' content='ocr_page ocr_carea ocr_par ocr_line ocrx_word'/>
</head>
<body>
  <div class='ocr_page' id='page_1' title='image "./mariologiaseupo00stamgoog_0448.png"; bbox 0 0 2728 4554; ppageno 0'>
   <div class='ocr_carea' id='block_1_1' title="bbox 739 325 799 385">
    <p class='ocr_par' dir='ltr' id='par_1_1' title="bbox 739 325 799 385">
     <span class='ocr_line' id='line_1_1' title="bbox 739 325 799 385; baseline 0 0"><span class='ocrx_word' id='word_1_1' title='bbox 739 325 799 385; x_wconf 79' lang='lat'><strong>422</strong></span> 
     </span>
    </p>
   </div>
   <div class='ocr_carea' id='block_1_2' title="bbox 227 484 1347 3437">
    <p class='ocr_par' dir='ltr' id='par_1_2' title="bbox 227 484 1345 1540">
     <span class='ocr_line' id='line_1_2' title="bbox 291 484 1291 569; baseline -0.001 -20"><span class='ocrx_word' id='word_1_2' title='bbox 291 484 398 563; x_wconf 84' lang='lat' dir='ltr'><strong>Quare</strong></span> <span class='ocrx_word' id='word_1_3' title='bbox 418 484 518 550; x_wconf 89' lang='lat' dir='ltr'><strong>etiam</strong></span> <span class='ocrx_word' id='word_1_4' title='bbox 538 485 821 564; x_wconf 87' lang='lat' dir='ltr'><strong>Theodoretus‚</strong></span> <span class='ocrx_word' id='word_1_5' title='bbox 844 485 901 569; x_wconf 88' lang='lat' dir='ltr'><strong>qui</strong></span> <span class='ocrx_word' id='word_1_6' title='bbox 921 492 1019 550; x_wconf 85' lang='lat' dir='ltr'><strong>antea</strong></span> <span class='ocrx_word' id='word_1_7' title='bbox 1038 484 1184 551; x_wconf 88' lang='lat' dir='ltr'><strong>Nestorii</strong></span> <span class='ocrx_word' id='word_1_8' title='bbox 1204 484 1291 550; x_wconf 88' lang='lat' dir='ltr'><strong>errori</strong></span> 
     </span>
     <span class='ocr_line' id='line_1_3' title="bbox 229 581 1290 669; baseline 0 -23"><span class='ocrx_word' id='word_1_9' title='bbox 229 581 286 647; x_wconf 92' lang='lat' dir='ltr'><strong>diu</strong></span> <span class='ocrx_word' id='word_1_10' title='bbox 306 582 441 663; x_wconf 86' lang='lat' dir='ltr'><strong>faverat,</strong></span> <span class='ocrx_word' id='word_1_11' title='bbox 464 605 528 649; x_wconf 90' lang='lat' dir='ltr'><strong>non</strong></span> <span class='ocrx_word' id='word_1_12' title='bbox 548 591 668 668; x_wconf 75' lang='lat' dir='ltr'><strong>potest</strong></span> <span class='ocrx_word' id='word_1_13' title='bbox 691 586 770 669; x_wconf 90' lang='lat' dir='ltr'><strong>quin</strong></span> <span class='ocrx_word' id='word_1_14' title='bbox 790 584 921 668; x_wconf 90' lang='lat' dir='ltr'><strong>publice</strong></span> <span class='ocrx_word' id='word_1_15' title='bbox 942 583 1176 668; x_wconf 84' lang='lat' dir='ltr'><strong>confiteatur,¹)</strong></span> <span class='ocrx_word' id='word_1_16' title='bbox 1203 585 1290 666; x_wconf 79' lang='lat' dir='ltr'><strong>„anti-</strong></span> 
     </span>
     <span class='ocr_line' id='line_1_4' title="bbox 228 677 1291 768; baseline 0 -23"><span class='ocrx_word' id='word_1_17' title='bbox 228 681 400 765; x_wconf 90' lang='lat' dir='ltr'><strong>quissimos</strong></span> <span class='ocrx_word' id='word_1_18' title='bbox 437 677 526 748; x_wconf 88' lang='lat' dir='ltr'><strong>fidei</strong></span> <span class='ocrx_word' id='word_1_19' title='bbox 553 685 732 750; x_wconf 86' lang='lat' dir='ltr'><strong>catholicae</strong></span> <span class='ocrx_word' id='word_1_20' title='bbox 771 704 948 768; x_wconf 83' lang='lat' dir='ltr'>praecones</span> <span class='ocrx_word' id='word_1_21' title='bbox 990 704 1035 747; x_wconf 89' lang='lat' dir='ltr'><strong>ex</strong></span> <span class='ocrx_word' id='word_1_22' title='bbox 1073 682 1291 765; x_wconf 85' lang='lat' dir='ltr'><strong>Apostolica</strong></span> 
     </span>
     <span class='ocr_line' id='line_1_5' title="bbox 228 780 1291 861; baseline -0.001 -16"><span class='ocrx_word' id='word_1_23' title='bbox 228 781 451 847; x_wconf 77' lang='lat' dir='ltr'>traditione</span> <span class='ocrx_word' id='word_1_24' title='bbox 484 783 647 861; x_wconf 84' lang='lat' dir='ltr'>docuisse,</span> <span class='ocrx_word' id='word_1_25' title='bbox 680 789 819 848; x_wconf 88' lang='lat' dir='ltr'><strong>matrem</strong></span> <span class='ocrx_word' id='word_1_26' title='bbox 851 782 981 847; x_wconf 88' lang='lat' dir='ltr'>Domini</span> <span class='ocrx_word' id='word_1_27' title='bbox 1013 781 1075 846; x_wconf 89' lang='lat' dir='ltr'><strong>Dei</strong></span> <span class='ocrx_word' id='word_1_28' title='bbox 1109 780 1291 846; x_wconf 85' lang='lat' dir='ltr'><strong>Genitricen</strong></span> 
     </span>
     <span class='ocr_line' id='line_1_6' title="bbox 229 876 1291 948; baseline -0.003 -4"><span class='ocrx_word' id='word_1_29' title='bbox 229 886 263 945; x_wconf 89' lang='lat' dir='ltr'><strong>et</strong></span> <span class='ocrx_word' id='word_1_30' title='bbox 276 882 506 948; x_wconf 81' lang='lat' dir='ltr'><strong>nominandam</strong></span> <span class='ocrx_word' id='word_1_31' title='bbox 522 876 558 948; x_wconf 87' lang='lat' dir='ltr'><strong>et</strong></span> <span class='ocrx_word' id='word_1_32' title='bbox 576 882 771 948; x_wconf 90' lang='lat' dir='ltr'><strong>credendam</strong></span> <span class='ocrx_word' id='word_1_33' title='bbox 789 882 889 946; x_wconf 80' lang='lat' dir='ltr'><strong>esse.“</strong></span> <span class='ocrx_word' id='word_1_34' title='bbox 921 881 1102 946; x_wconf 83' lang='lat' dir='ltr'><strong>Audiamus</strong></span> <span class='ocrx_word' id='word_1_35' title='bbox 1121 901 1161 944; x_wconf 89' lang='lat' dir='ltr'><strong>ex</strong></span> <span class='ocrx_word' id='word_1_36' title='bbox 1178 877 1291 944; x_wconf 89' lang='lat' dir='ltr'><strong>saeculo</strong></span> 
     </span>
     <span class='ocr_line' id='line_1_7' title="bbox 228 978 1290 1063; baseline -0.003 -20"><span class='ocrx_word' id='word_1_37' title='bbox 228 986 320 1044; x_wconf 88' lang='lat' dir='ltr'><strong>sexto</strong></span> <span class='ocrx_word' id='word_1_38' title='bbox 348 981 574 1046; x_wconf 85' lang='lat' dir='ltr'><strong>Facundum</strong></span> <span class='ocrx_word' id='word_1_39' title='bbox 601 982 923 1047; x_wconf 89' lang='lat' dir='ltr'><strong>Hermianensem</strong></span> <span class='ocrx_word' id='word_1_40' title='bbox 953 979 1197 1063; x_wconf 83' lang='lat' dir='ltr'><strong>permirabilem</strong></span> <span class='ocrx_word' id='word_1_41' title='bbox 1222 978 1290 1041; x_wconf 90' lang='lat' dir='ltr'><strong>hanc</strong></span> 
     </span>
     <span class='ocr_line' id='line_1_8' title="bbox 227 1075 1290 1163; baseline -0.004 -21"><span class='ocrx_word' id='word_1_42' title='bbox 227 1079 401 1144; x_wconf 86' lang='lat' dir='ltr'><strong>veritatem</strong></span> <span class='ocrx_word' id='word_1_43' title='bbox 421 1081 471 1148; x_wconf 89' lang='lat' dir='ltr'><strong>ita</strong></span> <span class='ocrx_word' id='word_1_44' title='bbox 492 1081 724 1163; x_wconf 78' lang='lat' dir='ltr'><strong>explicantem:</strong></span> <span class='ocrx_word' id='word_1_45' title='bbox 752 1081 806 1163; x_wconf 76' lang='lat' dir='ltr'><strong>„si</strong></span> <span class='ocrx_word' id='word_1_46' title='bbox 827 1079 1053 1162; x_wconf 86' lang='lat' dir='ltr'><strong>blasphemum</strong></span> <span class='ocrx_word' id='word_1_47' title='bbox 1074 1085 1110 1142; x_wconf 91' lang='lat' dir='ltr'><strong>et</strong></span> <span class='ocrx_word' id='word_1_48' title='bbox 1131 1075 1290 1143; x_wconf 85' lang='lat' dir='ltr'><strong>absurdum</strong></span> 
     </span>
     <span class='ocr_line' id='line_1_9' title="bbox 229 1176 1291 1263; baseline -0.001 -22"><span class='ocrx_word' id='word_1_49' title='bbox 229 1183 287 1255; x_wconf 89' lang='lat' dir='ltr'><strong>est,</strong></span> <span class='ocrx_word' id='word_1_50' title='bbox 316 1178 466 1262; x_wconf 82' lang='lat' dir='ltr'><strong>inquit,²)</strong></span> <span class='ocrx_word' id='word_1_51' title='bbox 503 1180 591 1263; x_wconf 93' lang='lat' dir='ltr'><strong>quod</strong></span> <span class='ocrx_word' id='word_1_52' title='bbox 617 1180 716 1245; x_wconf 85' lang='lat' dir='ltr'><strong>beata</strong></span> <span class='ocrx_word' id='word_1_53' title='bbox 736 1179 841 1244; x_wconf 84' lang='lat' dir='ltr'><strong>Maria</strong></span> <span class='ocrx_word' id='word_1_54' title='bbox 869 1199 943 1243; x_wconf 86' lang='lat' dir='ltr'><strong>vere</strong></span> <span class='ocrx_word' id='word_1_55' title='bbox 974 1185 1007 1242; x_wconf 87' lang='lat' dir='ltr'><strong>et</strong></span> <span class='ocrx_word' id='word_1_56' title='bbox 1027 1177 1159 1260; x_wconf 91' lang='lat' dir='ltr'><strong>proprie</strong></span> <span class='ocrx_word' id='word_1_57' title='bbox 1187 1176 1291 1240; x_wconf 87' lang='lat' dir='ltr'><strong>dicitur</strong></span> 
     </span>
     <span class='ocr_line' id='line_1_10' title="bbox 229 1273 1345 1360; baseline -0.001 -22"><span class='ocrx_word' id='word_1_58' title='bbox 229 1273 337 1340; x_wconf 90' lang='lat' dir='ltr'><strong>Mater</strong></span> <span class='ocrx_word' id='word_1_59' title='bbox 365 1277 439 1355; x_wconf 93' lang='lat' dir='ltr'><strong>Dei,</strong></span> <span class='ocrx_word' id='word_1_60' title='bbox 476 1278 546 1343; x_wconf 88' lang='lat' dir='ltr'><strong>sine</strong></span> <span class='ocrx_word' id='word_1_61' title='bbox 574 1277 642 1342; x_wconf 88' lang='lat' dir='ltr'><strong>ulla</strong></span> <span class='ocrx_word' id='word_1_62' title='bbox 671 1277 907 1360; x_wconf 80' lang='lat' dir='ltr'><strong>disceptatione</strong></span> <span class='ocrx_word' id='word_1_63' title='bbox 936 1275 1162 1359; x_wconf 88' lang='lat' dir='ltr'><strong>blasphemum</strong></span> <span class='ocrx_word' id='word_1_64' title='bbox 1190 1281 1222 1340; x_wconf 88' lang='lat' dir='ltr'><strong>et</strong></span> <span class='ocrx_word' id='word_1_65' title='bbox 1245 1273 1289 1338; x_wconf 86' lang='lat' dir='ltr'><strong>ab·</strong></span> <span class='ocrx_word' id='word_1_66' title='bbox 1344 1349 1345 1360; x_wconf 9' lang='grc' dir='ltr'>χ</span> 
     </span>
     <span class='ocr_line' id='line_1_11' title="bbox 228 1363 1345 1460; baseline -0.003 -22"><span class='ocrx_word' id='word_1_67' title='bbox 228 1374 364 1439; x_wconf 86' lang='lat' dir='ltr'><strong>surdum</strong></span> <span class='ocrx_word' id='word_1_68' title='bbox 391 1383 456 1454; x_wconf 86' lang='lat' dir='ltr'><strong>est,</strong></span> <span class='ocrx_word' id='word_1_69' title='bbox 487 1376 575 1460; x_wconf 89' lang='lat' dir='ltr'><strong>quod</strong></span> <span class='ocrx_word' id='word_1_70' title='bbox 597 1376 685 1440; x_wconf 88' lang='lat' dir='ltr'><strong>Deus</strong></span> <span class='ocrx_word' id='word_1_71' title='bbox 705 1376 849 1442; x_wconf 88' lang='lat' dir='ltr'><strong>Verbum</strong></span> <span class='ocrx_word' id='word_1_72' title='bbox 877 1395 951 1440; x_wconf 91' lang='lat' dir='ltr'><strong>vere</strong></span> <span class='ocrx_word' id='word_1_73' title='bbox 979 1381 1014 1439; x_wconf 91' lang='lat' dir='ltr'><strong>et</strong></span> <span class='ocrx_word' id='word_1_74' title='bbox 1033 1374 1166 1458; x_wconf 90' lang='lat' dir='ltr'><strong>proprie</strong></span> <span class='ocrx_word' id='word_1_75' title='bbox 1187 1371 1291 1438; x_wconf 91' lang='lat' dir='ltr'><strong>dicitur</strong></span> <span class='ocrx_word' id='word_1_76' title='bbox 1344 1363 1345 1410; x_wconf 60' lang='grc' dir='ltr'>ἶ</span> 
     </span>
     <span class='ocr_line' id='line_1_12' title="bbox 228 1471 521 1540; baseline 0.014 -5"><span class='ocrx_word' id='word_1_77' title='bbox 228 1471 331 1538; x_wconf 87' lang='lat' dir='ltr'><strong>Filius</strong></span> <span class='ocrx_word' id='word_1_78' title='bbox 351 1474 521 1540; x_wconf 74' lang='lat' dir='ltr'><strong>bominis.“</strong></span> 
     </span>
    </p>

    <p class='ocr_par' dir='ltr' id='par_1_3' title="bbox 228 1566 1346 2248">
     <span class='ocr_line' id='line_1_13' title="bbox 291 1566 1290 1656; baseline -0.004 -22"><span class='ocrx_word' id='word_1_79' title='bbox 291 1570 394 1636; x_wconf 89' lang='lat' dir='ltr'><strong>Nimis</strong></span> <span class='ocrx_word' id='word_1_80' title='bbox 416 1572 498 1639; x_wconf 87' lang='lat' dir='ltr'><strong>dura</strong></span> <span class='ocrx_word' id='word_1_81' title='bbox 518 1573 605 1639; x_wconf 85' lang='lat' dir='ltr'><strong>forse</strong></span> <span class='ocrx_word' id='word_1_82' title='bbox 627 1572 786 1651; x_wconf 87' lang='lat' dir='ltr'><strong>videntur,</strong></span> <span class='ocrx_word' id='word_1_83' title='bbox 809 1593 894 1656; x_wconf 90' lang='lat' dir='ltr'><strong>quae</strong></span> <span class='ocrx_word' id='word_1_84' title='bbox 923 1570 954 1636; x_wconf 88' lang='lat' dir='ltr'><strong>d.</strong></span> <span class='ocrx_word' id='word_1_85' title='bbox 975 1571 1157 1636; x_wconf 86' lang='lat' dir='ltr'><strong>Hilarius</strong></span> <span class='ocrx_word' id='word_1_86' title='bbox 1184 1568 1239 1632; x_wconf 92' lang='lat' dir='ltr'><strong>hoc</strong></span> <span class='ocrx_word' id='word_1_87' title='bbox 1259 1566 1290 1630; x_wconf 90' lang='lat' dir='ltr'><strong>de</strong></span> 
     </span>
     <span class='ocr_line' id='line_1_14' title="bbox 229 1665 1290 1755; baseline -0.004 -23"><span class='ocrx_word' id='word_1_88' title='bbox 229 1669 380 1753; x_wconf 83' lang='lat' dir='ltr'><strong>dogmate</strong></span> <span class='ocrx_word' id='word_1_89' title='bbox 402 1672 542 1755; x_wconf 90' lang='lat' dir='ltr'><strong>scripsit.</strong></span> <span class='ocrx_word' id='word_1_90' title='bbox 580 1672 673 1754; x_wconf 81' lang='lat' dir='ltr'><strong>„Non</strong></span> <span class='ocrx_word' id='word_1_91' title='bbox 695 1693 735 1736; x_wconf 89' lang='lat' dir='ltr'><strong>ex</strong></span> <span class='ocrx_word' id='word_1_92' title='bbox 756 1693 799 1750; x_wconf 92' lang='lat' dir='ltr'><strong>se,</strong></span> <span class='ocrx_word' id='word_1_93' title='bbox 821 1671 912 1752; x_wconf 78' lang='lat' dir='ltr'><strong>ait,⁸)</strong></span> <span class='ocrx_word' id='word_1_94' title='bbox 936 1670 1065 1753; x_wconf 90' lang='lat' dir='ltr'><strong>corpori</strong></span> <span class='ocrx_word' id='word_1_95' title='bbox 1085 1669 1191 1734; x_wconf 90' lang='lat' dir='ltr'><strong>Maria</strong></span> <span class='ocrx_word' id='word_1_96' title='bbox 1210 1665 1290 1748; x_wconf 88' lang='lat' dir='ltr'><strong>origi-</strong></span> 
     </span>
     <span class='ocr_line' id='line_1_15' title="bbox 229 1764 1290 1836; baseline -0.005 -4"><span class='ocrx_word' id='word_1_97' title='bbox 229 1789 304 1832; x_wconf 86' lang='lat' dir='ltr'><strong>nem</strong></span> <span class='ocrx_word' id='word_1_98' title='bbox 339 1769 459 1834; x_wconf 84' lang='lat' dir='ltr'><strong>dedit.“</strong></span> <span class='ocrx_word' id='word_1_99' title='bbox 512 1773 556 1836; x_wconf 88' lang='lat' dir='ltr'><strong>At</strong></span> <span class='ocrx_word' id='word_1_100' title='bbox 589 1771 751 1836; x_wconf 90' lang='lat' dir='ltr'><strong>immerito</strong></span> <span class='ocrx_word' id='word_1_101' title='bbox 787 1770 875 1835; x_wconf 89' lang='lat' dir='ltr'><strong>hisce</strong></span> <span class='ocrx_word' id='word_1_102' title='bbox 910 1790 951 1834; x_wconf 83' lang='lat' dir='ltr'><strong>ex</strong></span> <span class='ocrx_word' id='word_1_103' title='bbox 984 1768 1092 1833; x_wconf 86' lang='lat' dir='ltr'><strong>verbis</strong></span> <span class='ocrx_word' id='word_1_104' title='bbox 1126 1764 1290 1833; x_wconf 85' lang='lat' dir='ltr'><strong>deducebat</strong></span> 
     </span>
     <span class='ocr_line' id='line_1_16' title="bbox 228 1865 1289 1953; baseline -0.005 -22"><span class='ocrx_word' id='word_1_105' title='bbox 228 1867 391 1947; x_wconf 86' lang='lat' dir='ltr'><strong>Erasmus,</strong></span> <span class='ocrx_word' id='word_1_106' title='bbox 414 1869 579 1934; x_wconf 84' lang='lat' dir='ltr'><strong>Christum</strong></span> <span class='ocrx_word' id='word_1_107' title='bbox 598 1870 692 1953; x_wconf 86' lang='lat' dir='ltr'><strong>juxta</strong></span> <span class='ocrx_word' id='word_1_108' title='bbox 713 1868 874 1934; x_wconf 88' lang='lat' dir='ltr'><strong>Hilarium</strong></span> <span class='ocrx_word' id='word_1_109' title='bbox 894 1865 960 1932; x_wconf 88' lang='lat' dir='ltr'><strong>non</strong></span> <span class='ocrx_word' id='word_1_110' title='bbox 986 1866 1151 1950; x_wconf 91' lang='lat' dir='ltr'><strong>accepisse</strong></span> <span class='ocrx_word' id='word_1_111' title='bbox 1177 1883 1289 1930; x_wconf 87' lang='lat' dir='ltr'><strong>carnem</strong></span> 
     </span>
     <span class='ocr_line' id='line_1_17' title="bbox 229 1963 1289 2051; baseline -0.006 -19"><span class='ocrx_word' id='word_1_112' title='bbox 229 1987 250 2032; x_wconf 84' lang='lat' dir='ltr'><strong>a</strong></span> <span class='ocrx_word' id='word_1_113' title='bbox 277 1967 307 2031; x_wconf 92' lang='lat' dir='ltr'><strong>b.</strong></span> <span class='ocrx_word' id='word_1_114' title='bbox 329 1968 478 2051; x_wconf 80' lang='lat' dir='ltr'><strong>Virgine3</strong></span> <span class='ocrx_word' id='word_1_115' title='bbox 510 1968 591 2033; x_wconf 91' lang='lat' dir='ltr'><strong>nihil</strong></span> <span class='ocrx_word' id='word_1_116' title='bbox 619 1968 705 2032; x_wconf 91' lang='lat' dir='ltr'><strong>enim</strong></span> <span class='ocrx_word' id='word_1_117' title='bbox 736 1967 826 2032; x_wconf 91' lang='lat' dir='ltr'><strong>aliud</strong></span> <span class='ocrx_word' id='word_1_118' title='bbox 853 1989 878 2032; x_wconf 88' lang='lat' dir='ltr'><strong>s.</strong></span> <span class='ocrx_word' id='word_1_119' title='bbox 900 1967 1025 2031; x_wconf 90' lang='lat' dir='ltr'><strong>Doctor</strong></span> <span class='ocrx_word' id='word_1_120' title='bbox 1051 1964 1228 2048; x_wconf 88' lang='lat' dir='ltr'><strong>significare</strong></span> <span class='ocrx_word' id='word_1_121' title='bbox 1252 1963 1289 2026; x_wconf 91' lang='lat' dir='ltr'><strong>in-</strong></span> 
     </span>
     <span class='ocr_line' id='line_1_18' title="bbox 229 2063 1346 2149; baseline -0.006 -19"><span class='ocrx_word' id='word_1_122' title='bbox 229 2065 349 2145; x_wconf 85' lang='lat' dir='ltr'><strong>tendit,</strong></span> <span class='ocrx_word' id='word_1_123' title='bbox 379 2067 442 2132; x_wconf 90' lang='lat' dir='ltr'><strong>nisi</strong></span> <span class='ocrx_word' id='word_1_124' title='bbox 463 2066 585 2132; x_wconf 86' lang='lat' dir='ltr'><strong>Christi</strong></span> <span class='ocrx_word' id='word_1_125' title='bbox 612 2087 730 2149; x_wconf 90' lang='lat' dir='ltr'><strong>corpus</strong></span> <span class='ocrx_word' id='word_1_126' title='bbox 757 2065 902 2131; x_wconf 87' lang='lat' dir='ltr'><strong>naturali</strong></span> <span class='ocrx_word' id='word_1_127' title='bbox 923 2072 957 2131; x_wconf 89' lang='lat' dir='ltr'><strong>et</strong></span> <span class='ocrx_word' id='word_1_128' title='bbox 982 2065 1106 2130; x_wconf 87' lang='lat' dir='ltr'><strong>usitato</strong></span> <span class='ocrx_word' id='word_1_129' title='bbox 1126 2063 1217 2129; x_wconf 91' lang='lat' dir='ltr'><strong>modo</strong></span> <span class='ocrx_word' id='word_1_130' title='bbox 1236 2080 1288 2125; x_wconf 89' lang='lat' dir='ltr'><strong>non</strong></span> <span class='ocrx_word' id='word_1_131' title='bbox 1345 2075 1346 2108; x_wconf 53' lang='lat' dir='ltr'><strong>t</strong></span> 
     </span>
     <span class='ocr_line' id='line_1_19' title="bbox 229 2161 1015 2248; baseline 0.001 -22"><span class='ocrx_word' id='word_1_132' title='bbox 229 2161 329 2229; x_wconf 82' lang='lat' dir='ltr'><strong>fuisse</strong></span> <span class='ocrx_word' id='word_1_133' title='bbox 352 2172 545 2248; x_wconf 88' lang='lat' dir='ltr'><strong>conceptum</strong></span> <span class='ocrx_word' id='word_1_134' title='bbox 490 2172 600 2230; x_wconf 89' lang='lat' dir='ltr'><strong>umet</strong></span> <span class='ocrx_word' id='word_1_135' title='bbox 620 2165 710 2248; x_wconf 88' lang='lat' dir='ltr'><strong>genit</strong></span> <span class='ocrx_word' id='word_1_136' title='bbox 712 2186 774 2230; x_wconf 89' lang='lat' dir='ltr'><strong>um.</strong></span> <span class='ocrx_word' id='word_1_137' title='bbox 783 2165 829 2247; x_wconf 90' lang='grc'><strong>4)</strong></span> <span class='ocrx_word' id='word_1_138' title='bbox 852 2163 1015 2229; x_wconf 89' lang='lat' dir='ltr'><strong>Probatur</strong></span> 
     </span>
    </p>

    <p class='ocr_par' dir='ltr' id='par_1_4' title="bbox 292 2264 862 2377">
     <span class='ocr_line' id='line_1_20' title="bbox 292 2264 862 2377; baseline -0.002 -47"><span class='ocrx_word' id='word_1_139' title='bbox 292 2269 320 2330; x_wconf 91' lang='lat'><strong>3.</strong></span> <span class='ocrx_word' id='word_1_140' title='bbox 353 2266 581 2331; x_wconf 90' lang='lat' dir='ltr'><strong>rationibus</strong></span> <span class='ocrx_word' id='word_1_141' title='bbox 609 2264 862 2377; x_wconf 82' lang='lat' dir='ltr'><strong>theologicis.</strong></span> 
     </span>
    </p>

    <p class='ocr_par' dir='ltr' id='par_1_5' title="bbox 229 2324 1347 2944">
     <span class='ocr_line' id='line_1_21' title="bbox 291 2324 1288 2476; baseline -0.01 -47.424"><span class='ocrx_word' id='word_1_142' title='bbox 291 2364 400 2429; x_wconf 83' lang='lat' dir='ltr'><strong>aEa</strong></span> <span class='ocrx_word' id='word_1_143' title='bbox 428 2385 502 2430; x_wconf 83' lang='lat' dir='ltr'><strong>vere</strong></span> <span class='ocrx_word' id='word_1_144' title='bbox 532 2371 565 2430; x_wconf 88' lang='lat' dir='ltr'><strong>et</strong></span> <span class='ocrx_word' id='word_1_145' title='bbox 585 2364 724 2476; x_wconf 83' lang='lat' dir='ltr'><strong>proprie</strong></span> <span class='ocrx_word' id='word_1_146' title='bbox 752 2370 802 2428; x_wconf 89' lang='lat' dir='ltr'><strong>est</strong></span> <span class='ocrx_word' id='word_1_147' title='bbox 829 2361 986 2444; x_wconf 88' lang='lat' dir='ltr'><strong>Deipara,</strong></span> <span class='ocrx_word' id='word_1_148' title='bbox 1018 2382 1103 2444; x_wconf 88' lang='lat' dir='ltr'><strong>quae</strong></span> <span class='ocrx_word' id='word_1_149' title='bbox 1133 2324 1239 2472; x_wconf 80' lang='lat' dir='ltr'><strong>genuit</strong></span> <span class='ocrx_word' id='word_1_150' title='bbox 1263 2361 1288 2419; x_wconf 84' lang='lat' dir='ltr'><strong>et</strong></span> 
     </span>
     <span class='ocr_line' id='line_1_22' title="bbox 229 2454 1288 2571; baseline -0.007 -45"><span class='ocrx_word' id='word_1_151' title='bbox 229 2463 358 2544; x_wconf 90' lang='lat' dir='ltr'><strong>peperit</strong></span> <span class='ocrx_word' id='word_1_152' title='bbox 386 2485 468 2542; x_wconf 88' lang='lat' dir='ltr'><strong>eum,</strong></span> <span class='ocrx_word' id='word_1_153' title='bbox 498 2463 555 2547; x_wconf 90' lang='lat' dir='ltr'><strong>qui</strong></span> <span class='ocrx_word' id='word_1_154' title='bbox 582 2463 616 2527; x_wconf 92' lang='lat' dir='ltr'><strong>in</strong></span> <span class='ocrx_word' id='word_1_155' title='bbox 644 2463 714 2546; x_wconf 92' lang='lat' dir='ltr'><strong>ipso</strong></span> <span class='ocrx_word' id='word_1_156' title='bbox 737 2469 812 2528; x_wconf 90' lang='lat' dir='ltr'><strong>ortu</strong></span> <span class='ocrx_word' id='word_1_157' title='bbox 832 2482 890 2526; x_wconf 92' lang='lat' dir='ltr'><strong>suo</strong></span> <span class='ocrx_word' id='word_1_158' title='bbox 919 2481 993 2526; x_wconf 91' lang='lat' dir='ltr'><strong>vere</strong></span> <span class='ocrx_word' id='word_1_159' title='bbox 1023 2466 1057 2526; x_wconf 89' lang='lat' dir='ltr'><strong>et</strong></span> <span class='ocrx_word' id='word_1_160' title='bbox 1084 2479 1212 2571; x_wconf 78' lang='lat' dir='ltr'><strong>proprie</strong></span> <span class='ocrx_word' id='word_1_161' title='bbox 1238 2454 1288 2519; x_wconf 84' lang='lat' dir='ltr'><strong>fuit</strong></span> 
     </span>
     <span class='ocr_line' id='line_1_23' title="bbox 231 2558 1287 2645; baseline -0.007 -21"><span class='ocrx_word' id='word_1_162' title='bbox 231 2560 328 2639; x_wconf 89' lang='lat' dir='ltr'><strong>Deus,</strong></span> <span class='ocrx_word' id='word_1_163' title='bbox 359 2582 442 2644; x_wconf 88' lang='lat' dir='ltr'><strong>quae</strong></span> <span class='ocrx_word' id='word_1_164' title='bbox 464 2564 569 2629; x_wconf 90' lang='lat' dir='ltr'><strong>Deum</strong></span> <span class='ocrx_word' id='word_1_165' title='bbox 588 2584 701 2628; x_wconf 84' lang='lat' dir='ltr'><strong>verum</strong></span> <span class='ocrx_word' id='word_1_166' title='bbox 722 2567 756 2627; x_wconf 86' lang='lat' dir='ltr'><strong>et</strong></span> <span class='ocrx_word' id='word_1_167' title='bbox 775 2561 906 2645; x_wconf 88' lang='lat' dir='ltr'><strong>proprie</strong></span> <span class='ocrx_word' id='word_1_168' title='bbox 928 2558 1052 2625; x_wconf 90' lang='lat' dir='ltr'><strong>dictum</strong></span> <span class='ocrx_word' id='word_1_169' title='bbox 1073 2559 1194 2642; x_wconf 88' lang='lat' dir='ltr'><strong>genuit,</strong></span> <span class='ocrx_word' id='word_1_170' title='bbox 1221 2573 1287 2639; x_wconf 84' lang='lat' dir='ltr'><strong>quae</strong></span> 
     </span>
     <span class='ocr_line' id='line_1_24' title="bbox 231 2653 1347 2745; baseline -0.007 -22"><span class='ocrx_word' id='word_1_171' title='bbox 231 2659 322 2725; x_wconf 90' lang='lat' dir='ltr'><strong>dedit</strong></span> <span class='ocrx_word' id='word_1_172' title='bbox 343 2683 459 2745; x_wconf 88' lang='lat' dir='ltr'><strong>corpus</strong></span> <span class='ocrx_word' id='word_1_173' title='bbox 479 2662 562 2728; x_wconf 84' lang='lat' dir='ltr'><strong>Filio</strong></span> <span class='ocrx_word' id='word_1_174' title='bbox 584 2662 662 2740; x_wconf 80' lang='lat' dir='ltr'><strong>Dei3</strong></span> <span class='ocrx_word' id='word_1_175' title='bbox 684 2661 777 2744; x_wconf 89' lang='lat' dir='ltr'><strong>atqui</strong></span> <span class='ocrx_word' id='word_1_176' title='bbox 799 2682 839 2725; x_wconf 89' lang='lat' dir='ltr'><strong>ex</strong></span> <span class='ocrx_word' id='word_1_177' title='bbox 861 2659 1014 2725; x_wconf 85' lang='lat' dir='ltr'><strong>Conciliis</strong></span> <span class='ocrx_word' id='word_1_178' title='bbox 1036 2665 1070 2723; x_wconf 89' lang='lat' dir='ltr'><strong>et</strong></span> <span class='ocrx_word' id='word_1_179' title='bbox 1091 2679 1133 2722; x_wconf 89' lang='lat' dir='ltr'><strong>ss.</strong></span> <span class='ocrx_word' id='word_1_180' title='bbox 1156 2653 1288 2722; x_wconf 86' lang='lat' dir='ltr'><strong>Patribus</strong></span> <span class='ocrx_word' id='word_1_181' title='bbox 1346 2735 1347 2744; x_wconf 8' lang='grc' dir='ltr'>ἵ</span> 
     </span>
     <span class='ocr_line' id='line_1_25' title="bbox 230 2757 1288 2844; baseline -0.004 -23"><span class='ocrx_word' id='word_1_182' title='bbox 230 2757 302 2840; x_wconf 90' lang='lat' dir='ltr'><strong>ipsa</strong></span> <span class='ocrx_word' id='word_1_183' title='bbox 329 2780 353 2822; x_wconf 92' lang='lat' dir='ltr'><strong>s.</strong></span> <span class='ocrx_word' id='word_1_184' title='bbox 377 2759 545 2844; x_wconf 83' lang='lat' dir='ltr'><strong>Scriptura</strong></span> <span class='ocrx_word' id='word_1_185' title='bbox 573 2763 796 2828; x_wconf 88' lang='lat' dir='ltr'><strong>consentiente</strong></span> <span class='ocrx_word' id='word_1_186' title='bbox 823 2761 872 2825; x_wconf 89' lang='lat' dir='ltr'><strong>ita</strong></span> <span class='ocrx_word' id='word_1_187' title='bbox 900 2781 952 2824; x_wconf 93' lang='lat' dir='ltr'><strong>res</strong></span> <span class='ocrx_word' id='word_1_188' title='bbox 980 2779 1014 2824; x_wconf 90' lang='lat' dir='ltr'><strong>se</strong></span> <span class='ocrx_word' id='word_1_189' title='bbox 1035 2758 1138 2823; x_wconf 87' lang='lat' dir='ltr'><strong>habet</strong></span> <span class='ocrx_word' id='word_1_190' title='bbox 1157 2759 1288 2840; x_wconf 88' lang='lat' dir='ltr'><strong>respectu</strong></span> 
     </span>
     <span class='ocr_line' id='line_1_26' title="bbox 230 2856 678 2944; baseline 0.016 -24"><span class='ocrx_word' id='word_1_191' title='bbox 230 2856 437 2924; x_wconf 90' lang='lat' dir='ltr'><strong>beatissimae</strong></span> <span class='ocrx_word' id='word_1_192' title='bbox 459 2861 610 2944; x_wconf 84' lang='lat' dir='ltr'><strong>Virginis.</strong></span> <span class='ocrx_word' id='word_1_193' title='bbox 671 2892 678 2910; x_wconf 62' lang='lat' dir='ltr'>v</span> 
     </span>
    </p>

    <p class='ocr_par' dir='ltr' id='par_1_6' title="bbox 231 2955 1287 3437">
     <span class='ocr_line' id='line_1_27' title="bbox 292 2955 1287 3041; baseline -0.005 -21"><span class='ocrx_word' id='word_1_194' title='bbox 292 2956 322 3020; x_wconf 93' lang='lat' dir='ltr'><strong>b.</strong></span> <span class='ocrx_word' id='word_1_195' title='bbox 355 2957 473 3024; x_wconf 93' lang='lat' dir='ltr'><strong>Mulier</strong></span> <span class='ocrx_word' id='word_1_196' title='bbox 501 2982 541 3025; x_wconf 85' lang='lat' dir='ltr'><strong>ex</strong></span> <span class='ocrx_word' id='word_1_197' title='bbox 573 2980 611 3026; x_wconf 91' lang='lat' dir='ltr'><strong>eo</strong></span> <span class='ocrx_word' id='word_1_198' title='bbox 644 2959 765 3024; x_wconf 90' lang='lat' dir='ltr'><strong>dicitur</strong></span> <span class='ocrx_word' id='word_1_199' title='bbox 795 2958 933 3041; x_wconf 87' lang='lat' dir='ltr'><strong>alicujus</strong></span> <span class='ocrx_word' id='word_1_200' title='bbox 962 2963 1084 3036; x_wconf 88' lang='lat' dir='ltr'><strong>mater,</strong></span> <span class='ocrx_word' id='word_1_201' title='bbox 1118 2955 1287 3039; x_wconf 83' lang='lat' dir='ltr'><strong>quodcum</strong></span> 
     </span>
     <span class='ocr_line' id='line_1_28' title="bbox 231 3056 1286 3143; baseline -0.005 -24"><span class='ocrx_word' id='word_1_202' title='bbox 231 3059 416 3140; x_wconf 88' lang='lat' dir='ltr'><strong>conceperit</strong></span> <span class='ocrx_word' id='word_1_203' title='bbox 437 3067 470 3124; x_wconf 93' lang='lat' dir='ltr'><strong>et</strong></span> <span class='ocrx_word' id='word_1_204' title='bbox 491 3060 648 3143; x_wconf 86' lang='lat' dir='ltr'><strong>genuerit.</strong></span> <span class='ocrx_word' id='word_1_205' title='bbox 688 3059 789 3142; x_wconf 87' lang='lat' dir='ltr'><strong>Atqui</strong></span> <span class='ocrx_word' id='word_1_206' title='bbox 809 3059 840 3123; x_wconf 85' lang='lat' dir='ltr'><strong>b.</strong></span> <span class='ocrx_word' id='word_1_207' title='bbox 856 3058 956 3141; x_wconf 87' lang='lat' dir='ltr'><strong>Virgo</strong></span> <span class='ocrx_word' id='word_1_208' title='bbox 977 3077 1090 3121; x_wconf 86' lang='lat' dir='ltr'><strong>verum</strong></span> <span class='ocrx_word' id='word_1_209' title='bbox 1108 3056 1211 3120; x_wconf 87' lang='lat' dir='ltr'><strong>Deum</strong></span> <span class='ocrx_word' id='word_1_210' title='bbox 1229 3069 1286 3115; x_wconf 88' lang='lat' dir='ltr'><strong>coo·</strong></span> 
     </span>
     <span class='ocr_line' id='line_1_29' title="bbox 231 3150 1286 3244; baseline -0.006 -26"><span class='ocrx_word' id='word_1_211' title='bbox 231 3155 319 3237; x_wconf 89' lang='lat' dir='ltr'><strong>oepit</strong></span> <span class='ocrx_word' id='word_1_212' title='bbox 340 3162 374 3221; x_wconf 85' lang='lat' dir='ltr'><strong>et</strong></span> <span class='ocrx_word' id='word_1_213' title='bbox 394 3159 522 3241; x_wconf 89' lang='lat' dir='ltr'><strong>genuit;</strong></span> <span class='ocrx_word' id='word_1_214' title='bbox 551 3159 638 3244; x_wconf 88' lang='lat' dir='ltr'><strong>quod</strong></span> <span class='ocrx_word' id='word_1_215' title='bbox 659 3180 724 3223; x_wconf 90' lang='lat' dir='ltr'><strong>non</strong></span> <span class='ocrx_word' id='word_1_216' title='bbox 744 3158 850 3223; x_wconf 91' lang='lat' dir='ltr'><strong>solum</strong></span> <span class='ocrx_word' id='word_1_217' title='bbox 878 3163 1007 3222; x_wconf 87' lang='lat' dir='ltr'><strong>constat</strong></span> <span class='ocrx_word' id='word_1_218' title='bbox 1028 3177 1068 3221; x_wconf 89' lang='lat' dir='ltr'><strong>ex</strong></span> <span class='ocrx_word' id='word_1_219' title='bbox 1088 3153 1199 3237; x_wconf 85' lang='lat' dir='ltr'><strong>regula</strong></span> <span class='ocrx_word' id='word_1_220' title='bbox 1218 3150 1286 3214; x_wconf 82' lang='lat' dir='ltr'><strong>circe</strong></span> 
     </span>
     <span class='ocr_line' id='line_1_30' title="bbox 231 3250 1286 3336; baseline -0.005 -19"><span class='ocrx_word' id='word_1_221' title='bbox 231 3256 554 3323; x_wconf 90' lang='lat' dir='ltr'><strong>communicationem</strong></span> <span class='ocrx_word' id='word_1_222' title='bbox 582 3257 789 3336; x_wconf 88' lang='lat' dir='ltr'><strong>idiomatum,</strong></span> <span class='ocrx_word' id='word_1_223' title='bbox 818 3256 997 3321; x_wconf 86' lang='lat' dir='ltr'><strong>sedetiam</strong></span> <span class='ocrx_word' id='word_1_224' title='bbox 1025 3275 1066 3318; x_wconf 82' lang='lat' dir='ltr'><strong>ex</strong></span> <span class='ocrx_word' id='word_1_225' title='bbox 1092 3274 1116 3316; x_wconf 91' lang='lat' dir='ltr'><strong>s.</strong></span> <span class='ocrx_word' id='word_1_226' title='bbox 1141 3250 1286 3331; x_wconf 70' lang='lat' dir='ltr'><strong>Scriptura</strong></span> 
     </span>
     <span class='ocr_line' id='line_1_31' title="bbox 231 3345 1286 3437; baseline -0.01 -21"><span class='ocrx_word' id='word_1_227' title='bbox 231 3350 374 3418; x_wconf 90' lang='lat' dir='ltr'><strong>dicente:</strong></span> <span class='ocrx_word' id='word_1_228' title='bbox 408 3355 538 3437; x_wconf 85' lang='lat' dir='ltr'><strong>„Quod</strong></span> <span class='ocrx_word' id='word_1_229' title='bbox 566 3378 612 3422; x_wconf 87' lang='lat' dir='ltr'><strong>ex</strong></span> <span class='ocrx_word' id='word_1_230' title='bbox 640 3363 678 3422; x_wconf 88' lang='lat' dir='ltr'><strong>te</strong></span> <span class='ocrx_word' id='word_1_231' title='bbox 707 3362 911 3433; x_wconf 88' lang='lat' dir='ltr'><strong>nascetur,</strong></span> <span class='ocrx_word' id='word_1_232' title='bbox 940 3351 1154 3419; x_wconf 83' lang='lat' dir='ltr'><strong>vocabitur</strong></span> <span class='ocrx_word' id='word_1_233' title='bbox 1179 3345 1286 3413; x_wconf 88' lang='lat' dir='ltr'><strong>Filius</strong></span> 
     </span>
    </p>
   </div>
   <div class='ocr_carea' id='block_1_3' title="bbox 121 3453 334 3517">
    <p class='ocr_par' dir='ltr' id='par_1_7' title="bbox 121 3453 334 3517">
     <span class='ocr_line' id='line_1_32' title="bbox 121 3453 334 3517; baseline 0.009 -3"><span class='ocrx_word' id='word_1_234' title='bbox 121 3508 124 3514; x_wconf 91' lang='lat'><strong>.</strong></span> <span class='ocrx_word' id='word_1_235' title='bbox 232 3453 334 3517; x_wconf 61' lang='lat' dir='ltr'><strong>Deir</strong></span> 
     </span>
    </p>
   </div>
   <div class='ocr_carea' id='block_1_4' title="bbox 293 3545 1286 3638">
    <p class='ocr_par' dir='ltr' id='par_1_8' title="bbox 293 3545 1286 3638">
     <span class='ocr_line' id='line_1_33' title="bbox 293 3545 1286 3638; baseline -0.005 -22"><span class='ocrx_word' id='word_1_236' title='bbox 293 3551 339 3617; x_wconf 91' lang='lat' dir='ltr'><strong>Ut</strong></span> <span class='ocrx_word' id='word_1_237' title='bbox 358 3552 476 3618; x_wconf 89' lang='lat' dir='ltr'><strong>mulier</strong></span> <span class='ocrx_word' id='word_1_238' title='bbox 504 3554 614 3638; x_wconf 90' lang='lat' dir='ltr'><strong>aliqua</strong></span> <span class='ocrx_word' id='word_1_239' title='bbox 641 3553 686 3618; x_wconf 83' lang='lat' dir='ltr'><strong>sit</strong></span> <span class='ocrx_word' id='word_1_240' title='bbox 710 3573 785 3617; x_wconf 84' lang='lat' dir='ltr'><strong>vere</strong></span> <span class='ocrx_word' id='word_1_241' title='bbox 807 3557 927 3630; x_wconf 86' lang='lat' dir='ltr'><strong>mater,</strong></span> <span class='ocrx_word' id='word_1_242' title='bbox 956 3571 1022 3615; x_wconf 90' lang='lat' dir='ltr'><strong>nou</strong></span> <span class='ocrx_word' id='word_1_243' title='bbox 1048 3547 1235 3632; x_wconf 87' lang='lat' dir='ltr'><strong>requiritur,</strong></span> <span class='ocrx_word' id='word_1_244' title='bbox 1258 3545 1286 3603; x_wconf 73' lang='lat' dir='ltr'><strong>ul</strong></span> 
     </span>
    </p>
   </div>
   <div class='ocr_carea' id='block_1_5' title="bbox 205 3775 1286 4018">
    <p class='ocr_par' dir='ltr' id='par_1_9' title="bbox 205 3775 1286 4018">
     <span class='ocr_line' id='line_1_34' title="bbox 205 3775 1286 3866; baseline -0.016 -12"><span class='ocrx_word' id='word_1_245' title='bbox 205 3775 207 3780; x_wconf 76' lang='grc'><strong>’</strong></span> <span class='ocrx_word' id='word_1_246' title='bbox 298 3801 317 3866; x_wconf 81' lang='lat'><strong>1)</strong></span> <span class='ocrx_word' id='word_1_247' title='bbox 335 3797 367 3852; x_wconf 91' lang='lat' dir='ltr'><strong>ln</strong></span> <span class='ocrx_word' id='word_1_248' title='bbox 389 3799 437 3855; x_wconf 80' lang='grc' dir='ltr'><strong>ιιι.</strong></span> <span class='ocrx_word' id='word_1_249' title='bbox 454 3799 654 3854; x_wconf 70' lang='lat' dir='ltr'><strong>haereticarum</strong></span> <span class='ocrx_word' id='word_1_250' title='bbox 677 3799 833 3853; x_wconf 76' lang='lat' dir='ltr'><strong>fabularum</strong></span> <span class='ocrx_word' id='word_1_251' title='bbox 855 3795 904 3852; x_wconf 79' lang='grc' dir='ltr'><strong>ιιι.</strong></span> <span class='ocrx_word' id='word_1_252' title='bbox 923 3796 970 3862; x_wconf 77' lang='lat' dir='ltr'><strong>iv,</strong></span> <span class='ocrx_word' id='word_1_253' title='bbox 988 3812 1031 3864; x_wconf 75' lang='lat' dir='ltr'><strong>ep.</strong></span> <span class='ocrx_word' id='word_1_254' title='bbox 1051 3795 1089 3850; x_wconf 74' lang='grc' dir='ltr'><strong>ιι.</strong></span> <span class='ocrx_word' id='word_1_255' title='bbox 1131 3794 1153 3862; x_wconf 76' lang='lat'><strong>2)</strong></span> <span class='ocrx_word' id='word_1_256' title='bbox 1170 3793 1201 3846; x_wconf 91' lang='lat' dir='ltr'><strong>ln</strong></span> <span class='ocrx_word' id='word_1_257' title='bbox 1215 3788 1255 3842; x_wconf 81' lang='lat' dir='ltr'><strong>lu.</strong></span> <span class='ocrx_word' id='word_1_258' title='bbox 1269 3781 1286 3846; x_wconf 81' lang='grc' dir='ltr'><strong>ι,</strong></span> 
     </span>
     <span class='ocr_line' id='line_1_35' title="bbox 231 3871 1285 3948; baseline -0.027 1"><span class='ocrx_word' id='word_1_259' title='bbox 231 3895 274 3948; x_wconf 67' lang='lat'><strong>09·</strong></span> <span class='ocrx_word' id='word_1_260' title='bbox 291 3884 315 3936; x_wconf 76' lang='lat'><strong>4·</strong></span> <span class='ocrx_word' id='word_1_261' title='bbox 354 3883 375 3948; x_wconf 83' lang='lat'><strong>³)</strong></span> <span class='ocrx_word' id='word_1_262' title='bbox 393 3882 432 3936; x_wconf 85' lang='lat' dir='ltr'><strong>De</strong></span> <span class='ocrx_word' id='word_1_263' title='bbox 450 3882 586 3938; x_wconf 83' lang='lat' dir='ltr'><strong>Trinitete</strong></span> <span class='ocrx_word' id='word_1_264' title='bbox 599 3881 651 3937; x_wconf 85' lang='lat' dir='ltr'><strong>lib.</strong></span> <span class='ocrx_word' id='word_1_265' title='bbox 670 3885 709 3938; x_wconf 85' lang='lat' dir='ltr'><strong>lo.</strong></span> <span class='ocrx_word' id='word_1_266' title='bbox 741 3883 763 3946; x_wconf 87' lang='lat'><strong>⁴)</strong></span> <span class='ocrx_word' id='word_1_267' title='bbox 783 3881 837 3936; x_wconf 88' lang='lat' dir='ltr'><strong>Cfr.</strong></span> <span class='ocrx_word' id='word_1_268' title='bbox 855 3881 949 3935; x_wconf 78' lang='lat' dir='ltr'><strong>Peter.</strong></span> <span class='ocrx_word' id='word_1_269' title='bbox 967 3878 1002 3932; x_wconf 88' lang='lat' dir='ltr'><strong>de</strong></span> <span class='ocrx_word' id='word_1_270' title='bbox 1020 3876 1129 3931; x_wconf 82' lang='lat' dir='ltr'><strong>luceru.</strong></span> <span class='ocrx_word' id='word_1_271' title='bbox 1147 3875 1192 3930; x_wconf 90' lang='lat' dir='ltr'><strong>lib.</strong></span> <span class='ocrx_word' id='word_1_272' title='bbox 1210 3871 1238 3938; x_wconf 80' lang='lat' dir='ltr'><strong>V,</strong></span> <span class='ocrx_word' id='word_1_273' title='bbox 1252 3882 1285 3934; x_wconf 87' lang='lat' dir='ltr'><strong>cp.</strong></span> 
     </span>
     <span class='ocr_line' id='line_1_36' title="bbox 234 3965 350 4018; baseline 0.009 -1"><span class='ocrx_word' id='word_1_274' title='bbox 234 3965 265 4018; x_wconf 87' lang='grc'><strong>19</strong></span> <span class='ocrx_word' id='word_1_275' title='bbox 283 3982 309 4018; x_wconf 92' lang='grc' dir='ltr'><strong>ιι.</strong></span> <span class='ocrx_word' id='word_1_276' title='bbox 327 3969 350 4018; x_wconf 82' lang='lat'><strong>5.</strong></span> 
     </span>
    </p>
   </div>
   <div class='ocr_carea' id='block_1_6' title="bbox 0 0 1368 4554">
    <p class='ocr_par' dir='ltr' id='par_1_10' title="bbox 0 0 1368 4554">
     <span class='ocr_line' id='line_1_37' title="bbox 0 0 1368 4554; baseline 0 0"><span class='ocrx_word' id='word_1_277' title='bbox 0 0 1368 4554; x_wconf 95' lang='lat' dir='ltr'><strong> </strong></span> 
     </span>
    </p>
   </div>
  </div>
 </body>
</html>
