<?xml version="1.0" encoding="UTF-8"?>
<!DOCTYPE html PUBLIC "-//W3C//DTD XHTML 1.0 Transitional//EN"
    "http://www.w3.org/TR/xhtml1/DTD/xhtml1-transitional.dtd">
<html xmlns="http://www.w3.org/1999/xhtml" xml:lang="en" lang="en">
 <head>
  <title>
</title>
<meta http-equiv="Content-Type" content="text/html;charset=utf-8" />
  <meta name='ocr-system' content='tesseract 3.04.00' />
  <meta name='ocr-capabilities' content='ocr_page ocr_carea ocr_par ocr_line ocrx_word'/>
</head>
<body>
  <div class='ocr_page' id='page_1' title='image "./mariologiaseupo00stamgoog_0519.png"; bbox 0 0 2782 4554; ppageno 0'>
   <div class='ocr_carea' id='block_1_1' title="bbox 515 376 575 434">
    <p class='ocr_par' dir='ltr' id='par_1_1' title="bbox 515 376 575 434">
     <span class='ocr_line' id='line_1_1' title="bbox 515 376 575 434; baseline 0 0"><span class='ocrx_word' id='word_1_1' title='bbox 515 376 575 434; x_wconf 73' lang='grc'><strong>495</strong></span> 
     </span>
    </p>
   </div>
   <div class='ocr_carea' id='block_1_2' title="bbox 71 533 1153 3886">
    <p class='ocr_par' dir='ltr' id='par_1_2' title="bbox 71 533 1085 2501">
     <span class='ocr_line' id='line_1_2' title="bbox 71 533 1085 622; baseline 0.004 -20"><span class='ocrx_word' id='word_1_2' title='bbox 71 544 174 602; x_wconf 88' lang='lat' dir='ltr'><strong>eterea</strong></span> <span class='ocrx_word' id='word_1_3' title='bbox 195 533 454 618; x_wconf 88' lang='lat' dir='ltr'><strong>superbissimus,</strong></span> <span class='ocrx_word' id='word_1_4' title='bbox 477 541 545 599; x_wconf 89' lang='lat' dir='ltr'><strong>tam</strong></span> <span class='ocrx_word' id='word_1_5' title='bbox 566 534 743 601; x_wconf 80' lang='lat' dir='ltr'><strong>infeliciter</strong></span> <span class='ocrx_word' id='word_1_6' title='bbox 764 537 826 601; x_wconf 91' lang='lat' dir='ltr'><strong>sibi</strong></span> <span class='ocrx_word' id='word_1_7' title='bbox 846 541 988 622; x_wconf 90' lang='lat' dir='ltr'><strong>primum</strong></span> <span class='ocrx_word' id='word_1_8' title='bbox 1011 568 1085 612; x_wconf 85' lang='lat' dir='ltr'><strong>eum</strong></span> 
     </span>
     <span class='ocr_line' id='line_1_3' title="bbox 71 634 1085 718; baseline 0.012 -20"><span class='ocrx_word' id='word_1_9' title='bbox 71 637 132 700; x_wconf 86' lang='lat' dir='ltr'><strong>rine</strong></span> <span class='ocrx_word' id='word_1_10' title='bbox 161 640 327 699; x_wconf 89' lang='lat' dir='ltr'><strong>certamen</strong></span> <span class='ocrx_word' id='word_1_11' title='bbox 355 634 563 714; x_wconf 80' lang='lat' dir='ltr'><strong>successisse,</strong></span> <span class='ocrx_word' id='word_1_12' title='bbox 597 641 635 700; x_wconf 90' lang='lat' dir='ltr'><strong>ut</strong></span> <span class='ocrx_word' id='word_1_13' title='bbox 663 636 720 718; x_wconf 92' lang='lat' dir='ltr'><strong>qui</strong></span> <span class='ocrx_word' id='word_1_14' title='bbox 748 637 887 718; x_wconf 85' lang='lat' dir='ltr'><strong>primam</strong></span> <span class='ocrx_word' id='word_1_15' title='bbox 915 642 1085 711; x_wconf 90' lang='lat' dir='ltr'><strong>mulierem</strong></span> 
     </span>
     <span class='ocr_line' id='line_1_4' title="bbox 71 732 1084 822; baseline 0.012 -24"><span class='ocrx_word' id='word_1_16' title='bbox 71 756 137 818; x_wconf 70' lang='lat' dir='ltr'><strong>tque</strong></span> <span class='ocrx_word' id='word_1_17' title='bbox 166 753 276 797; x_wconf 89' lang='lat' dir='ltr'><strong>semen</strong></span> <span class='ocrx_word' id='word_1_18' title='bbox 307 732 431 798; x_wconf 82' lang='lat' dir='ltr'><strong>vicerat</strong></span> <span class='ocrx_word' id='word_1_19' title='bbox 457 732 596 816; x_wconf 89' lang='lat' dir='ltr'><strong>ideoque</strong></span> <span class='ocrx_word' id='word_1_20' title='bbox 627 734 741 799; x_wconf 92' lang='lat' dir='ltr'><strong>mundi</strong></span> <span class='ocrx_word' id='word_1_21' title='bbox 768 737 918 822; x_wconf 89' lang='lat' dir='ltr'><strong>princeps</strong></span> <span class='ocrx_word' id='word_1_22' title='bbox 948 741 1084 810; x_wconf 87' lang='lat' dir='ltr'><strong>effectus</strong></span> 
     </span>
     <span class='ocr_line' id='line_1_5' title="bbox 71 831 1083 923; baseline 0.01 -24"><span class='ocrx_word' id='word_1_23' title='bbox 71 857 86 913; x_wconf 75' lang='lat'><strong>3,</strong></span> <span class='ocrx_word' id='word_1_24' title='bbox 104 853 189 897; x_wconf 91' lang='lat' dir='ltr'><strong>nuno</strong></span> <span class='ocrx_word' id='word_1_25' title='bbox 210 852 270 915; x_wconf 91' lang='lat' dir='ltr'><strong>per</strong></span> <span class='ocrx_word' id='word_1_26' title='bbox 286 831 424 896; x_wconf 90' lang='lat' dir='ltr'><strong>Mariam</strong></span> <span class='ocrx_word' id='word_1_27' title='bbox 446 832 579 915; x_wconf 87' lang='lat' dir='ltr'><strong>ejusque</strong></span> <span class='ocrx_word' id='word_1_28' title='bbox 598 854 708 898; x_wconf 91' lang='lat' dir='ltr'><strong>semen</strong></span> <span class='ocrx_word' id='word_1_29' title='bbox 726 856 790 899; x_wconf 92' lang='lat' dir='ltr'><strong>non</strong></span> <span class='ocrx_word' id='word_1_30' title='bbox 809 837 905 904; x_wconf 90' lang='lat' dir='ltr'><strong>modo</strong></span> <span class='ocrx_word' id='word_1_31' title='bbox 927 840 1083 923; x_wconf 88' lang='lat' dir='ltr'><strong>devictus,</strong></span> 
     </span>
     <span class='ocr_line' id='line_1_6' title="bbox 79 930 1084 1018; baseline 0.011 -21"><span class='ocrx_word' id='word_1_32' title='bbox 79 933 176 998; x_wconf 89' lang='lat' dir='ltr'><strong>etiam</strong></span> <span class='ocrx_word' id='word_1_33' title='bbox 192 930 283 995; x_wconf 80' lang='lat' dir='ltr'><strong>velut</strong></span> <span class='ocrx_word' id='word_1_34' title='bbox 299 950 316 994; x_wconf 91' lang='lat' dir='ltr'><strong>e</strong></span> <span class='ocrx_word' id='word_1_35' title='bbox 333 951 392 994; x_wconf 91' lang='lat' dir='ltr'><strong>suo</strong></span> <span class='ocrx_word' id='word_1_36' title='bbox 409 930 595 1012; x_wconf 90' lang='lat' dir='ltr'><strong>principatu</strong></span> <span class='ocrx_word' id='word_1_37' title='bbox 618 938 651 996; x_wconf 92' lang='lat' dir='ltr'><strong>et</strong></span> <span class='ocrx_word' id='word_1_38' title='bbox 668 953 767 1015; x_wconf 89' lang='lat' dir='ltr'><strong>regno</strong></span> <span class='ocrx_word' id='word_1_39' title='bbox 790 936 913 1018; x_wconf 83' lang='lat' dir='ltr'><strong>ejectus</strong></span> <span class='ocrx_word' id='word_1_40' title='bbox 936 941 1084 1008; x_wconf 82' lang='lat' dir='ltr'><strong>exsulare</strong></span> 
     </span>
     <span class='ocr_line' id='line_1_7' title="bbox 71 1026 1084 1117; baseline 0.009 -20"><span class='ocrx_word' id='word_1_41' title='bbox 71 1039 146 1097; x_wconf 76' lang='lat' dir='ltr'><strong>atur.</strong></span> <span class='ocrx_word' id='word_1_42' title='bbox 188 1030 312 1094; x_wconf 86' lang='lat' dir='ltr'><strong>Rursus</strong></span> <span class='ocrx_word' id='word_1_43' title='bbox 341 1026 431 1093; x_wconf 89' lang='lat' dir='ltr'><strong>dolet</strong></span> <span class='ocrx_word' id='word_1_44' title='bbox 451 1027 509 1107; x_wconf 92' lang='lat' dir='ltr'><strong>illi,</strong></span> <span class='ocrx_word' id='word_1_45' title='bbox 540 1029 706 1094; x_wconf 76' lang='lat' dir='ltr'><strong>Christum</strong></span> <span class='ocrx_word' id='word_1_46' title='bbox 734 1031 882 1117; x_wconf 83' lang='lat' dir='ltr'><strong>adeoque</strong></span> <span class='ocrx_word' id='word_1_47' title='bbox 903 1042 971 1102; x_wconf 89' lang='lat' dir='ltr'><strong>tres</strong></span> <span class='ocrx_word' id='word_1_48' title='bbox 993 1061 1084 1106; x_wconf 90' lang='lat' dir='ltr'><strong>sanc-</strong></span> 
     </span>
     <span class='ocr_line' id='line_1_8' title="bbox 71 1127 1084 1219; baseline 0.01 -24"><span class='ocrx_word' id='word_1_49' title='bbox 71 1135 147 1195; x_wconf 73' lang='lat' dir='ltr'><strong>lmae</strong></span> <span class='ocrx_word' id='word_1_50' title='bbox 167 1127 337 1194; x_wconf 79' lang='lat' dir='ltr'><strong>Trinitatis</strong></span> <span class='ocrx_word' id='word_1_51' title='bbox 365 1148 521 1209; x_wconf 84' lang='lat' dir='ltr'><strong>personas</strong></span> <span class='ocrx_word' id='word_1_52' title='bbox 549 1134 618 1192; x_wconf 90' lang='lat' dir='ltr'><strong>tam</strong></span> <span class='ocrx_word' id='word_1_53' title='bbox 646 1128 791 1212; x_wconf 88' lang='lat' dir='ltr'><strong>impense</strong></span> <span class='ocrx_word' id='word_1_54' title='bbox 820 1139 854 1197; x_wconf 93' lang='lat' dir='ltr'><strong>et</strong></span> <span class='ocrx_word' id='word_1_55' title='bbox 876 1155 916 1198; x_wconf 89' lang='lat' dir='ltr'><strong>ex</strong></span> <span class='ocrx_word' id='word_1_56' title='bbox 936 1137 1084 1219; x_wconf 89' lang='lat' dir='ltr'><strong>professo</strong></span> 
     </span>
     <span class='ocr_line' id='line_1_9' title="bbox 88 1226 1084 1319; baseline 0.003 -24"><span class='ocrx_word' id='word_1_57' title='bbox 88 1237 192 1295; x_wconf 91' lang='lat' dir='ltr'><strong>totam</strong></span> <span class='ocrx_word' id='word_1_58' title='bbox 213 1226 392 1291; x_wconf 82' lang='lat' dir='ltr'><strong>Ecclesiam</strong></span> <span class='ocrx_word' id='word_1_59' title='bbox 420 1227 454 1290; x_wconf 91' lang='lat' dir='ltr'><strong>in</strong></span> <span class='ocrx_word' id='word_1_60' title='bbox 476 1227 538 1292; x_wconf 92' lang='lat' dir='ltr'><strong>hac</strong></span> <span class='ocrx_word' id='word_1_61' title='bbox 566 1249 631 1292; x_wconf 92' lang='lat' dir='ltr'><strong>una</strong></span> <span class='ocrx_word' id='word_1_62' title='bbox 652 1229 803 1311; x_wconf 90' lang='lat' dir='ltr'><strong>muliere,</strong></span> <span class='ocrx_word' id='word_1_63' title='bbox 834 1232 907 1316; x_wconf 94' lang='lat' dir='ltr'><strong>plus</strong></span> <span class='ocrx_word' id='word_1_64' title='bbox 930 1257 1028 1319; x_wconf 88' lang='lat' dir='ltr'><strong>quam</strong></span> <span class='ocrx_word' id='word_1_65' title='bbox 1049 1240 1084 1304; x_wconf 86' lang='lat' dir='ltr'><strong>in</strong></span> 
     </span>
     <span class='ocr_line' id='line_1_10' title="bbox 71 1325 1083 1420; baseline 0.011 -28"><span class='ocrx_word' id='word_1_66' title='bbox 71 1328 186 1412; x_wconf 70' lang='lat' dir='ltr'><strong>tpuris</strong></span> <span class='ocrx_word' id='word_1_67' title='bbox 214 1325 372 1391; x_wconf 84' lang='lat' dir='ltr'><strong>creaturis</strong></span> <span class='ocrx_word' id='word_1_68' title='bbox 399 1326 562 1404; x_wconf 90' lang='lat' dir='ltr'><strong>omnibus,</strong></span> <span class='ocrx_word' id='word_1_69' title='bbox 592 1327 775 1410; x_wconf 88' lang='lat' dir='ltr'><strong>glorificari.</strong></span> <span class='ocrx_word' id='word_1_70' title='bbox 820 1332 919 1399; x_wconf 90' lang='lat' dir='ltr'><strong>Dolet</strong></span> <span class='ocrx_word' id='word_1_71' title='bbox 941 1335 1083 1420; x_wconf 90' lang='lat' dir='ltr'><strong>insuper,</strong></span> 
     </span>
     <span class='ocr_line' id='line_1_11' title="bbox 71 1424 1084 1510; baseline 0.01 -18"><span class='ocrx_word' id='word_1_72' title='bbox 71 1428 165 1493; x_wconf 79' lang='lat' dir='ltr'><strong>rantis</strong></span> <span class='ocrx_word' id='word_1_73' title='bbox 202 1446 275 1490; x_wconf 92' lang='lat' dir='ltr'><strong>cum</strong></span> <span class='ocrx_word' id='word_1_74' title='bbox 308 1424 436 1490; x_wconf 86' lang='lat' dir='ltr'><strong>Christo</strong></span> <span class='ocrx_word' id='word_1_75' title='bbox 470 1425 586 1490; x_wconf 90' lang='lat' dir='ltr'><strong>Matris</strong></span> <span class='ocrx_word' id='word_1_76' title='bbox 619 1427 908 1510; x_wconf 81' lang='lat' dir='ltr'><strong>incomparabilem</strong></span> <span class='ocrx_word' id='word_1_77' title='bbox 940 1434 1084 1502; x_wconf 89' lang='lat' dir='ltr'><strong>beatitu-</strong></span> 
     </span>
     <span class='ocr_line' id='line_1_12' title="bbox 71 1524 1084 1610; baseline 0.008 -18"><span class='ocrx_word' id='word_1_78' title='bbox 71 1552 124 1607; x_wconf 80' lang='lat' dir='ltr'><strong>=m,</strong></span> <span class='ocrx_word' id='word_1_79' title='bbox 155 1548 193 1592; x_wconf 89' lang='lat' dir='ltr'><strong>ac</strong></span> <span class='ocrx_word' id='word_1_80' title='bbox 221 1524 418 1608; x_wconf 89' lang='lat' dir='ltr'><strong>singularem</strong></span> <span class='ocrx_word' id='word_1_81' title='bbox 446 1525 583 1610; x_wconf 84' lang='lat' dir='ltr'><strong>gloriam</strong></span> <span class='ocrx_word' id='word_1_82' title='bbox 611 1526 644 1590; x_wconf 91' lang='lat' dir='ltr'><strong>in</strong></span> <span class='ocrx_word' id='word_1_83' title='bbox 666 1528 843 1594; x_wconf 87' lang='lat' dir='ltr'><strong>multorum</strong></span> <span class='ocrx_word' id='word_1_84' title='bbox 871 1532 988 1598; x_wconf 92' lang='lat' dir='ltr'><strong>animis</strong></span> <span class='ocrx_word' id='word_1_85' title='bbox 1010 1557 1084 1600; x_wconf 91' lang='lat' dir='ltr'><strong>cum</strong></span> 
     </span>
     <span class='ocr_line' id='line_1_13' title="bbox 71 1623 1083 1710; baseline 0.005 -17"><span class='ocrx_word' id='word_1_86' title='bbox 71 1629 134 1694; x_wconf 71' lang='lat' dir='ltr'><strong>,fico</strong></span> <span class='ocrx_word' id='word_1_87' title='bbox 156 1625 275 1710; x_wconf 89' lang='lat' dir='ltr'><strong>gaudio</strong></span> <span class='ocrx_word' id='word_1_88' title='bbox 297 1623 432 1706; x_wconf 89' lang='lat' dir='ltr'><strong>spiritus</strong></span> <span class='ocrx_word' id='word_1_89' title='bbox 459 1625 560 1689; x_wconf 89' lang='lat' dir='ltr'><strong>toties</strong></span> <span class='ocrx_word' id='word_1_90' title='bbox 588 1627 737 1691; x_wconf 85' lang='lat' dir='ltr'><strong>renovari</strong></span> <span class='ocrx_word' id='word_1_91' title='bbox 759 1677 766 1690; x_wconf 88' lang='lat'><em>.</em></span> <span class='ocrx_word' id='word_1_92' title='bbox 790 1677 796 1691; x_wconf 94' lang='lat'><strong>.</strong></span> <span class='ocrx_word' id='word_1_93' title='bbox 820 1678 827 1692; x_wconf 89' lang='lat'><strong>.</strong></span> <span class='ocrx_word' id='word_1_94' title='bbox 851 1679 858 1692; x_wconf 93' lang='lat'>.</span> <span class='ocrx_word' id='word_1_95' title='bbox 893 1631 928 1697; x_wconf 82' lang='lat' dir='ltr'><strong>si</strong></span> <span class='ocrx_word' id='word_1_96' title='bbox 958 1631 997 1696; x_wconf 92' lang='lat' dir='ltr'><strong>de</strong></span> <span class='ocrx_word' id='word_1_97' title='bbox 1025 1633 1083 1699; x_wconf 91' lang='lat' dir='ltr'><strong>ho·</strong></span> 
     </span>
     <span class='ocr_line' id='line_1_14' title="bbox 71 1722 1082 1814; baseline 0.006 -23"><span class='ocrx_word' id='word_1_98' title='bbox 71 1749 123 1791; x_wconf 91' lang='lat' dir='ltr'><strong>um</strong></span> <span class='ocrx_word' id='word_1_99' title='bbox 152 1724 312 1790; x_wconf 89' lang='lat' dir='ltr'><strong>coecitate</strong></span> <span class='ocrx_word' id='word_1_100' title='bbox 342 1743 380 1787; x_wconf 90' lang='lat' dir='ltr'><strong>ac</strong></span> <span class='ocrx_word' id='word_1_101' title='bbox 409 1722 645 1806; x_wconf 81' lang='lat' dir='ltr'><strong>ingratitudine</strong></span> <span class='ocrx_word' id='word_1_102' title='bbox 675 1724 848 1792; x_wconf 87' lang='lat' dir='ltr'><strong>dicendum</strong></span> <span class='ocrx_word' id='word_1_103' title='bbox 882 1736 946 1810; x_wconf 88' lang='lat' dir='ltr'><strong>est,</strong></span> <span class='ocrx_word' id='word_1_104' title='bbox 984 1752 1082 1814; x_wconf 89' lang='lat' dir='ltr'><strong>quam</strong></span> 
     </span>
     <span class='ocr_line' id='line_1_15' title="bbox 71 1822 1081 1911; baseline 0.004 -20"><span class='ocrx_word' id='word_1_105' title='bbox 71 1828 95 1892; x_wconf 91' lang='lat' dir='ltr'><strong>ti</strong></span> <span class='ocrx_word' id='word_1_106' title='bbox 112 1824 210 1889; x_wconf 91' lang='lat' dir='ltr'><strong>hodie</strong></span> <span class='ocrx_word' id='word_1_107' title='bbox 232 1822 449 1901; x_wconf 89' lang='lat' dir='ltr'><strong>inveniuntur,</strong></span> <span class='ocrx_word' id='word_1_108' title='bbox 470 1822 527 1905; x_wconf 92' lang='lat' dir='ltr'><strong>qui</strong></span> <span class='ocrx_word' id='word_1_109' title='bbox 544 1823 699 1888; x_wconf 87' lang='lat' dir='ltr'><strong>satanicis</strong></span> <span class='ocrx_word' id='word_1_110' title='bbox 717 1827 902 1909; x_wconf 85' lang='lat' dir='ltr'><strong>praestigiis</strong></span> <span class='ocrx_word' id='word_1_111' title='bbox 922 1829 1081 1911; x_wconf 87' lang='lat' dir='ltr'><strong>impediti,</strong></span> 
     </span>
     <span class='ocr_line' id='line_1_16' title="bbox 71 1922 1083 2010; baseline 0.004 -20"><span class='ocrx_word' id='word_1_112' title='bbox 71 1929 123 1991; x_wconf 90' lang='lat' dir='ltr'><strong>iae</strong></span> <span class='ocrx_word' id='word_1_113' title='bbox 146 1975 152 1987; x_wconf 95' lang='lat'><em>.</em></span> <span class='ocrx_word' id='word_1_114' title='bbox 173 1974 180 1988; x_wconf 88' lang='lat'><strong>.</strong></span> <span class='ocrx_word' id='word_1_115' title='bbox 204 1973 211 1987; x_wconf 92' lang='lat'><strong>.</strong></span> <span class='ocrx_word' id='word_1_116' title='bbox 235 1973 241 1986; x_wconf 92' lang='lat'><strong>.</strong></span> <span class='ocrx_word' id='word_1_117' title='bbox 265 1922 389 1988; x_wconf 89' lang='lat' dir='ltr'><strong>cultum</strong></span> <span class='ocrx_word' id='word_1_118' title='bbox 417 1943 545 1987; x_wconf 90' lang='lat' dir='ltr'><strong>omnem</strong></span> <span class='ocrx_word' id='word_1_119' title='bbox 565 1922 672 1987; x_wconf 89' lang='lat' dir='ltr'><strong>ridere</strong></span> <span class='ocrx_word' id='word_1_120' title='bbox 692 1925 802 2006; x_wconf 91' lang='lat' dir='ltr'><strong>potius</strong></span> <span class='ocrx_word' id='word_1_121' title='bbox 824 1947 921 2010; x_wconf 90' lang='lat' dir='ltr'><strong>quam</strong></span> <span class='ocrx_word' id='word_1_122' title='bbox 942 1927 1083 2009; x_wconf 89' lang='lat' dir='ltr'><strong>probare</strong></span> 
     </span>
     <span class='ocr_line' id='line_1_17' title="bbox 71 2020 1084 2106; baseline 0.004 -17"><span class='ocrx_word' id='word_1_123' title='bbox 71 2031 129 2103; x_wconf 73' lang='lat' dir='ltr'><strong>lnt3</strong></span> <span class='ocrx_word' id='word_1_124' title='bbox 153 2023 274 2106; x_wconf 91' lang='lat' dir='ltr'><strong>quique</strong></span> <span class='ocrx_word' id='word_1_125' title='bbox 292 2020 458 2086; x_wconf 83' lang='lat' dir='ltr'><strong>Ecclesiae</strong></span> <span class='ocrx_word' id='word_1_126' title='bbox 480 2022 514 2085; x_wconf 91' lang='lat' dir='ltr'><strong>in</strong></span> <span class='ocrx_word' id='word_1_127' title='bbox 530 2022 663 2104; x_wconf 87' lang='lat' dir='ltr'><strong>Virgine</strong></span> <span class='ocrx_word' id='word_1_128' title='bbox 683 2023 820 2088; x_wconf 89' lang='lat' dir='ltr'><strong>colenda</strong></span> <span class='ocrx_word' id='word_1_129' title='bbox 842 2031 875 2089; x_wconf 90' lang='lat' dir='ltr'><strong>et</strong></span> <span class='ocrx_word' id='word_1_130' title='bbox 892 2025 1084 2094; x_wconf 88' lang='lat' dir='ltr'><strong>honoranda</strong></span> 
     </span>
     <span class='ocr_line' id='line_1_18' title="bbox 71 2120 1080 2205; baseline 0.002 -16"><span class='ocrx_word' id='word_1_131' title='bbox 71 2127 143 2189; x_wconf 92' lang='lat' dir='ltr'><strong>iose</strong></span> <span class='ocrx_word' id='word_1_132' title='bbox 165 2121 308 2186; x_wconf 87' lang='lat' dir='ltr'><strong>versanti</strong></span> <span class='ocrx_word' id='word_1_133' title='bbox 329 2120 494 2185; x_wconf 87' lang='lat' dir='ltr'><strong>hostiliter</strong></span> <span class='ocrx_word' id='word_1_134' title='bbox 521 2121 735 2186; x_wconf 86' lang='lat' dir='ltr'><strong>adversentur</strong></span> <span class='ocrx_word' id='word_1_135' title='bbox 756 2144 793 2186; x_wconf 89' lang='lat' dir='ltr'><strong>ac</strong></span> <span class='ocrx_word' id='word_1_136' title='bbox 814 2123 1002 2205; x_wconf 89' lang='lat' dir='ltr'><strong>petulanter</strong></span> <span class='ocrx_word' id='word_1_137' title='bbox 1023 2127 1080 2191; x_wconf 93' lang='lat' dir='ltr'><strong>ob-</strong></span> 
     </span>
     <span class='ocr_line' id='line_1_19' title="bbox 71 2219 1082 2304; baseline 0.001 -16"><span class='ocrx_word' id='word_1_138' title='bbox 71 2222 171 2288; x_wconf 80' lang='lat' dir='ltr'><strong>tent.“</strong></span> <span class='ocrx_word' id='word_1_139' title='bbox 222 2220 274 2284; x_wconf 84' lang='lat' dir='ltr'><strong>Sic</strong></span> <span class='ocrx_word' id='word_1_140' title='bbox 303 2219 368 2283; x_wconf 91' lang='lat' dir='ltr'><strong>ille.</strong></span> <span class='ocrx_word' id='word_1_141' title='bbox 420 2220 604 2302; x_wconf 88' lang='lat' dir='ltr'><strong>Antequam</strong></span> <span class='ocrx_word' id='word_1_142' title='bbox 633 2220 757 2285; x_wconf 92' lang='lat' dir='ltr'><strong>cultum</strong></span> <span class='ocrx_word' id='word_1_143' title='bbox 785 2221 815 2285; x_wconf 92' lang='lat' dir='ltr'><strong>b.</strong></span> <span class='ocrx_word' id='word_1_144' title='bbox 838 2222 964 2304; x_wconf 90' lang='lat' dir='ltr'><strong>Virgini</strong></span> <span class='ocrx_word' id='word_1_145' title='bbox 992 2225 1082 2289; x_wconf 89' lang='lat' dir='ltr'><strong>exhi-</strong></span> 
     </span>
     <span class='ocr_line' id='line_1_20' title="bbox 71 2319 1078 2402; baseline 0 -14"><span class='ocrx_word' id='word_1_146' title='bbox 71 2325 139 2388; x_wconf 92' lang='lat' dir='ltr'><strong>lum</strong></span> <span class='ocrx_word' id='word_1_147' title='bbox 171 2327 287 2386; x_wconf 89' lang='lat' dir='ltr'><strong>contra</strong></span> <span class='ocrx_word' id='word_1_148' title='bbox 318 2319 577 2402; x_wconf 88' lang='lat' dir='ltr'><strong>Mariomastiges</strong></span> <span class='ocrx_word' id='word_1_149' title='bbox 613 2327 813 2400; x_wconf 89' lang='lat' dir='ltr'><strong>astruamus,</strong></span> <span class='ocrx_word' id='word_1_150' title='bbox 849 2322 1006 2387; x_wconf 91' lang='lat' dir='ltr'><strong>nonnulla</strong></span> <span class='ocrx_word' id='word_1_151' title='bbox 1039 2323 1078 2388; x_wconf 90' lang='lat' dir='ltr'><strong>de</strong></span> 
     </span>
     <span class='ocr_line' id='line_1_21' title="bbox 71 2418 854 2501; baseline -0.003 -15"><span class='ocrx_word' id='word_1_152' title='bbox 71 2445 104 2486; x_wconf 89' lang='lat' dir='ltr'><strong>us</strong></span> <span class='ocrx_word' id='word_1_153' title='bbox 125 2427 246 2485; x_wconf 89' lang='lat' dir='ltr'><strong>natura</strong></span> <span class='ocrx_word' id='word_1_154' title='bbox 267 2440 305 2482; x_wconf 90' lang='lat' dir='ltr'><strong>ao</strong></span> <span class='ocrx_word' id='word_1_155' title='bbox 327 2418 484 2482; x_wconf 88' lang='lat' dir='ltr'><strong>divisione</strong></span> <span class='ocrx_word' id='word_1_156' title='bbox 505 2419 748 2501; x_wconf 86' lang='lat' dir='ltr'><strong>praemittenda</strong></span> <span class='ocrx_word' id='word_1_157' title='bbox 769 2427 854 2486; x_wconf 89' lang='lat' dir='ltr'><strong>sunt.</strong></span> 
     </span>
    </p>

    <p class='ocr_par' dir='ltr' id='par_1_3' title="bbox 71 2509 1153 3396">
     <span class='ocr_line' id='line_1_22' title="bbox 71 2509 1153 2602; baseline 0 -16"><span class='ocrx_word' id='word_1_158' title='bbox 71 2573 85 2586; x_wconf 86' lang='lat'><strong>..</strong></span> <span class='ocrx_word' id='word_1_159' title='bbox 127 2520 269 2586; x_wconf 87' lang='lat' dir='ltr'><strong>Cultus</strong></span> <span class='ocrx_word' id='word_1_160' title='bbox 301 2517 367 2583; x_wconf 85' lang='lat' dir='ltr'><strong>sive</strong></span> <span class='ocrx_word' id='word_1_161' title='bbox 394 2517 499 2581; x_wconf 92' lang='lat' dir='ltr'><strong>honor</strong></span> <span class='ocrx_word' id='word_1_162' title='bbox 526 2555 566 2563; x_wconf 97' lang='lat'><em>-</em></span> <span class='ocrx_word' id='word_1_163' title='bbox 594 2539 689 2583; x_wconf 89' lang='lat' dir='ltr'><strong>voces</strong></span> <span class='ocrx_word' id='word_1_164' title='bbox 717 2520 751 2583; x_wconf 92' lang='lat' dir='ltr'><strong>in</strong></span> <span class='ocrx_word' id='word_1_165' title='bbox 780 2509 904 2602; x_wconf 85' lang='lat' dir='ltr'><strong>vulgari</strong></span> <span class='ocrx_word' id='word_1_166' title='bbox 933 2540 1081 2586; x_wconf 89' lang='lat' dir='ltr'><strong>sermone</strong></span> <span class='ocrx_word' id='word_1_167' title='bbox 1151 2594 1153 2599; x_wconf 90' lang='lat'><em>.</em></span> 
     </span>
     <span class='ocr_line' id='line_1_23' title="bbox 71 2615 1081 2701; baseline 0 -17"><span class='ocrx_word' id='word_1_168' title='bbox 71 2621 178 2684; x_wconf 91' lang='lat' dir='ltr'><strong>niscue</strong></span> <span class='ocrx_word' id='word_1_169' title='bbox 194 2618 338 2683; x_wconf 89' lang='lat' dir='ltr'><strong>usitatae</strong></span> <span class='ocrx_word' id='word_1_170' title='bbox 353 2653 393 2662; x_wconf 88' lang='lat'><strong>—-</strong></span> <span class='ocrx_word' id='word_1_171' title='bbox 404 2616 500 2698; x_wconf 88' lang='lat' dir='ltr'><strong>juxta</strong></span> <span class='ocrx_word' id='word_1_172' title='bbox 518 2616 547 2680; x_wconf 88' lang='lat' dir='ltr'><strong>d.</strong></span> <span class='ocrx_word' id='word_1_173' title='bbox 564 2616 778 2701; x_wconf 80' lang='lat' dir='ltr'><strong>Thomam1)</strong></span> <span class='ocrx_word' id='word_1_174' title='bbox 797 2615 1081 2698; x_wconf 83' lang='lat' dir='ltr'><strong>„testificationem</strong></span> 
     </span>
     <span class='ocr_line' id='line_1_24' title="bbox 71 2714 1081 2798; baseline -0.005 -14"><span class='ocrx_word' id='word_1_175' title='bbox 71 2721 160 2784; x_wconf 79' lang='lat' dir='ltr'><strong>idam</strong></span> <span class='ocrx_word' id='word_1_176' title='bbox 182 2719 223 2783; x_wconf 88' lang='lat' dir='ltr'><strong>de</strong></span> <span class='ocrx_word' id='word_1_177' title='bbox 250 2715 443 2781; x_wconf 87' lang='lat' dir='ltr'><strong>excellentia</strong></span> <span class='ocrx_word' id='word_1_178' title='bbox 471 2714 628 2798; x_wconf 88' lang='lat' dir='ltr'><strong>alicujus“</strong></span> <span class='ocrx_word' id='word_1_179' title='bbox 650 2717 816 2798; x_wconf 91' lang='lat' dir='ltr'><strong>importat.</strong></span> <span class='ocrx_word' id='word_1_180' title='bbox 861 2714 1002 2797; x_wconf 82' lang='lat' dir='ltr'><strong>„Honor‚</strong></span> <span class='ocrx_word' id='word_1_181' title='bbox 1032 2717 1081 2780; x_wconf 87' lang='lat' dir='ltr'><strong>in·</strong></span> 
     </span>
     <span class='ocr_line' id='line_1_25' title="bbox 95 2814 1080 2899; baseline 0 -17"><span class='ocrx_word' id='word_1_182' title='bbox 95 2841 119 2882; x_wconf 90' lang='lat' dir='ltr'><strong>s.</strong></span> <span class='ocrx_word' id='word_1_183' title='bbox 151 2816 317 2898; x_wconf 78' lang='lat' dir='ltr'><strong>Doctor‚²)</strong></span> <span class='ocrx_word' id='word_1_184' title='bbox 347 2814 520 2879; x_wconf 89' lang='lat' dir='ltr'><strong>exhibetur</strong></span> <span class='ocrx_word' id='word_1_185' title='bbox 547 2814 646 2880; x_wconf 90' lang='lat' dir='ltr'><strong>alicui</strong></span> <span class='ocrx_word' id='word_1_186' title='bbox 673 2823 810 2899; x_wconf 90' lang='lat' dir='ltr'><strong>propter</strong></span> <span class='ocrx_word' id='word_1_187' title='bbox 836 2815 981 2898; x_wconf 91' lang='lat' dir='ltr'><strong>aliquam</strong></span> <span class='ocrx_word' id='word_1_188' title='bbox 1010 2817 1080 2899; x_wconf 90' lang='lat' dir='ltr'><strong>ejus</strong></span> 
     </span>
     <span class='ocr_line' id='line_1_26' title="bbox 72 2913 1080 2996; baseline -0.004 -14"><span class='ocrx_word' id='word_1_189' title='bbox 72 2917 239 2995; x_wconf 89' lang='lat' dir='ltr'><strong>llentiam,</strong></span> <span class='ocrx_word' id='word_1_190' title='bbox 270 2921 304 2979; x_wconf 91' lang='lat' dir='ltr'><strong>et</strong></span> <span class='ocrx_word' id='word_1_191' title='bbox 324 2915 372 2978; x_wconf 91' lang='lat' dir='ltr'><strong>ita</strong></span> <span class='ocrx_word' id='word_1_192' title='bbox 394 2920 444 2978; x_wconf 91' lang='lat' dir='ltr'><strong>est</strong></span> <span class='ocrx_word' id='word_1_193' title='bbox 466 2914 593 2996; x_wconf 89' lang='lat' dir='ltr'><strong>signum</strong></span> <span class='ocrx_word' id='word_1_194' title='bbox 615 2921 649 2979; x_wconf 88' lang='lat' dir='ltr'><strong>et</strong></span> <span class='ocrx_word' id='word_1_195' title='bbox 669 2914 894 2980; x_wconf 87' lang='lat' dir='ltr'><strong>testimonium</strong></span> <span class='ocrx_word' id='word_1_196' title='bbox 915 2913 1080 2996; x_wconf 91' lang='lat' dir='ltr'><strong>quoddam</strong></span> 
     </span>
     <span class='ocr_line' id='line_1_27' title="bbox 71 3011 1082 3095; baseline -0.005 -14"><span class='ocrx_word' id='word_1_197' title='bbox 71 3040 81 3081; x_wconf 81' lang='lat' dir='ltr'><strong>s</strong></span> <span class='ocrx_word' id='word_1_198' title='bbox 112 3013 334 3091; x_wconf 87' lang='lat' dir='ltr'><strong>excellentiae,</strong></span> <span class='ocrx_word' id='word_1_199' title='bbox 365 3033 448 3095; x_wconf 92' lang='lat' dir='ltr'><strong>quae</strong></span> <span class='ocrx_word' id='word_1_200' title='bbox 478 3017 529 3076; x_wconf 89' lang='lat' dir='ltr'><strong>est</strong></span> <span class='ocrx_word' id='word_1_201' title='bbox 556 3011 589 3076; x_wconf 93' lang='lat' dir='ltr'><strong>in</strong></span> <span class='ocrx_word' id='word_1_202' title='bbox 616 3012 808 3077; x_wconf 82' lang='lat' dir='ltr'><strong>honorato.“</strong></span> <span class='ocrx_word' id='word_1_203' title='bbox 856 3012 947 3089; x_wconf 84' lang='lat' dir='ltr'><strong>Quae</strong></span> <span class='ocrx_word' id='word_1_204' title='bbox 975 3012 1082 3077; x_wconf 87' lang='lat' dir='ltr'><strong>excel·</strong></span> 
     </span>
     <span class='ocr_line' id='line_1_28' title="bbox 71 3109 1078 3198; baseline -0.004 -19"><span class='ocrx_word' id='word_1_205' title='bbox 71 3139 96 3180; x_wconf 88' lang='lat' dir='ltr'><strong>a</strong></span> <span class='ocrx_word' id='word_1_206' title='bbox 116 3136 218 3198; x_wconf 89' lang='lat' dir='ltr'><strong>quum</strong></span> <span class='ocrx_word' id='word_1_207' title='bbox 235 3109 436 3177; x_wconf 91' lang='lat' dir='ltr'><strong>naturalis</strong></span> <span class='ocrx_word' id='word_1_208' title='bbox 455 3116 514 3174; x_wconf 90' lang='lat' dir='ltr'><strong>aut</strong></span> <span class='ocrx_word' id='word_1_209' title='bbox 532 3110 858 3193; x_wconf 89' lang='lat' dir='ltr'><strong>supernaturalis</strong></span> <span class='ocrx_word' id='word_1_210' title='bbox 878 3131 948 3174; x_wconf 90' lang='lat' dir='ltr'><strong>esse</strong></span> <span class='ocrx_word' id='word_1_211' title='bbox 965 3111 1078 3192; x_wconf 89' lang='lat' dir='ltr'><strong>possit,</strong></span> 
     </span>
     <span class='ocr_line' id='line_1_29' title="bbox 71 3209 1080 3294; baseline -0.004 -16"><span class='ocrx_word' id='word_1_212' title='bbox 71 3237 93 3278; x_wconf 90' lang='lat' dir='ltr'><strong>n</strong></span> <span class='ocrx_word' id='word_1_213' title='bbox 116 3213 226 3278; x_wconf 89' lang='lat' dir='ltr'><strong>cultus</strong></span> <span class='ocrx_word' id='word_1_214' title='bbox 247 3211 368 3294; x_wconf 89' lang='lat' dir='ltr'><strong>duplex</strong></span> <span class='ocrx_word' id='word_1_215' title='bbox 386 3210 599 3291; x_wconf 88' lang='lat' dir='ltr'><strong>distinguitur</strong></span> <span class='ocrx_word' id='word_1_216' title='bbox 620 3211 653 3273; x_wconf 92' lang='lat' dir='ltr'><strong>in</strong></span> <span class='ocrx_word' id='word_1_217' title='bbox 675 3210 846 3289; x_wconf 84' lang='lat' dir='ltr'><strong>civilem,</strong></span> <span class='ocrx_word' id='word_1_218' title='bbox 867 3209 1080 3292; x_wconf 87' lang='lat' dir='ltr'><strong>profanum</strong></span> 
     </span>
     <span class='ocr_line' id='line_1_30' title="bbox 76 3309 979 3396; baseline -0.007 -19"><span class='ocrx_word' id='word_1_219' title='bbox 76 3311 306 3396; x_wconf 89' lang='lat' dir='ltr'><strong>politicum,</strong></span> <span class='ocrx_word' id='word_1_220' title='bbox 336 3309 431 3374; x_wconf 92' lang='lat' dir='ltr'><strong>etin</strong></span> <span class='ocrx_word' id='word_1_221' title='bbox 460 3309 700 3391; x_wconf 91' lang='lat' dir='ltr'><strong>religiosum</strong></span> <span class='ocrx_word' id='word_1_222' title='bbox 729 3330 786 3374; x_wconf 92' lang='lat' dir='ltr'><strong>seu</strong></span> <span class='ocrx_word' id='word_1_223' title='bbox 815 3329 979 3374; x_wconf 88' lang='lat' dir='ltr'><strong>sacrum.</strong></span> 
     </span>
    </p>

    <p class='ocr_par' dir='ltr' id='par_1_4' title="bbox 71 3407 1080 3886">
     <span class='ocr_line' id='line_1_31' title="bbox 71 3407 1078 3476; baseline -0.005 -1"><span class='ocrx_word' id='word_1_224' title='bbox 71 3413 89 3476; x_wconf 81' lang='lat' dir='ltr'><strong>li</strong></span> <span class='ocrx_word' id='word_1_225' title='bbox 125 3409 320 3475; x_wconf 88' lang='lat' dir='ltr'><strong>excellentia</strong></span> <span class='ocrx_word' id='word_1_226' title='bbox 355 3407 413 3472; x_wconf 91' lang='lat' dir='ltr'><strong>illa</strong></span> <span class='ocrx_word' id='word_1_227' title='bbox 450 3407 493 3472; x_wconf 90' lang='lat' dir='ltr'><strong>ad</strong></span> <span class='ocrx_word' id='word_1_228' title='bbox 525 3407 652 3472; x_wconf 87' lang='lat' dir='ltr'><strong>civilem</strong></span> <span class='ocrx_word' id='word_1_229' title='bbox 683 3407 850 3473; x_wconf 91' lang='lat' dir='ltr'><strong>homiuum</strong></span> <span class='ocrx_word' id='word_1_230' title='bbox 886 3407 1078 3473; x_wconf 89' lang='lat' dir='ltr'><strong>societatem</strong></span> 
     </span>
     <span class='ocr_line' id='line_1_32' title="bbox 71 3504 1079 3590; baseline -0.007 -14"><span class='ocrx_word' id='word_1_231' title='bbox 71 3513 139 3576; x_wconf 89' lang='lat' dir='ltr'><strong>inet</strong></span> <span class='ocrx_word' id='word_1_232' title='bbox 175 3515 234 3575; x_wconf 91' lang='lat' dir='ltr'><strong>aut</strong></span> <span class='ocrx_word' id='word_1_233' title='bbox 268 3509 303 3573; x_wconf 92' lang='lat' dir='ltr'><strong>in</strong></span> <span class='ocrx_word' id='word_1_234' title='bbox 337 3508 435 3573; x_wconf 89' lang='lat' dir='ltr'><strong>rebus</strong></span> <span class='ocrx_word' id='word_1_235' title='bbox 472 3506 678 3572; x_wconf 88' lang='lat' dir='ltr'><strong>naturalibus</strong></span> <span class='ocrx_word' id='word_1_236' title='bbox 709 3507 818 3590; x_wconf 89' lang='lat' dir='ltr'><strong>posita</strong></span> <span class='ocrx_word' id='word_1_237' title='bbox 854 3511 920 3584; x_wconf 88' lang='lat' dir='ltr'><strong>est,</strong></span> <span class='ocrx_word' id='word_1_238' title='bbox 957 3504 1079 3570; x_wconf 88' lang='lat' dir='ltr'><strong>dicitur</strong></span> 
     </span>
     <span class='ocr_line' id='line_1_33' title="bbox 71 3603 1078 3690; baseline -0.006 -16"><span class='ocrx_word' id='word_1_239' title='bbox 71 3632 100 3674; x_wconf 92' lang='lat' dir='ltr'><strong>1s</strong></span> <span class='ocrx_word' id='word_1_240' title='bbox 129 3629 188 3674; x_wconf 88' lang='lat' dir='ltr'><strong>seu</strong></span> <span class='ocrx_word' id='word_1_241' title='bbox 217 3609 324 3673; x_wconf 83' lang='lat' dir='ltr'><strong>honor·</strong></span> <span class='ocrx_word' id='word_1_242' title='bbox 354 3606 466 3672; x_wconf 85' lang='lat' dir='ltr'><strong>civilis.</strong></span> <span class='ocrx_word' id='word_1_243' title='bbox 517 3606 632 3672; x_wconf 86' lang='lat' dir='ltr'><strong>Cultus</strong></span> <span class='ocrx_word' id='word_1_244' title='bbox 660 3605 832 3690; x_wconf 88' lang='lat' dir='ltr'><strong>religiosus</strong></span> <span class='ocrx_word' id='word_1_245' title='bbox 861 3610 912 3669; x_wconf 95' lang='lat' dir='ltr'><strong>est</strong></span> <span class='ocrx_word' id='word_1_246' title='bbox 941 3603 1078 3668; x_wconf 89' lang='lat' dir='ltr'><strong>alterius</strong></span> 
     </span>
     <span class='ocr_line' id='line_1_34' title="bbox 71 3702 1080 3792; baseline -0.008 -19"><span class='ocrx_word' id='word_1_247' title='bbox 71 3708 237 3792; x_wconf 51' lang='lat' dir='ltr'><strong>¹uperioris</strong></span> <span class='ocrx_word' id='word_1_248' title='bbox 269 3706 413 3792; x_wconf 83' lang='lat' dir='ltr'><strong>generis3</strong></span> <span class='ocrx_word' id='word_1_249' title='bbox 451 3704 624 3770; x_wconf 91' lang='lat' dir='ltr'><strong>exhibetur</strong></span> <span class='ocrx_word' id='word_1_250' title='bbox 655 3705 741 3768; x_wconf 93' lang='lat' dir='ltr'><strong>enim</strong></span> <span class='ocrx_word' id='word_1_251' title='bbox 778 3703 819 3770; x_wconf 93' lang='lat' dir='ltr'><strong>ob</strong></span> <span class='ocrx_word' id='word_1_252' title='bbox 855 3702 947 3767; x_wconf 90' lang='lat' dir='ltr'><strong>dotes</strong></span> <span class='ocrx_word' id='word_1_253' title='bbox 979 3723 1080 3785; x_wconf 88' lang='lat' dir='ltr'><strong>supra</strong></span> 
     </span>
     <span class='ocr_line' id='line_1_35' title="bbox 71 3800 1079 3886; baseline -0.006 -14"><span class='ocrx_word' id='word_1_254' title='bbox 71 3829 121 3872; x_wconf 89' lang='lat' dir='ltr'><strong>em</strong></span> <span class='ocrx_word' id='word_1_255' title='bbox 142 3813 295 3872; x_wconf 88' lang='lat' dir='ltr'><strong>naturam</strong></span> <span class='ocrx_word' id='word_1_256' title='bbox 316 3805 514 3870; x_wconf 83' lang='lat' dir='ltr'><strong>constitutas</strong></span> <span class='ocrx_word' id='word_1_257' title='bbox 535 3803 788 3886; x_wconf 88' lang='lat' dir='ltr'><strong>nominaturque</strong></span> <span class='ocrx_word' id='word_1_258' title='bbox 810 3800 989 3884; x_wconf 88' lang='lat' dir='ltr'><strong>religiosus,</strong></span> <span class='ocrx_word' id='word_1_259' title='bbox 1011 3821 1079 3866; x_wconf 89' lang='lat' dir='ltr'><strong>non</strong></span> 
     </span>
    </p>
   </div>
   <div class='ocr_carea' id='block_1_3' title="bbox 71 3961 815 4085">
    <p class='ocr_par' dir='ltr' id='par_1_5' title="bbox 71 3961 815 4085">
     <span class='ocr_line' id='line_1_36' title="bbox 71 3961 815 4085; baseline -0.004 -27"><span class='ocrx_word' id='word_1_260' title='bbox 71 4008 136 4084; x_wconf 56' lang='lat'><strong>*23⁸</strong></span> <span class='ocrx_word' id='word_1_261' title='bbox 155 4007 198 4082; x_wconf 61' lang='lat' dir='ltr'><strong>ag</strong></span> <span class='ocrx_word' id='word_1_262' title='bbox 215 4021 242 4072; x_wconf 85' lang='lat' dir='ltr'><strong>q.</strong></span> <span class='ocrx_word' id='word_1_263' title='bbox 259 4001 331 4070; x_wconf 85' lang='lat' dir='ltr'><strong>cur,</strong></span> <span class='ocrx_word' id='word_1_264' title='bbox 349 4020 373 4059; x_wconf 71' lang='lat' dir='ltr'><strong>a.</strong></span> <span class='ocrx_word' id='word_1_265' title='bbox 392 4007 414 4057; x_wconf 88' lang='lat'><strong>1.</strong></span> <span class='ocrx_word' id='word_1_266' title='bbox 448 4004 470 4071; x_wconf 66' lang='grc'><strong>2)</strong></span> <span class='ocrx_word' id='word_1_267' title='bbox 488 4005 528 4082; x_wconf 59' lang='lat'><strong>¹}</strong></span> <span class='ocrx_word' id='word_1_268' title='bbox 546 4005 588 4085; x_wconf 63' lang='lat' dir='ltr'><strong>ag</strong></span> <span class='ocrx_word' id='word_1_269' title='bbox 605 4021 631 4073; x_wconf 84' lang='lat' dir='ltr'><strong>q.</strong></span> <span class='ocrx_word' id='word_1_270' title='bbox 649 4003 685 4067; x_wconf 86' lang='lat' dir='ltr'><strong>n,</strong></span> <span class='ocrx_word' id='word_1_271' title='bbox 704 4020 727 4057; x_wconf 78' lang='lat' dir='ltr'><strong>a.</strong></span> <span class='ocrx_word' id='word_1_272' title='bbox 745 4005 769 4057; x_wconf 86' lang='lat' dir='ltr'><strong>a</strong></span> <span class='ocrx_word' id='word_1_273' title='bbox 810 3961 815 3970; x_wconf 63' lang='grc'><strong>’</strong></span> 
     </span>
    </p>
   </div>
   <div class='ocr_carea' id='block_1_4' title="bbox 0 0 1396 4554">
    <p class='ocr_par' dir='ltr' id='par_1_6' title="bbox 0 0 1396 4554">
     <span class='ocr_line' id='line_1_37' title="bbox 0 0 1396 4554; baseline 0 0"><span class='ocrx_word' id='word_1_274' title='bbox 0 0 1396 4554; x_wconf 95' lang='lat' dir='ltr'><strong> </strong></span> 
     </span>
    </p>
   </div>
  </div>
 </body>
</html>
