2718 4556
555 345 612 406 361

66 507 136 572 tione
153 506 299 590 angelica
314 505 492 588 reputabat
509 506 705 589 indignam.“
738 505 903 570 Consonat
920 527 943 570 s.
961 505 1127 570 Thomas

66 606 189 671 allilla
209 625 321 670 nova:
333 608 357 687 ¹)
380 605 472 686 ,Etsi
491 606 575 668 enim
594 605 685 688 prius
702 604 843 686 Angelos
862 605 997 683 viderat,
1017 611 1127 669 tamen

65 725 114 769 non
146 705 207 770 tali
241 704 413 787 majestate
451 703 623 786 fulgentes.
682 702 851 767 Turbabat
890 710 1001 768 autem
1038 703 1129 768 illam

64 806 147 869 nimia
167 805 236 887 ejus
257 802 425 867 humilitas
448 808 481 866 et
503 802 694 867 admiranda
716 803 830 884 Angeli
850 803 994 881 novitas,
1017 802 1130 868 videns

65 904 95 968 ad
121 904 251 968 humilis
278 901 407 984 puellae
436 901 536 983 pedes
565 907 767 983 prostratum
795 900 955 983 Angelum
986 900 1130 965 salutan-

67 1006 148 1066 tem.“
178 1002 303 1068 Similia
320 1000 469 1065 audimus
487 1021 526 1064 ex
545 1021 600 1064 ore
623 1022 646 1064 s.
665 999 876 1064 Laurentii
896 999 1128 1063 iustiniani.

63 1103 123 1182 ,ld
139 1103 233 1186 hujus
255 1099 462 1166 salutationis
484 1119 596 1162 vocem
617 1099 748 1182 expavit
769 1119 824 1162 cor
840 1098 991 1179 Virginis,
1011 1099 1127 1182 inquit,

64 1207 87 1264 et
107 1203 137 1265 in
158 1223 191 1266 se
212 1202 285 1284 ipsa
306 1197 441 1263 turbata
462 1204 527 1276 est,
553 1218 619 1261 non
641 1218 680 1261 ex
701 1204 836 1280 aspectu
857 1197 1012 1280 angelico,
1029 1197 1129 1280 quasi

63 1299 195 1364 insolito:
219 1300 339 1382 qnippe
361 1319 461 1380 quum
479 1297 602 1380 jugiter
622 1296 818 1361 visitabatur
841 1296 882 1361 ab
904 1296 984 1376 illis,
1008 1297 1065 1361 sed
1087 1298 1128 1362 ob

12 1437 13 1442 κ
64 1400 274 1464 excellentiam
296 1396 397 1461 divini
420 1397 597 1478 praesagii,
627 1395 714 1479 quod
735 1396 869 1479 propria
896 1397 1014 1460 merita
1035 1417 1128 1478 prae-

63 1498 164 1562 cellere
185 1497 373 1562 videbatur:
407 1494 465 1558 illa
485 1516 625 1578 namque
653 1493 791 1559 nibilum
819 1517 914 1559 suum
935 1494 1026 1578 prole
1055 1516 1129 1577 cog-

63 1616 192 1671 noscens
215 1595 296 1660 nihil
318 1594 403 1658 tanti
425 1593 548 1658 oraculi
573 1593 705 1676 dignum
726 1593 789 1657 sibi
811 1615 880 1658 csse
902 1593 1086 1658 cernebat.“

63 1705 64 1710 ’
116 1700 140 1760 d.
185 1694 341 1758 Turbatio
384 1693 414 1756 b.
455 1691 597 1775 Virginis
635 1693 849 1775 proveniebat
887 1715 931 1756 ex
973 1692 1129 1757 affectu
1206 1726 1210 1733 ·

63 1794 221 1872 timoris,
257 1814 320 1876 quo
351 1792 489 1855 timebat
517 1792 749 1874 virginitati
778 1813 870 1856 suae
899 1813 968 1875 per
996 1799 1128 1856 votum

62 1890 129 1956 Deo
147 1898 427 1957 consecratae.
470 1891 616 1954 Turbata
645 1897 695 1955 est
716 1893 832 1956 timore
854 1892 932 1955 mali
960 1891 1128 1974 cujusdam

61 1990 261 2071 imminentis;
290 1989 416 2054 nullum
437 2011 511 2054 vero
534 1989 625 2054 aliud
647 1989 768 2054 malum
795 1990 829 2052 in
859 1990 889 2054 b.
915 1990 1053 2072 Virginis
1075 2011 1128 2052 co-

61 2088 203 2169 gitatione
233 2089 441 2154 salutationis
469 2089 634 2173 angelicae
667 2090 834 2155 occasione
863 2090 994 2168 aderat,
1030 2111 1128 2172 quam

60 2188 244 2269 virginitatis
263 2189 401 2271 jactura.

113 2287 169 2352 Est
197 2287 361 2352 sententia
389 2309 413 2351 s.
437 2287 610 2369 Augustini
619 2287 644 2370 2)
675 2294 709 2352 et
728 2310 752 2354 s.
776 2287 925 2369 Gregorii
945 2287 1126 2370 Nysseni.³)

57 2382 216 2470 ,Angelus
232 2387 340 2470 inquit
358 2409 382 2450 s.
401 2387 625 2470 Gregorius,
644 2394 776 2470 partum
794 2387 976 2464 denuntiat,
993 2386 1050 2450 illa
1065 2387 1128 2449 vir-

60 2484 216 2564 ginitatem
231 2486 468 2568 complectitur,
485 2486 672 2550 castitatem
686 2485 874 2569 praeferens
889 2485 1055 2568 angelicae
1071 2507 1129 2567 ap·

60 2585 216 2663 paritioni,
240 2606 305 2648 non
327 2583 415 2667 quod
435 2605 500 2649 non
521 2590 608 2648 esset
630 2584 784 2649 obediens
806 2585 934 2649 divinae
955 2585 1127 2662 voluntati,

61 2682 109 2744 sed
128 2684 210 2766 quod
233 2683 345 2760 vellet,
369 2683 397 2746 si
417 2690 544 2765 posset,
574 2683 796 2766 virginitatem
816 2685 975 2748 servare.“
1018 2685 1129 2749 Etiam

63 2778 194 2847 Doctor
220 2781 444 2846 Mellifluus
472 2782 555 2846 hano
585 2783 714 2847 videtur
743 2783 897 2865 amplecti
926 2784 1126 2866 opinionem:

62 2879 164 2957 ,Forte
201 2883 287 2946 enim
319 2888 495 2965 propterea
525 2883 630 2965 primo
663 2883 798 2947 turbata
833 2889 883 2947 est
914 2884 948 2946 in
980 2904 1128 2948 sermone

62 2978 132 3058 ejuS,
162 2988 195 3046 et
224 2981 465 3064 ,cogitabat,
498 2982 628 3065 qualis
658 2988 763 3046 esset
790 2982 871 3046 ista
899 2981 1127 3059 salutatio,“

62 3079 137 3157 qnod
161 3079 367 3144 benedictam
396 3099 467 3146 sese
495 3081 641 3146 audisset
669 3083 702 3146 in
731 3081 935 3159 mulieribus,
968 3102 1051 3163 quae
1079 3081 1129 3144 ni-

61 3176 165 3241 mirum
195 3178 344 3243 benedici
376 3180 410 3242 in
441 3180 620 3262 virginibus
653 3201 780 3262 semper
814 3180 960 3262 optabat.
1013 3180 1057 3244 Et
1088 3201 1128 3244 ex

61 3281 128 3339 tunc
151 3278 281 3360 quidem
303 3278 477 3360 cogitabat,
501 3279 653 3361 ,qualis
681 3286 787 3343 esset
809 3279 889 3343 ista
910 3279 1127 3343 salutatio“

60 3375 136 3452 quod
163 3377 230 3459 jam
262 3376 428 3442 videretur
460 3399 530 3442 esse
565 3384 725 3461 suspecta.
779 3377 845 3442 Ubi
874 3399 949 3442 uero
988 3380 1022 3444 in
1053 3400 1129 3461 pro-

60 3472 198 3538 missione
217 3474 278 3539 filii
299 3476 508 3541 manifestum
529 3477 726 3560 virginitatis
743 3477 925 3558 periculum
945 3478 1129 3558 videbatur,

59 3588 113 3634 non
133 3574 240 3655 potuit
261 3573 350 3638 ultra
378 3575 597 3654 dissimulare,
629 3577 707 3659 quin
736 3575 875 3642 diceret:
909 3577 1129 3660 ,Quomodo

59 3665 124 3733 liet
153 3672 284 3737 istud?
325 3676 509 3756 quoniam
538 3676 663 3740 virum
695 3699 770 3742 non
803 3680 1028 3760 cognosco.“
1080 3680 1129 3744 Si·

64 3819 246 3834 'Qu—-

117 3905 134 3968 ¹)
151 3904 180 3958 ln
199 3907 281 3960 Cono.
301 3910 313 3958 l
333 3871 372 3960 de¹
386 3910 526 3976 Assumpt.
565 3909 586 3976 2)
604 3909 644 3963 De
663 3911 785 3963 Annunt.
803 3929 884 3968 serm.
902 3916 925 3966 2.
960 3915 980 3980 ³)
998 3911 1074 3968 Orat.
1093 3913 1129 3968 de

59 3979 149 4039 Christi
165 3987 325 4044 Nativitate.
358 3993 379 4056 ⁴)
398 3991 484 4056 Serm.
503 3992 551 4046 inl.
570 3991 703 4046 Octavam
721 3995 861 4064 Assumpt.
