2814 4548
594 326 654 384 603

76 482 109 544 in
129 481 197 544 duc·
218 481 386 558 scinditur,
404 481 438 544 in
460 482 609 564 spiritale
632 485 716 551 etin
739 507 917 552 commune.
951 489 989 552 ln
1008 491 1165 572 spiritale,

76 580 155 663 quia
183 601 296 644 omnes
325 579 495 644 christiani
523 579 643 647 tratres
672 583 894 649 nominamur:
934 587 1038 667 „Ecce
1067 611 1167 672 quam

76 680 200 744 bonum
222 686 256 743 et
278 701 376 761 quam
393 679 589 762 jucundum,
618 681 768 748 habitare
790 683 911 750 fratres
940 685 974 749 in
996 690 1128 752 unumf‘
1142 691 1166 770 ¹)

75 780 248 861 Interrogo
284 799 385 856 nunc,
419 780 516 861 juxta
543 801 641 862 quem
669 782 801 852 modum
829 783 950 850 fratres
973 785 1105 852 Domini
1132 789 1167 852 in

76 879 254 961 Evangelio
296 877 461 961 intelligas
504 878 687 962 appellari?
735 881 837 946 Juxta
875 887 1052 950 naturam?
1102 886 1166 952 Sed

77 977 250 1060 Scriptura
278 999 343 1041 non
373 976 468 1054 (licit,
500 999 561 1045 nec
590 977 714 1043 Mariae
745 1001 800 1045 eos
828 1004 946 1048 vocans
974 984 1075 1062 filice,
1105 1007 1165 1050 nec

74 1076 207 1159 Josepli.
250 1077 353 1141 Juxta
373 1078 526 1158 gentem?
560 1077 623 1142 Sed
645 1077 824 1143 absurdum
854 1088 919 1159 est,
948 1089 986 1146 nt
1007 1085 1105 1165 pauci
1126 1106 1166 1149 ox

73 1176 204 1257 judaeis
232 1177 339 1242 vocati
368 1175 435 1239 sint
456 1175 590 1254 fratres,
624 1199 723 1260 quum
754 1201 879 1258 omnes,
911 1182 967 1264 qui
996 1182 1043 1246 ibi
1072 1191 1167 1248 erant

75 1274 138 1337 hac
161 1273 232 1356 lege
251 1275 373 1357 judaei,
396 1274 517 1340 fratres
539 1278 709 1359 potuerint
730 1278 900 1360 appellari.
944 1281 1047 1348 Juxta
1069 1281 1166 1346 affec-

76 1380 150 1438 tum
171 1372 305 1436 humani
323 1374 407 1455 juris
437 1396 475 1439 ao
504 1377 661 1457 spiritus?
694 1378 815 1442 Verum
844 1379 872 1442 si
894 1381 955 1458 sic,
986 1382 1042 1464 qui
1063 1383 1166 1465 magis

77 1471 214 1548 fratreS,
245 1493 343 1554 quam
365 1473 530 1555 Apostoli,
562 1497 643 1557 qiios
673 1476 812 1540 docebat
841 1473 1054 1556 intrinsecus,
1085 1502 1166 1562 quos

76 1576 201 1634 matres
223 1571 361 1635 vocabat
383 1579 416 1636 et
438 1571 581 1637 fratres?
614 1575 680 1638 Aut
701 1575 729 1638 si
751 1596 879 1653 omneS,
910 1578 988 1659 quia
1009 1579 1164 1656 homines,

75 1670 213 1747 fratres,
247 1670 385 1735 stultum
417 1672 483 1737 fuit
514 1674 678 1751 nuntiari,
712 1676 806 1757 qnasi
838 1677 1022 1758 proprium:
1060 1677 1165 1757 „Ecce

75 1768 200 1832 fratres
232 1770 282 1833 tui
315 1779 510 1852 quaerentes
545 1774 651 1854 te,“²)
691 1795 792 1856 quum
825 1774 1022 1856 generaliter
1054 1797 1165 1839 omnes

74 1867 226 1932 homines
255 1869 316 1932 hoo
342 1869 415 1951 jure
444 1871 510 1934 sint
538 1870 667 1936 fratres
717 1873 833 1937 Restat
860 1873 976 1955 igitur,
1006 1880 1044 1936 nt
1069 1873 1166 1955 juxta

74 1967 281 2048 superiorem
311 1969 547 2050 expositionem
569 1968 689 2034 fratres
719 1992 774 2034 eos
796 1970 960 2053 intelligas
982 1971 1165 2053 appellatos

76 2065 281 2148 cognatione,
299 2089 363 2130 non
386 2067 516 2145 affectu,
535 2090 600 2132 non
622 2069 729 2150 gentis
747 2068 925 2151 privilegio,
944 2090 1009 2133 non
1030 2076 1163 2134 natura:

76 2165 242 2246 quomodo
264 2167 326 2232 Lot
348 2165 509 2244 Abrahae,
533 2166 695 2250 quomodo
716 2167 818 2231 Jacob
840 2167 954 2232 Laban
983 2174 1033 2232 est
1054 2166 1165 2250 appel-

76 2265 167 2328 latus
185 2263 320 2329 frater.“
358 2265 495 2330 Sanctus
512 2266 635 2330 Ductor
654 2266 768 2330 eadem
786 2267 891 2331 tradit
908 2266 942 2329 in
961 2267 1164 2349 expositione

76 2387 102 2427 s¹
127 2362 296 2445 Evangelii
325 2385 387 2428 sec.
410 2364 544 2429 Matth..
579 2363 666 2446 „Nos
693 2371 813 2443 autem,
843 2365 958 2448 inquit,
967 2368 993 2445 ³)
1025 2365 1110 2431 sicut
1132 2364 1165 2428 in

76 2461 180 2538 libro,
221 2483 318 2544 quem
354 2467 469 2528 c'ontra
503 2463 689 2528 Helvidium
724 2464 927 2546 scripsimus,
968 2463 1164 2540 continetur,

75 2561 199 2625 fratres
230 2561 360 2626 Domini
392 2583 457 2628 non
488 2562 573 2626 filios
598 2562 736 2644 Joseph,
770 2562 828 2627 sed
856 2561 1067 2627 consobrinos
1096 2560 1166 2626 Sal-

76 2659 217 2736 vatoris,
247 2659 371 2724 Mariae
400 2660 521 2724 liberos
551 2660 763 2742 intelligimus
795 2666 993 2726 materterae
1024 2659 1164 2736 Domini,

77 2778 164 2841 quae
200 2779 270 2822 esse
303 2759 424 2825 dicitur
459 2765 565 2823 mater
594 2759 709 2822 Jacobi
741 2759 874 2823 minoris
912 2766 946 2824 et
977 2759 1100 2841 Joseph
1131 2765 1165 2822 et

66 2855 218 2922 'Judae.“

141 2954 332 3020 Plenissime
354 2956 517 3021 consentit
545 2957 575 3020 d.
598 2957 847 3039 Augustinus
876 2956 924 3020 ita
945 2955 1108 3020 disserens
1119 2959 1164 3037 ⁴j:

77 3055 233 3136 ,Fratres
261 3055 350 3138 apud
369 3056 513 3120 Judaoos
543 3056 607 3120 dici
634 3055 738 3120 solere
768 3060 922 3136 cognatos
951 3075 1055 3136 nsque
1082 3052 1164 3118 adeo

77 3152 248 3235 probatur,
272 3160 395 3219 utnon
416 3153 522 3219 solum
544 3175 582 3217 ex
604 3154 788 3236 propinquo
811 3153 1030 3234 generationis
1052 3153 1164 3236 gradu,

77 3253 166 3317 sicut
187 3260 264 3319 sunt
283 3253 344 3317 filii
364 3255 506 3318 fratrum
535 3260 568 3317 et
590 3273 752 3329 sororum,
784 3251 840 3334 qni
867 3251 967 3316 etiam
996 3251 1084 3333 apud
1106 3272 1165 3316 nos

77 3350 293 3415 usitatissime
325 3351 444 3416 fratres
483 3351 652 3428 dicuntur,
692 3350 751 3414 sed
783 3350 884 3414 otiam
920 3349 1099 3413 avrinculus
1132 3356 1166 3414 et

78 3450 202 3514 sororis
229 3448 331 3527 filius,
365 3451 451 3514 sicut
479 3448 542 3512 sibi
571 3455 666 3513 erant
692 3449 795 3513 Jacob
826 3455 859 3513 et
887 3446 1016 3524 Laban,
1046 3445 1165 3512 fratres

77 3547 240 3631 appellati
266 3549 479 3614 inveniantur.
523 3546 596 3611 Non
624 3569 700 3629 ergo
723 3548 841 3611 mirum
870 3552 936 3623 est,
967 3546 1073 3609 dictos
1095 3565 1165 3610 esse

148 3797 167 3863 ¹)
186 3796 229 3850 Ps.
247 3795 382 3862 cxxxii,
401 3799 424 3850 1.
466 3798 487 3860 ³)
505 3794 605 3850 Matth.
632 3795 692 3860 ΧΗ,
710 3799 752 3848 47.
794 3795 816 3860 ³)
834 3797 889 3864 Cap
918 3793 983 3861 x113
1009 3793 1060 3851 cfr.
1085 3791 1165 3860 epist.

80 3884 131 3935 150
148 3895 192 3947 ep.
210 3878 257 3932 lv.
299 3881 321 3946 ⁴)
338 3879 449 3946 Quaest.
471 3880 499 3932 in
518 3877 619 3932 Matth.
639 3880 682 3943 17;
707 3876 758 3935 cfr.
776 3877 824 3931 lib.
846 3881 945 3931 eontra
962 3877 1093 3932 Faustum
1118 3875 1168 3930 lib.

80 3962 264 4030 x11,cp.35.
