2728 4560
557 327 617 388 255

58 490 164 554 habere
185 487 257 552 volo
281 487 536 570 quaestionem.“
578 487 726 570 Utraque
748 508 825 570 ergo
843 491 1022 570 propositio
1044 495 1127 558 veri·
1158 567 1161 573 ¹

58 595 117 654 tate
137 587 306 652 fundatur:

109 687 346 752 Beatissimo
363 686 482 767 Virgo
505 685 703 749 sincerum
720 685 972 768 virginitatis
993 697 1125 755 votum

143 786 276 851 emisit
295 792 333 849 et
350 785 421 848 hoc
443 805 518 848 non
540 784 728 850 obstante
748 807 824 849 non
843 787 966 852 solum
985 789 1125 869 valide,

141 885 207 950 sed
235 884 356 949 etiam
376 882 476 951 licito
501 905 586 948 cum
613 905 637 948 s.
659 883 679 949 J
687 884 807 967 oseph
832 888 1128 954 matrimonium

140 986 242 1050 iniit.
484 999 486 1004 ’
538 987 539 990 ’

108 1086 154 1149 Ex
187 1105 241 1162 ee,
279 1083 366 1166 quod
397 1082 517 1146 veritas
550 1082 683 1147 veritati
719 1083 942 1149 contradicere
973 1093 1126 1169 nequeat,

57 1184 235 1249 concludere
261 1183 330 1265 jam
350 1182 443 1259 licet,
472 1181 626 1246 veritates
655 1181 745 1260 illas,
775 1188 978 1266 quantopere
1006 1185 1128 1250 incom-

55 1283 212 1366 possibiles
235 1287 269 1345 et
290 1281 509 1362 repugnantes
530 1278 710 1358 videantur,
730 1280 851 1362 optime
874 1281 907 1344 in
925 1282 1127 1348 harmoniam

57 1403 139 1464 posse
158 1380 277 1463 redigi,
306 1399 503 1462 quamquam
524 1378 654 1461 ignotus
676 1379 720 1444 sit
740 1379 834 1443 nobis
856 1400 910 1444 eas
933 1383 1127 1448 conciliandi

56 1482 173 1560 modus3
208 1479 397 1562 ignorantie
432 1477 518 1541 enim
552 1477 641 1542 modi
672 1499 737 1542 non
771 1477 860 1544 tollit
895 1480 1126 1546 certitudinem

55 1579 132 1645 sacti.

109 1684 133 1742 1.
161 1677 368 1760 Inquiramus
389 1676 432 1740 ad
451 1674 683 1754 difficultatem,
703 1697 802 1759 quam
820 1698 932 1741 earum
949 1678 1126 1743 veritatum

56 1777 259 1860 repugnantia
280 1795 358 1858 prae
380 1795 415 1840 se
436 1774 523 1839 ferre
544 1774 682 1853 videtur,
703 1781 861 1858 quantum
882 1775 917 1838 in
937 1776 1030 1841 nobis
1053 1777 1126 1856 erit,
1218 1786 1221 1790 ’

58 1876 257 1953 enodandam,

108 1975 139 2037 in
169 1973 364 2057 quodnam
396 1972 596 2056 objectum
629 1972 837 2038 beatissimae
866 1972 1008 2055 Virginis
1038 1980 1072 2038 et
1099 1995 1124 2038 s.

59 2071 166 2155 loseph
192 2093 408 2137 consensus
434 2070 536 2136 ferri
556 2073 738 2155 potuerit
765 2077 804 2136 et
826 2071 1019 2137 debuerit.
1063 2073 1126 2138 Re-

58 2172 237 2252 spondemus
251 2171 275 2253 ¹)

110 2292 135 2334 a.
157 2270 338 2336 Consensus
354 2267 501 2334 formalis
518 2268 716 2334 matrimonii
731 2267 913 2333 necessario
929 2267 1010 2332 ferri
1026 2269 1125 2335 debet

58 2367 267 2434 inessentiale
286 2367 485 2431 matrimonii
503 2368 676 2451 objectum.
718 2366 810 2444 Quod
828 2389 929 2450 quum
946 2368 980 2431 in
997 2367 1124 2433 vinculo

58 2467 259 2532 indissolubili
281 2487 339 2538 seu
360 2467 394 2530 in
415 2473 528 2531 mutuo
558 2466 698 2531 dominio
722 2467 844 2530 directo
875 2468 1034 2531 consistat
1055 2488 1125 2531 cor-

58 2587 167 2646 porum,
191 2567 290 2631 etiam
316 2565 346 2629 b.
369 2566 468 2647 Virgo
491 2587 564 2629 cum
592 2587 616 2630 s.
640 2565 763 2647 Sponso
784 2565 819 2628 in
841 2564 1004 2628 vinculum
1025 2565 1125 2630 indis-

58 2664 179 2730 solubile
207 2687 265 2730 seu
297 2666 336 2728 in
363 2664 435 2729 hoc
466 2671 642 2729 mutuum
671 2685 879 2748 corporum
912 2665 1125 2730 dominium

13 2777 15 2788 ’
58 2767 242 2831 consenserit
259 2785 390 2829 necesse
408 2763 481 2829 fuit.
516 2764 551 2830 Si
572 2764 636 2828 duo
656 2786 679 2828 s.
697 2765 927 2847 nupturientes
946 2762 1125 2845 dominium

57 2883 212 2945 corporum
245 2863 455 2928 directum
487 2863 550 2928 sibi
580 2863 718 2928 invicem
745 2864 877 2929 tradere
908 2870 1124 2942 recusassent,

57 2982 154 3027 uerum
173 2963 417 3028 matrimonium
437 2963 520 3027 inire
541 2984 606 3027 non
619 2949 812 3028 ¹valuiSsent.

108 3061 135 3125 b.
165 3063 405 3128 Consenserunt
425 3062 464 3124 in
486 3061 792 3143 obligationem
819 3057 1052 3148 radicalem
1074 3059 1124 3124 ad

59 3160 233 3241 copulam
262 3161 491 3239 carnalcm3
514 3181 600 3224 ,nam
627 3160 707 3226 haec
736 3157 893 3249 obligatio
921 3157 1073 3222 radicalis
1103 3179 1123 3222 a

57 3257 167 3325 vinculo
188 3259 388 3324 matrimonii
416 3259 562 3342 separari
589 3259 703 3342 nequit
730 3259 771 3322 ab
794 3279 897 3342 eaque
925 3281 991 3322 non
1012 3257 1123 3323 differt

57 3356 109 3420 nisi
133 3360 267 3424 ratione.
318 3359 458 3424 Tantum
486 3358 595 3437 abest,
629 3364 667 3422 ut
695 3357 850 3441 obligatio
880 3357 937 3421 illa
965 3363 1040 3422 voto
1070 3379 1123 3420 ca-

58 3455 164 3522 stitatis
185 3457 336 3523 absoluto
355 3457 567 3540 praejudicet,
587 3463 625 3522 ut
647 3479 719 3521 cum
737 3457 902 3523 contraria
915 3452 1121 3540 'obligatione

57 3557 163 3621 actuali
183 3559 225 3622 ad
245 3579 310 3622 non
335 3557 536 3621 reddendum
558 3556 719 3636 debitum,
747 3563 1045 3640 quantumcumque
1066 3577 1122 3640 pe-

57 3657 143 3734 tatur,
165 3663 252 3721 stare
274 3655 387 3738 possit.

111 3887 130 3952 ¹)
146 3887 261 3943 Recolas
279 3885 356 3939 dicta
370 3903 397 3954 p.
413 3885 435 3951 I,
451 3889 518 3942 sect.
531 3884 582 3951 111,
597 3875 695 3954 cap'l,
711 3884 735 3953 ξ.
749 3887 774 3941 3.
799 3885 854 3942 Cir.
869 3884 953 3938 Perea
971 3883 1006 3938 do
1023 3887 1121 3939 sancto

55 3969 210 4024 matrimonii
226 3974 401 4024 sacramento
419 3967 489 4038 disp.
507 3968 584 4036 XIII,
601 3973 670 4024 sect.
686 3967 762 4026 VIII.
800 4011 802 4018 Α
