2718 4556
745 347 804 408 366

234 511 401 576 dissimum
422 507 547 586 decuit,
577 506 752 589 Angelum,
782 507 840 590 qui
861 507 989 572 doctior
1009 507 1068 572 illa
1095 507 1209 587 fuerit,
1236 529 1297 574 era·

233 608 380 675 minare?

296 731 321 772 o.
361 705 517 771 Nonnulli
547 705 743 787 interpretes
775 725 816 769 ex
846 705 1058 787 responsione
1086 705 1207 788 Angelo
1233 705 1297 769 data

155 830 158 838 ·
234 805 427 872 concludere
459 824 553 888 posse
582 810 795 882 censuerunt,
825 803 1046 868 beatissimam
1069 804 1230 886 Virginem
1248 805 1298 868 rir-

234 907 405 990 ginitatem
424 905 473 968 ita
493 899 629 981 amasse,
652 909 690 967 ut
710 903 953 985 promptissima
974 902 1102 982 fuisset,
1131 925 1210 968 eam
1234 904 1297 985 dig-

234 1005 359 1070 nitati
389 1002 531 1067 matris
563 1001 635 1066 Dei
671 1001 717 1066 ab
750 1001 900 1084 Angelo
937 1003 1173 1085 propositae
1204 1023 1296 1085 prae-

234 1104 352 1168 ferre.
397 1101 446 1166 De
467 1100 529 1166 hac
551 1100 715 1164 sententia
734 1098 822 1164 infra
831 1102 855 1184 ¹)
877 1099 982 1164 fusius
1003 1100 1229 1184 disputabitur.

732 1316 764 1399 5.
786 1313 821 1382 3.

456 1462 512 1527 De
540 1466 746 1526 momento
776 1460 1094 1545 Conceptionis.
1178 1551 1181 1558 .

297 1611 604 1679 Centuriatores
632 1609 1033 1694 Magdeburgenses2)
1063 1612 1124 1676 sub
1147 1612 1240 1678 dubio
1259 1631 1297 1675 re·
1350 1643 1351 1646 ¹

103 1779 105 1784 .
233 1713 404 1797 linquunt,
437 1732 480 1774 an
509 1709 688 1792 Conceptio
718 1707 841 1773 Christi
869 1708 1067 1792 colloquium
1097 1711 1212 1794 Augeli
1239 1730 1297 1775 eun
1346 1702 1350 1747 ³

234 1812 339 1878 Maria
366 1810 517 1876 habitum
545 1813 720 1872 consecuta
748 1807 800 1871 sit.
843 1806 962 1873 Omnes
990 1829 1066 1874 vero
1094 1810 1234 1893 theologi
1257 1830 1296 1873 ca-

234 1911 350 1976 tholici
371 1911 405 1974 in
425 1909 488 1974 hoo
509 1907 712 1985 conveniunt,
743 1906 831 1990 quod
853 1928 877 1972 s.
898 1907 1085 1992 Scripturas
1107 1917 1199 1976 textu
1217 1908 1297 1974 innisi

233 2009 458 2076 beatissimam
486 2005 656 2088 Virginem
684 2005 753 2088 jam
782 2005 970 2092 concepisse
1002 2015 1168 2088 asserant,
1209 2015 1297 2074 ante·

235 2129 348 2193 quam
376 2105 551 2189 Angelus
584 2105 705 2171 absa
735 2103 974 2170 discederet.
1017 2106 1154 2190 Legitur
1175 2107 1295 2172 enimin
1345 2134 1350 2155 ι

235 2231 258 2274 s.
287 2207 407 2286 literis,
440 2205 471 2270 b.
500 2201 669 2286 Virginem
696 2197 773 2286 post
803 2202 1032 2269 discessionem
1060 2206 1177 2290 Angeli
1203 2206 1296 2271 statim

235 2328 310 2371 cum
329 2304 540 2370 festinatione
563 2303 598 2367 iu
618 2309 774 2368 montana
795 2302 915 2368 abiisse
945 2310 978 2368 et
997 2304 1220 2371 Elisabetham
1239 2325 1295 2387 cog·

234 2411 346 2470 natam
367 2425 460 2468 suam
480 2403 646 2468 visitasse·
678 2401 768 2466 Haeo
788 2422 870 2489 vero
885 2402 1024 2468 Mariam
1040 2404 1110 2488 jam
1131 2397 1296 2488 ,Matreu

235 2503 393 2570 Domini
420 2502 515 2566 mei“
545 2501 699 2584 appellat.
749 2500 823 2566 Nou
851 2523 927 2585 ergo
954 2502 1008 2567 hic
1038 2505 1221 2587 quaeritur,
1246 2501 1296 2567 uisi

235 2624 377 2688 quonam
397 2600 553 2684 temporis
581 2605 746 2665 momento
768 2599 946 2684 Conceptio
974 2601 1064 2667 facta
1091 2602 1144 2668 sit.
1187 2602 1296 2686 Duplex
1351 2657 1352 2662 ,

237 2702 350 2768 existit
371 2699 544 2766 sententia.
1008 2691 1010 2694 ’

658 2888 836 2954 Sentent.
859 2889 889 2954 I:

236 3045 455 3129 Conceptio
483 3043 593 3110 facta
622 3051 690 3124 est,
724 3065 839 3128 quum
868 3044 1041 3126 Angelus
1068 3045 1229 3124 Mariam
1252 3063 1294 3110 se·

323 3145 489 3212 letavit:
517 3147 608 3236 „Ave
630 3145 748 3229 grstia
768 3145 879 3236 plena,
901 3143 1061 3212 Dominus
1079 3139 1227 3216 'tecumss

299 3293 546 3360 Contenderunt
566 3293 713 3374 nonnulli
740 3293 919 3376 gravissimi
947 3300 1115 3373 auctores,
1144 3317 1165 3359 a
1192 3293 1293 3377 Spiritu

234 3415 258 3458 s.
282 3394 407 3476 Corpus
429 3392 551 3457 Christi
573 3414 610 3457 eo
632 3400 812 3471 momente,
843 3414 906 3474 quo
927 3391 1071 3474 Angelus
1096 3393 1128 3458 b.
1150 3388 1293 3476 Virginem

233 3493 344 3582 primo
361 3491 521 3557 allocutus
543 3491 659 3569 fuerit,
688 3491 865 3556 formatum
886 3512 946 3556 nec
974 3490 1015 3556 ab
1038 3491 1161 3574 Angelo
1188 3492 1216 3556 b.
1237 3488 1292 3554 Vir·

234 3593 317 3675 ginis
339 3612 531 3656 consensum
551 3591 652 3656 fuisse
675 3598 891 3675 expectatum.

224 3747 227 3754 .
297 3691 358 3757 Cui
373 3690 518 3774 opinioni
532 3689 621 3756 favet
635 3691 722 3755 inter
736 3691 817 3756 ahos
831 3691 973 3756 Petrus
989 3681 1290 3762 AlexandrinusV

234 3789 284 3854 ita
306 3788 469 3855 scribens:
492 3791 561 3872 ,Et
581 3790 742 3855 verbum
768 3813 858 3857 caro
880 3791 1029 3856 factum
1057 3797 1126 3870 est,
1150 3796 1186 3854 et
1204 3782 1290 3851 habi·

300 3991 320 4058 1)
331 3990 385 4047 oe.
395 4006 422 4057 p.
432 3987 468 4058 u,
479 3992 546 4044 sect.
557 3987 593 4057 11,
604 4006 646 4059 sp.
656 3989 679 4058 s.
688 3992 712 4045 2.
735 3989 757 4076 ε)
767 3990 878 4046 centur.
888 3989 910 4059 1,
918 3989 968 4046 us.
978 3989 1000 4044 1.
1023 3988 1086 4056 orn
1100 3979 1290 4044 nunaunt
