2782 4554
513 329 571 388 491

86 453 196 552 eoelum
209 491 331 565 tamen,
361 485 412 551 uti
433 486 582 553 Christus
610 488 722 555 fuerat
748 498 950 576 assumptus,
982 496 1081 562 tertio

84 585 144 668 ipsa
162 585 207 650 die
225 584 367 652 rediviva
387 585 568 669 migravit.“

500 788 531 871 ς.
554 785 588 852 a.

73 951 153 994 rum
176 931 204 995 b.
225 915 401 1032 Virginis
423 931 652 1015 Assumptio
679 933 732 998 sit
753 933 854 1000 fidei
875 937 1085 1005 articulus.

82 1077 259 1161 Negative
280 1079 542 1162 respondendum
563 1087 679 1145 contra
701 1081 923 1150 Catharinum.
935 1089 959 1168 ¹)

81 1177 181 1257 ,Quae
197 1177 372 1243 traduntur
394 1179 436 1243 ab
454 1178 610 1258 Ecclesia,
630 1179 745 1246 scribit
765 1204 834 1246 ven.
858 1184 1086 1269 Canisius,²)

71 1277 190 1342 lunius
210 1278 336 1360 generis
358 1299 428 1342 esse
457 1284 603 1356 constat,
633 1278 691 1342 sed
712 1279 779 1345 alia
799 1288 838 1347 ut
859 1290 949 1348 certa
979 1290 1013 1349 et
1034 1307 1088 1350 ex-

71 1384 132 1441 :ata
151 1377 301 1460 dogmata
321 1378 468 1460 proponi,
488 1399 507 1441 a
528 1376 647 1460 quibus
667 1378 752 1444 citra
772 1379 953 1463 impietatis
974 1391 1087 1450 notam

70 1477 99 1540 1d
119 1476 213 1542 liceat
235 1477 419 1556 discedere;
447 1475 513 1540 alia
534 1497 609 1541 vero
632 1477 734 1542 tacito
756 1477 902 1544 fidelium
929 1503 1088 1548 consensu

70 1575 215 1658 longaevo
232 1576 398 1642 Ecclesiae
419 1567 480 1641 usu
499 1575 711 1641 corroborata
729 1577 793 1642 vim
815 1580 989 1662 quamdam
1006 1580 1088 1664 legis

69 1675 170 1758 ipere‚
209 1682 247 1741 ut
277 1696 388 1756 nemo,
428 1676 492 1740 nisi
523 1676 731 1754 temerarius,
772 1677 837 1742 illis
873 1679 1087 1746 contradicat.

69 1797 131 1840 rsus
153 1797 204 1854 ca,
235 1797 318 1859 quae
339 1775 407 1840 ritu
428 1774 584 1858 cultuque
606 1774 737 1858 publico
767 1774 913 1843 celebrat
940 1777 1087 1842 Ecclesia

68 1874 167 1939 ledam
188 1875 258 1958 ejus
279 1881 355 1940 sunt
375 1874 512 1958 generis,
530 1880 569 1938 ut
589 1881 757 1957 tamquam
774 1874 830 1957 pia
853 1882 886 1940 et
903 1876 1087 1959 probabilia

67 1981 100 2037 to
130 1976 231 2057 magis
264 1974 453 2052 credantur,
487 1981 610 2059 quanto
642 1973 819 2039 studiosius
851 1974 1088 2042 adoctoribus

67 2072 247 2152 ›robantur,
283 2073 471 2157 majoreque
506 2094 665 2138 consensu
696 2072 842 2137 fidelium
873 2074 1086 2156 recipiuntur.

83 2171 168 2236 hane
201 2173 338 2237 classem
369 2173 529 2255 pertinet,
563 2172 650 2257 quod
680 2171 856 2254 Deiparam
886 2195 951 2237 non
983 2172 1088 2238 solum

66 2292 127 2350 na,
165 2271 223 2336 sed
255 2271 355 2336 etiam
387 2293 522 2355 corpore
553 2273 588 2336 in
619 2271 746 2336 coelum
778 2278 979 2355 assumptam
1013 2293 1087 2355 per-

66 2391 153 2453 eque
175 2370 308 2436 beatam
329 2370 551 2454 profitemur.“

66 2470 116 2533 lta
149 2492 263 2537 omnes
295 2472 413 2537 docent
444 2470 597 2553 theologi.
651 2470 830 2536 Audiamus
867 2471 1011 2536 Suarez
1047 2470 1088 2535 de

66 2571 196 2636 actione
228 2571 398 2655 proposita
428 2570 517 2636 hisce
548 2569 655 2634 verbis
687 2569 952 2652 disserentem:⁸)
989 2569 1090 2652 ,Sen-

66 2669 104 2732 ia
138 2668 384 2753 Assumptionis
411 2669 554 2752 Virginis
592 2669 627 2732 in
664 2689 798 2751 corpore
837 2675 872 2733 et
908 2667 1017 2733 anima
1054 2668 1089 2732 in

68 2789 127 2830 um
151 2789 221 2832 non
250 2776 301 2834 est
322 2769 362 2834 de
383 2767 463 2848 fide;
494 2768 571 2850 quia
591 2788 697 2850 neque
727 2774 777 2832 est
798 2766 839 2831 ab
861 2767 1007 2831 Ecclesia
1034 2766 1090 2831 de·

67 2888 106 2944 a,
141 2888 254 2950 neque
287 2875 337 2933 est
368 2868 592 2933 testimonium
622 2868 810 2950 Scripturas
842 2874 901 2932 aut
929 2866 1089 2933 sufficiens

66 2965 153 3044 itio,
187 2989 274 3050 quae
303 2967 511 3033 infallibilem
538 2967 640 3032 faciat
662 2966 775 3032 fidem:
805 2972 916 3031 tamen
945 2985 1089 3030 summae

66 3066 201 3132 aritatis
224 3089 299 3133 reus
326 3067 530 3146 crederetur,
561 3067 618 3149 qui
639 3073 707 3130 tam
728 3065 817 3148 piam
839 3062 1090 3146 religiosamque

66 3166 202 3230 entiam
224 3167 322 3231 hodie
344 3167 580 3248 impugnaret.“
624 3164 814 3228 Plenissime
837 3163 999 3228 consentit
1020 3162 1090 3226 Na-

73 3287 89 3328 s
115 3265 353 3331 Alexander
372 3287 504 3348 negans,
526 3264 557 3328 b.
575 3263 718 3346 Virginis
734 3261 998 3344 Assumptiouem
1020 3282 1090 3325 esse

90 3364 290 3443 articulum,
313 3371 347 3429 et
368 3364 615 3447 subjungenda)
638 3360 723 3444 ,Sed
744 3360 879 3443 pietatis
900 3359 1002 3425 officio
1025 3379 1090 3424 non

67 3464 79 3527 i
104 3486 173 3528 nec
200 3464 364 3541 dubitavi,
394 3470 453 3528 aut
474 3463 508 3526 in
530 3460 665 3526 dubium
686 3457 833 3524 revocari
853 3479 947 3540 posse
970 3457 1089 3536 censui,

90 3563 251 3647 Deipara
271 3563 370 3645 Virgo
391 3562 534 3626 redivivo
561 3581 696 3643 corpore
717 3558 753 3622 in
774 3558 901 3622 coelum
922 3563 1090 3638 assumpta

66 3820 71 3869 l
98 3811 139 3865 In
164 3811 220 3865 lib.
244 3816 343 3866 eontra
365 3809 525 3878 cajetanum
549 3808 595 3860 lib.
619 3807 666 3861 lV.
707 3809 728 3872 ²)
747 3806 777 3861 L.
800 3823 824 3860 c.
845 3823 873 3874 p.
894 3804 944 3871 lv,
965 3808 1032 3862 sect.
1055 3801 1092 3868 ll,

66 3895 77 3946 '.
128 3895 154 3961 ³)
177 3892 233 3954 lll,
255 3910 282 3963 p.
305 3910 330 3961 q.
351 3891 489 3956 xxxva,
512 3894 569 3946 ab
592 3892 663 3959 disp.
681 3893 713 3942 ‘25
735 3894 802 3943 sect.
824 3891 848 3942 2.
889 3889 911 3953 ⁴)
928 3887 1000 3942 Hist.
1024 3885 1093 3940 eccl.

73 3978 115 4041 ll,
137 3993 189 4045 cp.
209 3979 227 4029 4
246 3977 275 4030 in
293 3975 489 4029 additionibus.
