<?xml version="1.0" encoding="UTF-8"?>
<!DOCTYPE html PUBLIC "-//W3C//DTD XHTML 1.0 Transitional//EN"
    "http://www.w3.org/TR/xhtml1/DTD/xhtml1-transitional.dtd">
<html xmlns="http://www.w3.org/1999/xhtml" xml:lang="en" lang="en">
 <head>
  <title>
</title>
<meta http-equiv="Content-Type" content="text/html;charset=utf-8" />
  <meta name='ocr-system' content='tesseract 3.04.00' />
  <meta name='ocr-capabilities' content='ocr_page ocr_carea ocr_par ocr_line ocrx_word'/>
</head>
<body>
  <div class='ocr_page' id='page_1' title='image "./mariologiaseupo00stamgoog_0242.png"; bbox 0 0 2728 4560; ppageno 0'>
   <div class='ocr_carea' id='block_1_1' title="bbox 732 333 863 408">
    <p class='ocr_par' dir='ltr' id='par_1_1' title="bbox 732 333 863 408">
     <span class='ocr_line' id='line_1_1' title="bbox 732 333 863 408; baseline 0 -16"><span class='ocrx_word' id='word_1_1' title='bbox 732 333 793 392; x_wconf 81' lang='lat' dir='ltr'>ma</span> <span class='ocrx_word' id='word_1_2' title='bbox 856 363 863 408; x_wconf 44' lang='lat' dir='ltr'>p</span> 
     </span>
    </p>
   </div>
   <div class='ocr_carea' id='block_1_2' title="bbox 129 492 1352 1867">
    <p class='ocr_par' dir='ltr' id='par_1_2' title="bbox 217 492 1284 775">
     <span class='ocr_line' id='line_1_2' title="bbox 217 492 1283 580; baseline -0.002 -19"><span class='ocrx_word' id='word_1_3' title='bbox 217 493 376 580; x_wconf 77' lang='lat' dir='ltr'><strong>importat</strong></span> <span class='ocrx_word' id='word_1_4' title='bbox 403 493 591 577; x_wconf 83' lang='lat' dir='ltr'>expressum</span> <span class='ocrx_word' id='word_1_5' title='bbox 623 513 815 559; x_wconf 90' lang='lat' dir='ltr'>consensum</span> <span class='ocrx_word' id='word_1_6' title='bbox 845 493 880 556; x_wconf 92' lang='lat' dir='ltr'>in</span> <span class='ocrx_word' id='word_1_7' title='bbox 912 492 1079 574; x_wconf 89' lang='lat' dir='ltr'>copulam,</span> <span class='ocrx_word' id='word_1_8' title='bbox 1113 492 1199 560; x_wconf 89' lang='lat' dir='ltr'>sicut</span> <span class='ocrx_word' id='word_1_9' title='bbox 1220 517 1283 561; x_wconf 87' lang='lat' dir='ltr'>con-</span> 
     </span>
     <span class='ocr_line' id='line_1_3' title="bbox 218 591 1284 678; baseline -0.003 -17"><span class='ocrx_word' id='word_1_10' title='bbox 218 617 332 661; x_wconf 85' lang='lat' dir='ltr'>sensus</span> <span class='ocrx_word' id='word_1_11' title='bbox 350 594 395 660; x_wconf 92' lang='lat' dir='ltr'>ad</span> <span class='ocrx_word' id='word_1_12' title='bbox 416 592 639 676; x_wconf 89' lang='lat' dir='ltr'>accipiendam</span> <span class='ocrx_word' id='word_1_13' title='bbox 656 598 856 676; x_wconf 89' lang='lat' dir='ltr'>potestatem</span> <span class='ocrx_word' id='word_1_14' title='bbox 873 613 939 656; x_wconf 91' lang='lat' dir='ltr'>non</span> <span class='ocrx_word' id='word_1_15' title='bbox 958 591 1097 657; x_wconf 90' lang='lat' dir='ltr'>includit</span> <span class='ocrx_word' id='word_1_16' title='bbox 1116 615 1284 678; x_wconf 88' lang='lat' dir='ltr'>expressum</span> 
     </span>
     <span class='ocr_line' id='line_1_4' title="bbox 218 691 1202 775; baseline -0.01 -15"><span class='ocrx_word' id='word_1_17' title='bbox 218 715 410 760; x_wconf 89' lang='lat' dir='ltr'>consensum</span> <span class='ocrx_word' id='word_1_18' title='bbox 431 692 491 758; x_wconf 91' lang='lat' dir='ltr'>tali</span> <span class='ocrx_word' id='word_1_19' title='bbox 512 697 679 775; x_wconf 78' lang='lat' dir='ltr'>potestate</span> <span class='ocrx_word' id='word_1_20' title='bbox 700 691 823 755; x_wconf 90' lang='lat' dir='ltr'>utendi.</span> <span class='ocrx_word' id='word_1_21' title='bbox 1193 695 1202 710; x_wconf 70' lang='grc'><strong>“</strong></span> 
     </span>
    </p>

    <p class='ocr_par' dir='ltr' id='par_1_3' title="bbox 129 789 1352 1867">
     <span class='ocr_line' id='line_1_5' title="bbox 280 789 1285 876; baseline -0.002 -18"><span class='ocrx_word' id='word_1_22' title='bbox 280 793 312 858; x_wconf 93' lang='lat' dir='ltr'>b.</span> <span class='ocrx_word' id='word_1_23' title='bbox 341 792 401 858; x_wconf 92' lang='lat' dir='ltr'>Ille</span> <span class='ocrx_word' id='word_1_24' title='bbox 422 813 535 876; x_wconf 87' lang='lat' dir='ltr'>porro,</span> <span class='ocrx_word' id='word_1_25' title='bbox 565 790 622 873; x_wconf 93' lang='lat' dir='ltr'>qui</span> <span class='ocrx_word' id='word_1_26' title='bbox 643 789 816 854; x_wconf 87' lang='lat' dir='ltr'>contrahit</span> <span class='ocrx_word' id='word_1_27' title='bbox 842 811 915 854; x_wconf 91' lang='lat' dir='ltr'>cum</span> <span class='ocrx_word' id='word_1_28' title='bbox 944 811 1096 872; x_wconf 88' lang='lat' dir='ltr'>expresso</span> <span class='ocrx_word' id='word_1_29' title='bbox 1123 792 1227 857; x_wconf 91' lang='lat' dir='ltr'>auimo</span> <span class='ocrx_word' id='word_1_30' title='bbox 1246 813 1285 856; x_wconf 90' lang='lat' dir='ltr'>re·</span> 
     </span>
     <span class='ocr_line' id='line_1_6' title="bbox 152 888 1284 979; baseline -0.004 -21"><span class='ocrx_word' id='word_1_31' title='bbox 152 911 154 916; x_wconf 83' lang='lat'>·</span> <span class='ocrx_word' id='word_1_32' title='bbox 218 893 372 976; x_wconf 88' lang='lat' dir='ltr'>ligionem</span> <span class='ocrx_word' id='word_1_33' title='bbox 409 889 613 979; x_wconf 86' lang='lat' dir='ltr'>ingrediendi</span> <span class='ocrx_word' id='word_1_34' title='bbox 644 895 720 953; x_wconf 90' lang='lat' dir='ltr'>ante</span> <span class='ocrx_word' id='word_1_35' title='bbox 758 888 1001 952; x_wconf 78' lang='lat' dir='ltr'><strong>matrimonium</strong></span> <span class='ocrx_word' id='word_1_36' title='bbox 1035 898 1284 968; x_wconf 89' lang='lat' dir='ltr'>consummatum,</span> 
     </span>
     <span class='ocr_line' id='line_1_7' title="bbox 217 986 1284 1070; baseline -0.003 -14"><span class='ocrx_word' id='word_1_37' title='bbox 217 992 323 1057; x_wconf 83' lang='lat' dir='ltr'>valide</span> <span class='ocrx_word' id='word_1_38' title='bbox 353 990 532 1068; x_wconf 82' lang='lat' dir='ltr'>contrahit3</span> <span class='ocrx_word' id='word_1_39' title='bbox 565 986 702 1052; x_wconf 91' lang='lat' dir='ltr'>sedhic</span> <span class='ocrx_word' id='word_1_40' title='bbox 732 1007 919 1069; x_wconf 88' lang='lat' dir='ltr'>expressum</span> <span class='ocrx_word' id='word_1_41' title='bbox 949 1009 1015 1052; x_wconf 91' lang='lat' dir='ltr'>uon</span> <span class='ocrx_word' id='word_1_42' title='bbox 1041 995 1153 1070; x_wconf 90' lang='lat' dir='ltr'>potest</span> <span class='ocrx_word' id='word_1_43' title='bbox 1180 991 1284 1055; x_wconf 89' lang='lat' dir='ltr'>habere</span> 
     </span>
     <span class='ocr_line' id='line_1_8' title="bbox 218 1087 1285 1174; baseline -0.003 -18"><span class='ocrx_word' id='word_1_44' title='bbox 218 1093 253 1156; x_wconf 91' lang='lat' dir='ltr'>in</span> <span class='ocrx_word' id='word_1_45' title='bbox 274 1090 424 1174; x_wconf 88' lang='lat' dir='ltr'>copulam</span> <span class='ocrx_word' id='word_1_46' title='bbox 446 1109 646 1154; x_wconf 90' lang='lat' dir='ltr'>consensum.</span> <span class='ocrx_word' id='word_1_47' title='bbox 690 1087 776 1170; x_wconf 89' lang='lat' dir='ltr'>Ergo</span> <span class='ocrx_word' id='word_1_48' title='bbox 797 1087 875 1152; x_wconf 90' lang='lat' dir='ltr'>talis</span> <span class='ocrx_word' id='word_1_49' title='bbox 900 1109 1074 1153; x_wconf 91' lang='lat' dir='ltr'>consensus</span> <span class='ocrx_word' id='word_1_50' title='bbox 1096 1090 1139 1154; x_wconf 91' lang='lat' dir='ltr'>ad</span> <span class='ocrx_word' id='word_1_51' title='bbox 1160 1091 1285 1156; x_wconf 91' lang='lat' dir='ltr'>valorem</span> 
     </span>
     <span class='ocr_line' id='line_1_9' title="bbox 218 1187 1285 1271; baseline -0.006 -15"><span class='ocrx_word' id='word_1_52' title='bbox 218 1190 418 1256; x_wconf 83' lang='lat' dir='ltr'><strong>matrimonii</strong></span> <span class='ocrx_word' id='word_1_53' title='bbox 438 1189 569 1253; x_wconf 91' lang='lat' dir='ltr'>minime</span> <span class='ocrx_word' id='word_1_54' title='bbox 589 1187 801 1252; x_wconf 89' lang='lat' dir='ltr'>desideratur.</span> <span class='ocrx_word' id='word_1_55' title='bbox 836 1187 941 1270; x_wconf 87' lang='lat' dir='ltr'>Major</span> <span class='ocrx_word' id='word_1_56' title='bbox 957 1187 1118 1270; x_wconf 91' lang='lat' dir='ltr'>probatur</span> <span class='ocrx_word' id='word_1_57' title='bbox 1136 1210 1175 1254; x_wconf 91' lang='lat' dir='ltr'>ex</span> <span class='ocrx_word' id='word_1_58' title='bbox 1193 1189 1285 1271; x_wconf 91' lang='lat' dir='ltr'>capite</span> 
     </span>
     <span class='ocr_line' id='line_1_10' title="bbox 219 1286 1286 1372; baseline -0.005 -17"><span class='ocrx_word' id='word_1_59' title='bbox 219 1289 484 1372; x_wconf 79' lang='lat' dir='ltr'>„Commissum.“</span> <span class='ocrx_word' id='word_1_60' title='bbox 495 1288 518 1370; x_wconf 86' lang='lat'>¹)</span> <span class='ocrx_word' id='word_1_61' title='bbox 559 1287 779 1370; x_wconf 79' lang='lat' dir='ltr'>„Significavit</span> <span class='ocrx_word' id='word_1_62' title='bbox 799 1287 894 1351; x_wconf 91' lang='lat' dir='ltr'>nobis</span> <span class='ocrx_word' id='word_1_63' title='bbox 915 1286 1106 1352; x_wconf 74' lang='lat' dir='ltr'>fraternitas</span> <span class='ocrx_word' id='word_1_64' title='bbox 1128 1295 1194 1366; x_wconf 79' lang='lat' dir='ltr'>tua</span> <span class='ocrx_word' id='word_1_65' title='bbox 1213 1287 1286 1371; x_wconf 90' lang='lat' dir='ltr'>quod</span> 
     </span>
     <span class='ocr_line' id='line_1_11' title="bbox 129 1385 1286 1472; baseline -0.003 -19"><span class='ocrx_word' id='word_1_66' title='bbox 129 1432 132 1439; x_wconf 87' lang='lat'>·</span> <span class='ocrx_word' id='word_1_67' title='bbox 220 1389 353 1472; x_wconf 90' lang='lat' dir='ltr'>quidam</span> <span class='ocrx_word' id='word_1_68' title='bbox 375 1387 503 1453; x_wconf 90' lang='lat' dir='ltr'>cuidam</span> <span class='ocrx_word' id='word_1_69' title='bbox 523 1386 654 1451; x_wconf 91' lang='lat' dir='ltr'>mulieri</span> <span class='ocrx_word' id='word_1_70' title='bbox 673 1386 712 1451; x_wconf 91' lang='lat' dir='ltr'>de</span> <span class='ocrx_word' id='word_1_71' title='bbox 734 1386 955 1451; x_wconf 87' lang='lat' dir='ltr'>contrahendo</span> <span class='ocrx_word' id='word_1_72' title='bbox 976 1386 1183 1450; x_wconf 89' lang='lat' dir='ltr'>matrimonio</span> <span class='ocrx_word' id='word_1_73' title='bbox 1203 1385 1286 1450; x_wconf 88' lang='lat' dir='ltr'>fidem</span> 
     </span>
     <span class='ocr_line' id='line_1_12' title="bbox 220 1483 1351 1568; baseline -0.005 -16"><span class='ocrx_word' id='word_1_74' title='bbox 220 1487 318 1566; x_wconf 84' lang='lat' dir='ltr'>dedit,</span> <span class='ocrx_word' id='word_1_75' title='bbox 337 1494 423 1553; x_wconf 90' lang='lat' dir='ltr'>etse</span> <span class='ocrx_word' id='word_1_76' title='bbox 443 1509 516 1552; x_wconf 91' lang='lat' dir='ltr'>oum</span> <span class='ocrx_word' id='word_1_77' title='bbox 535 1508 574 1551; x_wconf 92' lang='lat' dir='ltr'>ea</span> <span class='ocrx_word' id='word_1_78' title='bbox 591 1486 680 1550; x_wconf 90' lang='lat' dir='ltr'>intra</span> <span class='ocrx_word' id='word_1_79' title='bbox 698 1486 865 1550; x_wconf 88' lang='lat' dir='ltr'>biennium</span> <span class='ocrx_word' id='word_1_80' title='bbox 882 1507 942 1568; x_wconf 89' lang='lat' dir='ltr'>per</span> <span class='ocrx_word' id='word_1_81' title='bbox 959 1484 1058 1549; x_wconf 91' lang='lat' dir='ltr'>verba</span> <span class='ocrx_word' id='word_1_82' title='bbox 1077 1485 1118 1548; x_wconf 89' lang='lat' dir='ltr'>de</span> <span class='ocrx_word' id='word_1_83' title='bbox 1137 1483 1287 1568; x_wconf 86' lang='lat' dir='ltr'>praesenti</span> <span class='ocrx_word' id='word_1_84' title='bbox 1348 1544 1351 1555; x_wconf 88' lang='grc'>,</span> 
     </span>
     <span class='ocr_line' id='line_1_13' title="bbox 221 1583 1352 1668; baseline -0.004 -17"><span class='ocrx_word' id='word_1_85' title='bbox 221 1591 466 1652; x_wconf 88' lang='lat' dir='ltr'>contracturum</span> <span class='ocrx_word' id='word_1_86' title='bbox 493 1585 651 1668; x_wconf 85' lang='lat' dir='ltr'>praestito</span> <span class='ocrx_word' id='word_1_87' title='bbox 677 1583 864 1666; x_wconf 87' lang='lat' dir='ltr'>juramento</span> <span class='ocrx_word' id='word_1_88' title='bbox 892 1583 1048 1648; x_wconf 88' lang='lat' dir='ltr'>firmavit:</span> <span class='ocrx_word' id='word_1_89' title='bbox 1078 1605 1165 1648; x_wconf 92' lang='lat' dir='ltr'>nunc</span> <span class='ocrx_word' id='word_1_90' title='bbox 1191 1591 1287 1649; x_wconf 88' lang='lat' dir='ltr'>autem</span> <span class='ocrx_word' id='word_1_91' title='bbox 1342 1601 1352 1644; x_wconf 58' lang='grc' dir='ltr'><em>Α</em></span> 
     </span>
     <span class='ocr_line' id='line_1_14' title="bbox 219 1682 1352 1768; baseline -0.004 -18"><span class='ocrx_word' id='word_1_92' title='bbox 219 1686 347 1768; x_wconf 92' lang='lat' dir='ltr'>privata</span> <span class='ocrx_word' id='word_1_93' title='bbox 379 1685 458 1768; x_wconf 91' lang='lat' dir='ltr'>lege</span> <span class='ocrx_word' id='word_1_94' title='bbox 483 1683 600 1748; x_wconf 88' lang='lat' dir='ltr'>ductus</span> <span class='ocrx_word' id='word_1_95' title='bbox 632 1682 674 1746; x_wconf 91' lang='lat' dir='ltr'>ad</span> <span class='ocrx_word' id='word_1_96' title='bbox 706 1682 834 1765; x_wconf 81' lang='lat' dir='ltr'>frugem</span> <span class='ocrx_word' id='word_1_97' title='bbox 865 1682 1010 1747; x_wconf 89' lang='lat' dir='ltr'>melioris</span> <span class='ocrx_word' id='word_1_98' title='bbox 1043 1684 1130 1748; x_wconf 89' lang='lat' dir='ltr'>vitae</span> <span class='ocrx_word' id='word_1_99' title='bbox 1163 1685 1286 1748; x_wconf 89' lang='lat' dir='ltr'>transire</span> <span class='ocrx_word' id='word_1_100' title='bbox 1351 1760 1352 1766; x_wconf 7' lang='grc' dir='ltr'>ἵ</span> 
     </span>
     <span class='ocr_line' id='line_1_15' title="bbox 220 1769 1352 1867; baseline -0.005 -17"><span class='ocrx_word' id='word_1_101' title='bbox 220 1783 371 1867; x_wconf 90' lang='lat' dir='ltr'>suspirat.</span> <span class='ocrx_word' id='word_1_102' title='bbox 424 1783 685 1865; x_wconf 72' lang='lat' dir='ltr'>RespondemuS‚</span> <span class='ocrx_word' id='word_1_103' title='bbox 724 1781 811 1864; x_wconf 92' lang='lat' dir='ltr'>quod</span> <span class='ocrx_word' id='word_1_104' title='bbox 842 1781 950 1846; x_wconf 88' lang='lat' dir='ltr'>tutius</span> <span class='ocrx_word' id='word_1_105' title='bbox 984 1787 1034 1846; x_wconf 89' lang='lat' dir='ltr'>est</span> <span class='ocrx_word' id='word_1_106' title='bbox 1070 1783 1101 1846; x_wconf 89' lang='lat' dir='ltr'>ei</span> <span class='ocrx_word' id='word_1_107' title='bbox 1132 1782 1287 1866; x_wconf 85' lang='lat' dir='ltr'>(religione</span> <span class='ocrx_word' id='word_1_108' title='bbox 1351 1769 1352 1778; x_wconf 37' lang='lat'>¹</span> 
     </span>
    </p>
   </div>
   <div class='ocr_carea' id='block_1_3' title="bbox 128 1880 1287 1968">
    <p class='ocr_par' dir='ltr' id='par_1_4' title="bbox 128 1880 1287 1968">
     <span class='ocr_line' id='line_1_16' title="bbox 128 1880 1287 1968; baseline -0.005 -17"><span class='ocrx_word' id='word_1_109' title='bbox 128 1957 131 1964; x_wconf 59' lang='grc'><strong>,</strong></span> <span class='ocrx_word' id='word_1_110' title='bbox 216 1884 394 1968; x_wconf 89' lang='lat' dir='ltr'>juramenti</span> <span class='ocrx_word' id='word_1_111' title='bbox 415 1881 556 1963; x_wconf 88' lang='lat' dir='ltr'>servata)</span> <span class='ocrx_word' id='word_1_112' title='bbox 577 1881 669 1964; x_wconf 89' lang='lat' dir='ltr'>prius</span> <span class='ocrx_word' id='word_1_113' title='bbox 691 1880 883 1944; x_wconf 82' lang='lat' dir='ltr'>contrahere</span> <span class='ocrx_word' id='word_1_114' title='bbox 906 1887 940 1946; x_wconf 92' lang='lat' dir='ltr'>et</span> <span class='ocrx_word' id='word_1_115' title='bbox 960 1887 1084 1963; x_wconf 82' lang='lat' dir='ltr'>postea,</span> <span class='ocrx_word' id='word_1_116' title='bbox 1107 1882 1137 1945; x_wconf 88' lang='lat' dir='ltr'>si</span> <span class='ocrx_word' id='word_1_117' title='bbox 1157 1882 1287 1965; x_wconf 75' lang='lat' dir='ltr'>elegerit</span> 
     </span>
    </p>
   </div>
   <div class='ocr_carea' id='block_1_4' title="bbox 217 1980 1354 3350">
    <p class='ocr_par' dir='ltr' id='par_1_5' title="bbox 217 1980 1354 2755">
     <span class='ocr_line' id='line_1_17' title="bbox 217 1980 1354 2066; baseline -0.004 -18"><span class='ocrx_word' id='word_1_118' title='bbox 217 1983 262 2048; x_wconf 91' lang='lat' dir='ltr'>ad</span> <span class='ocrx_word' id='word_1_119' title='bbox 292 1983 482 2066; x_wconf 85' lang='lat' dir='ltr'>religionem</span> <span class='ocrx_word' id='word_1_120' title='bbox 512 1981 668 2063; x_wconf 91' lang='lat' dir='ltr'>migrare,</span> <span class='ocrx_word' id='word_1_121' title='bbox 705 1980 734 2044; x_wconf 91' lang='lat' dir='ltr'>si</span> <span class='ocrx_word' id='word_1_122' title='bbox 769 1986 886 2044; x_wconf 89' lang='lat' dir='ltr'>tamen</span> <span class='ocrx_word' id='word_1_123' title='bbox 912 1986 987 2062; x_wconf 89' lang='lat' dir='ltr'>post</span> <span class='ocrx_word' id='word_1_124' title='bbox 1019 1980 1289 2062; x_wconf 83' lang='lat' dir='ltr'>desponsationem</span> <span class='ocrx_word' id='word_1_125' title='bbox 1353 2001 1354 2022; x_wconf 60' lang='lat'>¹</span> 
     </span>
     <span class='ocr_line' id='line_1_18' title="bbox 219 2079 1289 2165; baseline -0.004 -18"><span class='ocrx_word' id='word_1_126' title='bbox 219 2081 336 2165; x_wconf 91' lang='lat' dir='ltr'>copula</span> <span class='ocrx_word' id='word_1_127' title='bbox 374 2103 439 2146; x_wconf 90' lang='lat' dir='ltr'>non</span> <span class='ocrx_word' id='word_1_128' title='bbox 478 2079 680 2162; x_wconf 85' lang='lat' dir='ltr'>dignoscitur</span> <span class='ocrx_word' id='word_1_129' title='bbox 711 2079 924 2144; x_wconf 86' lang='lat' dir='ltr'>intervenisse</span> <span class='ocrx_word' id='word_1_130' title='bbox 963 2079 1134 2144; x_wconf 81' lang='lat' dir='ltr'>carnalis.“</span> <span class='ocrx_word' id='word_1_131' title='bbox 1188 2079 1289 2146; x_wconf 90' lang='lat' dir='ltr'>Matri·</span> 
     </span>
     <span class='ocr_line' id='line_1_19' title="bbox 219 2177 1288 2262; baseline -0.003 -17"><span class='ocrx_word' id='word_1_132' title='bbox 219 2180 362 2245; x_wconf 90' lang='lat' dir='ltr'>monium</span> <span class='ocrx_word' id='word_1_133' title='bbox 401 2200 477 2262; x_wconf 91' lang='lat' dir='ltr'>ergo</span> <span class='ocrx_word' id='word_1_134' title='bbox 523 2177 681 2256; x_wconf 89' lang='lat' dir='ltr'>validum,</span> <span class='ocrx_word' id='word_1_135' title='bbox 726 2177 804 2242; x_wconf 88' lang='lat' dir='ltr'>licet</span> <span class='ocrx_word' id='word_1_136' title='bbox 841 2184 1045 2249; x_wconf 87' lang='lat' dir='ltr'>contractum</span> <span class='ocrx_word' id='word_1_137' title='bbox 1088 2179 1190 2244; x_wconf 86' lang='lat' dir='ltr'>fuerit</span> <span class='ocrx_word' id='word_1_138' title='bbox 1225 2199 1288 2244; x_wconf 91' lang='lat' dir='ltr'>cum</span> 
     </span>
     <span class='ocr_line' id='line_1_20' title="bbox 221 2277 1290 2362; baseline -0.005 -18"><span class='ocrx_word' id='word_1_139' title='bbox 221 2300 372 2362; x_wconf 90' lang='lat' dir='ltr'>expresso</span> <span class='ocrx_word' id='word_1_140' title='bbox 412 2278 519 2342; x_wconf 89' lang='lat' dir='ltr'>animo</span> <span class='ocrx_word' id='word_1_141' title='bbox 544 2277 762 2360; x_wconf 85' lang='lat' dir='ltr'>ingrediendi</span> <span class='ocrx_word' id='word_1_142' title='bbox 799 2277 1004 2360; x_wconf 82' lang='lat' dir='ltr'>religionem3</span> <span class='ocrx_word' id='word_1_143' title='bbox 1044 2299 1123 2342; x_wconf 91' lang='lat' dir='ltr'>nam</span> <span class='ocrx_word' id='word_1_144' title='bbox 1152 2277 1290 2343; x_wconf 84' lang='lat' dir='ltr'>Pontifex</span> 
     </span>
     <span class='ocr_line' id='line_1_21' title="bbox 219 2375 1290 2458; baseline -0.003 -16"><span class='ocrx_word' id='word_1_145' title='bbox 219 2376 404 2442; x_wconf 84' lang='lat' dir='ltr'>Alexander</span> <span class='ocrx_word' id='word_1_146' title='bbox 424 2375 481 2440; x_wconf 86' lang='grc' dir='ltr'>ΠΙ.</span> <span class='ocrx_word' id='word_1_147' title='bbox 504 2397 568 2440; x_wconf 90' lang='lat' dir='ltr'>uon</span> <span class='ocrx_word' id='word_1_148' title='bbox 597 2376 706 2458; x_wconf 89' lang='lat' dir='ltr'>potuit</span> <span class='ocrx_word' id='word_1_149' title='bbox 734 2376 887 2454; x_wconf 86' lang='lat' dir='ltr'>suadere,</span> <span class='ocrx_word' id='word_1_150' title='bbox 918 2382 956 2440; x_wconf 90' lang='lat' dir='ltr'>ut</span> <span class='ocrx_word' id='word_1_151' title='bbox 983 2377 1225 2442; x_wconf 88' lang='lat' dir='ltr'>matrimonium</span> <span class='ocrx_word' id='word_1_152' title='bbox 1248 2376 1290 2439; x_wconf 90' lang='lat' dir='ltr'>in·</span> 
     </span>
     <span class='ocr_line' id='line_1_22' title="bbox 219 2474 1289 2557; baseline -0.004 -17"><span class='ocrx_word' id='word_1_153' title='bbox 219 2475 361 2541; x_wconf 88' lang='lat' dir='ltr'>validum</span> <span class='ocrx_word' id='word_1_154' title='bbox 382 2474 515 2539; x_wconf 90' lang='lat' dir='ltr'>faceret.</span> <span class='ocrx_word' id='word_1_155' title='bbox 552 2474 659 2539; x_wconf 88' lang='lat' dir='ltr'>Minor</span> <span class='ocrx_word' id='word_1_156' title='bbox 680 2474 863 2557; x_wconf 90' lang='lat' dir='ltr'>argumenti</span> <span class='ocrx_word' id='word_1_157' title='bbox 881 2474 986 2538; x_wconf 89' lang='lat' dir='ltr'>nostri</span> <span class='ocrx_word' id='word_1_158' title='bbox 1008 2474 1153 2555; x_wconf 84' lang='lat' dir='ltr'>evidens3</span> <span class='ocrx_word' id='word_1_159' title='bbox 1176 2476 1289 2542; x_wconf 88' lang='lat' dir='ltr'>animus</span> 
     </span>
     <span class='ocr_line' id='line_1_23' title="bbox 219 2571 1290 2657; baseline -0.002 -19"><span class='ocrx_word' id='word_1_160' title='bbox 219 2574 306 2639; x_wconf 92' lang='lat' dir='ltr'>enim</span> <span class='ocrx_word' id='word_1_161' title='bbox 337 2594 507 2657; x_wconf 85' lang='lat' dir='ltr'>expressus</span> <span class='ocrx_word' id='word_1_162' title='bbox 540 2573 711 2638; x_wconf 88' lang='lat' dir='ltr'>exercendi</span> <span class='ocrx_word' id='word_1_163' title='bbox 742 2571 893 2656; x_wconf 92' lang='lat' dir='ltr'>copulam</span> <span class='ocrx_word' id='word_1_164' title='bbox 924 2592 989 2637; x_wconf 89' lang='lat' dir='ltr'>non</span> <span class='ocrx_word' id='word_1_165' title='bbox 1021 2574 1198 2640; x_wconf 87' lang='lat' dir='ltr'>concordat</span> <span class='ocrx_word' id='word_1_166' title='bbox 1228 2593 1290 2639; x_wconf 91' lang='lat' dir='ltr'>cum</span> 
     </span>
     <span class='ocr_line' id='line_1_24' title="bbox 218 2672 936 2755; baseline -0.003 -18"><span class='ocrx_word' id='word_1_167' title='bbox 218 2672 326 2738; x_wconf 89' lang='lat' dir='ltr'>animo</span> <span class='ocrx_word' id='word_1_168' title='bbox 348 2672 574 2736; x_wconf 88' lang='lat' dir='ltr'>castimoniam</span> <span class='ocrx_word' id='word_1_169' title='bbox 594 2679 755 2755; x_wconf 90' lang='lat' dir='ltr'>perpetuo</span> <span class='ocrx_word' id='word_1_170' title='bbox 777 2672 936 2737; x_wconf 90' lang='lat' dir='ltr'>servandi.</span> 
     </span>
    </p>

    <p class='ocr_par' dir='ltr' id='par_1_6' title="bbox 218 2769 1292 3350">
     <span class='ocr_line' id='line_1_25' title="bbox 281 2769 1289 2854; baseline -0.001 -19"><span class='ocrx_word' id='word_1_171' title='bbox 281 2792 307 2835; x_wconf 88' lang='lat' dir='ltr'>o.</span> <span class='ocrx_word' id='word_1_172' title='bbox 349 2771 476 2836; x_wconf 88' lang='lat' dir='ltr'>Gonet</span> <span class='ocrx_word' id='word_1_173' title='bbox 512 2769 681 2835; x_wconf 89' lang='lat' dir='ltr'>confirmat</span> <span class='ocrx_word' id='word_1_174' title='bbox 693 2771 718 2854; x_wconf 83' lang='lat'>²)</span> <span class='ocrx_word' id='word_1_175' title='bbox 758 2771 880 2850; x_wconf 87' lang='lat' dir='ltr'>thesin,</span> <span class='ocrx_word' id='word_1_176' title='bbox 920 2771 960 2835; x_wconf 91' lang='lat' dir='ltr'>de</span> <span class='ocrx_word' id='word_1_177' title='bbox 997 2792 1062 2853; x_wconf 92' lang='lat' dir='ltr'>qua</span> <span class='ocrx_word' id='word_1_178' title='bbox 1097 2771 1152 2836; x_wconf 90' lang='lat' dir='ltr'>hic</span> <span class='ocrx_word' id='word_1_179' title='bbox 1187 2791 1289 2847; x_wconf 87' lang='lat' dir='ltr'>sermo,</span> 
     </span>
     <span class='ocr_line' id='line_1_26' title="bbox 219 2870 1290 2954; baseline 0 -20"><span class='ocrx_word' id='word_1_180' title='bbox 219 2871 372 2953; x_wconf 86' lang='lat' dir='ltr'>sequenti¹</span> <span class='ocrx_word' id='word_1_181' title='bbox 397 2870 559 2952; x_wconf 89' lang='lat' dir='ltr'>exemplo:</span> <span class='ocrx_word' id='word_1_182' title='bbox 593 2871 684 2936; x_wconf 85' lang='lat' dir='ltr'>Sicut</span> <span class='ocrx_word' id='word_1_183' title='bbox 710 2871 744 2934; x_wconf 90' lang='lat' dir='ltr'>in</span> <span class='ocrx_word' id='word_1_184' title='bbox 772 2871 873 2935; x_wconf 87' lang='lat' dir='ltr'>fundo</span> <span class='ocrx_word' id='word_1_185' title='bbox 901 2893 949 2954; x_wconf 92' lang='lat' dir='ltr'>vg.</span> <span class='ocrx_word' id='word_1_186' title='bbox 979 2871 1099 2954; x_wconf 83' lang='lat' dir='ltr'>duplex</span> <span class='ocrx_word' id='word_1_187' title='bbox 1126 2872 1290 2938; x_wconf 89' lang='lat' dir='ltr'>dominium</span> 
     </span>
     <span class='ocr_line' id='line_1_27' title="bbox 220 2969 1292 3054; baseline 0 -21"><span class='ocrx_word' id='word_1_188' title='bbox 220 2969 376 3052; x_wconf 87' lang='lat' dir='ltr'>distingui</span> <span class='ocrx_word' id='word_1_189' title='bbox 404 2969 501 3047; x_wconf 90' lang='lat' dir='ltr'>solet,</span> <span class='ocrx_word' id='word_1_190' title='bbox 531 2969 671 3034; x_wconf 91' lang='lat' dir='ltr'>alterum</span> <span class='ocrx_word' id='word_1_191' title='bbox 698 2971 866 3054; x_wconf 93' lang='lat' dir='ltr'>proprium</span> <span class='ocrx_word' id='word_1_192' title='bbox 895 2978 929 3036; x_wconf 90' lang='lat' dir='ltr'>et</span> <span class='ocrx_word' id='word_1_193' title='bbox 957 2970 1133 3049; x_wconf 91' lang='lat' dir='ltr'>directum,</span> <span class='ocrx_word' id='word_1_194' title='bbox 1164 2972 1292 3038; x_wconf 88' lang='lat' dir='ltr'>alterum</span> 
     </span>
     <span class='ocr_line' id='line_1_28' title="bbox 219 3067 1291 3153; baseline -0.003 -20"><span class='ocrx_word' id='word_1_195' title='bbox 219 3068 301 3133; x_wconf 92' lang='lat' dir='ltr'>utile</span> <span class='ocrx_word' id='word_1_196' title='bbox 330 3067 439 3151; x_wconf 91' lang='lat' dir='ltr'>quoad</span> <span class='ocrx_word' id='word_1_197' title='bbox 467 3067 705 3133; x_wconf 88' lang='lat' dir='ltr'>usumfructum</span> <span class='ocrx_word' id='word_1_198' title='bbox 732 3076 907 3153; x_wconf 89' lang='lat' dir='ltr'>potestque</span> <span class='ocrx_word' id='word_1_199' title='bbox 937 3067 1114 3134; x_wconf 88' lang='lat' dir='ltr'>dominium</span> <span class='ocrx_word' id='word_1_200' title='bbox 1144 3070 1291 3136; x_wconf 88' lang='lat' dir='ltr'>directum</span> 
     </span>
     <span class='ocr_line' id='line_1_29' title="bbox 218 3166 1290 3250; baseline -0.001 -20"><span class='ocrx_word' id='word_1_201' title='bbox 218 3166 262 3230; x_wconf 91' lang='lat' dir='ltr'>ab</span> <span class='ocrx_word' id='word_1_202' title='bbox 283 3167 358 3231; x_wconf 90' lang='lat' dir='ltr'>utili</span> <span class='ocrx_word' id='word_1_203' title='bbox 380 3167 528 3250; x_wconf 91' lang='lat' dir='ltr'>separari</span> <span class='ocrx_word' id='word_1_204' title='bbox 546 3173 580 3232; x_wconf 90' lang='lat' dir='ltr'>et</span> <span class='ocrx_word' id='word_1_205' title='bbox 601 3189 701 3232; x_wconf 91' lang='lat' dir='ltr'>unum</span> <span class='ocrx_word' id='word_1_206' title='bbox 722 3168 810 3232; x_wconf 90' lang='lat' dir='ltr'>tradi</span> <span class='ocrx_word' id='word_1_207' title='bbox 831 3168 900 3232; x_wconf 91' lang='lat' dir='ltr'>sine</span> <span class='ocrx_word' id='word_1_208' title='bbox 922 3167 1043 3245; x_wconf 91' lang='lat' dir='ltr'>altero,</span> <span class='ocrx_word' id='word_1_209' title='bbox 1074 3175 1111 3232; x_wconf 93' lang='lat' dir='ltr'>ut</span> <span class='ocrx_word' id='word_1_210' title='bbox 1133 3166 1290 3250; x_wconf 76' lang='lat' dir='ltr'>contingit</span> 
     </span>
     <span class='ocr_line' id='line_1_30' title="bbox 220 3264 1290 3350; baseline -0.001 -21"><span class='ocrx_word' id='word_1_211' title='bbox 220 3265 350 3349; x_wconf 91' lang='lat' dir='ltr'>quando</span> <span class='ocrx_word' id='word_1_212' title='bbox 377 3264 525 3330; x_wconf 91' lang='lat' dir='ltr'>dominus</span> <span class='ocrx_word' id='word_1_213' title='bbox 554 3266 612 3330; x_wconf 90' lang='lat' dir='ltr'>dat</span> <span class='ocrx_word' id='word_1_214' title='bbox 638 3266 759 3330; x_wconf 87' lang='lat' dir='ltr'>vasallo</span> <span class='ocrx_word' id='word_1_215' title='bbox 792 3287 906 3350; x_wconf 90' lang='lat' dir='ltr'>agrum</span> <span class='ocrx_word' id='word_1_216' title='bbox 933 3267 967 3330; x_wconf 90' lang='lat' dir='ltr'>in</span> <span class='ocrx_word' id='word_1_217' title='bbox 995 3266 1129 3332; x_wconf 92' lang='lat' dir='ltr'>feudum</span> <span class='ocrx_word' id='word_1_218' title='bbox 1158 3268 1209 3334; x_wconf 89' lang='lat' dir='ltr'>vel</span> <span class='ocrx_word' id='word_1_219' title='bbox 1234 3287 1290 3330; x_wconf 90' lang='lat' dir='ltr'>em·</span> 
     </span>
    </p>
   </div>
   <div class='ocr_carea' id='block_1_5' title="bbox 219 3364 1332 3843">
    <p class='ocr_par' dir='ltr' id='par_1_7' title="bbox 219 3364 1332 3843">
     <span class='ocr_line' id='line_1_31' title="bbox 219 3364 1332 3450; baseline 0.004 -22"><span class='ocrx_word' id='word_1_220' title='bbox 219 3364 410 3446; x_wconf 82' lang='lat' dir='ltr'>phyteusin3</span> <span class='ocrx_word' id='word_1_221' title='bbox 443 3370 521 3429; x_wconf 90' lang='lat' dir='ltr'>tunc</span> <span class='ocrx_word' id='word_1_222' title='bbox 550 3366 636 3429; x_wconf 93' lang='lat' dir='ltr'>enim</span> <span class='ocrx_word' id='word_1_223' title='bbox 665 3364 843 3429; x_wconf 90' lang='lat' dir='ltr'>dominium</span> <span class='ocrx_word' id='word_1_224' title='bbox 872 3364 1032 3429; x_wconf 91' lang='lat' dir='ltr'>directum</span> <span class='ocrx_word' id='word_1_225' title='bbox 1061 3373 1095 3431; x_wconf 90' lang='lat' dir='ltr'>et</span> <span class='ocrx_word' id='word_1_226' title='bbox 1116 3383 1291 3450; x_wconf 89' lang='lat' dir='ltr'>supremum</span> <span class='ocrx_word' id='word_1_227' title='bbox 1330 3425 1332 3432; x_wconf 93' lang='lat'><em>.</em></span> 
     </span>
     <span class='ocr_line' id='line_1_32' title="bbox 219 3461 1291 3530; baseline -0.002 -3"><span class='ocrx_word' id='word_1_228' title='bbox 219 3462 283 3527; x_wconf 90' lang='lat' dir='ltr'>sibi</span> <span class='ocrx_word' id='word_1_229' title='bbox 310 3463 433 3530; x_wconf 90' lang='lat' dir='ltr'>retinet</span> <span class='ocrx_word' id='word_1_230' title='bbox 461 3469 495 3528; x_wconf 91' lang='lat' dir='ltr'>et</span> <span class='ocrx_word' id='word_1_231' title='bbox 524 3463 566 3526; x_wconf 90' lang='lat' dir='ltr'>ad</span> <span class='ocrx_word' id='word_1_232' title='bbox 587 3463 745 3528; x_wconf 82' lang='lat' dir='ltr'>vasallum</span> <span class='ocrx_word' id='word_1_233' title='bbox 767 3484 825 3526; x_wconf 88' lang='lat' dir='ltr'>seu</span> <span class='ocrx_word' id='word_1_234' title='bbox 846 3461 1124 3528; x_wconf 89' lang='lat' dir='ltr'>usufructuarium</span> <span class='ocrx_word' id='word_1_235' title='bbox 1145 3463 1291 3529; x_wconf 89' lang='lat' dir='ltr'>transfert</span> 
     </span>
     <span class='ocr_line' id='line_1_33' title="bbox 219 3559 1291 3646; baseline -0.004 -20"><span class='ocrx_word' id='word_1_236' title='bbox 219 3559 459 3626; x_wconf 85' lang='lat' dir='ltr'>usumfructum</span> <span class='ocrx_word' id='word_1_237' title='bbox 487 3568 521 3627; x_wconf 91' lang='lat' dir='ltr'>et</span> <span class='ocrx_word' id='word_1_238' title='bbox 542 3561 720 3627; x_wconf 90' lang='lat' dir='ltr'>dominium</span> <span class='ocrx_word' id='word_1_239' title='bbox 746 3561 836 3626; x_wconf 90' lang='lat' dir='ltr'>utile.</span> <span class='ocrx_word' id='word_1_240' title='bbox 880 3560 932 3625; x_wconf 89' lang='lat' dir='ltr'>lta</span> <span class='ocrx_word' id='word_1_241' title='bbox 958 3560 993 3624; x_wconf 92' lang='lat' dir='ltr'>in</span> <span class='ocrx_word' id='word_1_242' title='bbox 1021 3583 1157 3646; x_wconf 88' lang='lat' dir='ltr'>corpore</span> <span class='ocrx_word' id='word_1_243' title='bbox 1184 3562 1291 3628; x_wconf 88' lang='lat' dir='ltr'>utrius-</span> 
     </span>
     <span class='ocr_line' id='line_1_34' title="bbox 220 3659 1290 3744; baseline -0.003 -19"><span class='ocrx_word' id='word_1_244' title='bbox 220 3681 284 3743; x_wconf 91' lang='lat' dir='ltr'>que</span> <span class='ocrx_word' id='word_1_245' title='bbox 323 3661 468 3744; x_wconf 87' lang='lat' dir='ltr'>conjugis</span> <span class='ocrx_word' id='word_1_246' title='bbox 507 3660 744 3744; x_wconf 88' lang='lat' dir='ltr'>quodammodo</span> <span class='ocrx_word' id='word_1_247' title='bbox 784 3659 942 3742; x_wconf 85' lang='lat' dir='ltr'>distingui</span> <span class='ocrx_word' id='word_1_248' title='bbox 976 3666 1087 3742; x_wconf 88' lang='lat' dir='ltr'>potest</span> <span class='ocrx_word' id='word_1_249' title='bbox 1125 3661 1290 3727; x_wconf 91' lang='lat' dir='ltr'>dominium</span> 
     </span>
     <span class='ocr_line' id='line_1_35' title="bbox 220 3758 1289 3843; baseline -0.005 -20"><span class='ocrx_word' id='word_1_250' title='bbox 220 3758 381 3824; x_wconf 91' lang='lat' dir='ltr'>directum</span> <span class='ocrx_word' id='word_1_251' title='bbox 402 3781 422 3824; x_wconf 93' lang='lat' dir='ltr'>a</span> <span class='ocrx_word' id='word_1_252' title='bbox 444 3760 584 3825; x_wconf 90' lang='lat' dir='ltr'>dominio</span> <span class='ocrx_word' id='word_1_253' title='bbox 614 3759 689 3824; x_wconf 90' lang='lat' dir='ltr'>utili</span> <span class='ocrx_word' id='word_1_254' title='bbox 717 3758 825 3843; x_wconf 89' lang='lat' dir='ltr'>quoad</span> <span class='ocrx_word' id='word_1_255' title='bbox 852 3780 947 3824; x_wconf 92' lang='lat' dir='ltr'>usum</span> <span class='ocrx_word' id='word_1_256' title='bbox 974 3759 1109 3842; x_wconf 91' lang='lat' dir='ltr'>copulae</span> <span class='ocrx_word' id='word_1_257' title='bbox 1138 3775 1289 3840; x_wconf 90' lang='lat' dir='ltr'>unumque</span> 
     </span>
    </p>
   </div>
   <div class='ocr_carea' id='block_1_6' title="bbox 287 3973 1213 4044">
    <p class='ocr_par' dir='ltr' id='par_1_8' title="bbox 287 3973 1213 4044">
     <span class='ocr_line' id='line_1_36' title="bbox 287 3973 1213 4044; baseline -0.001 -15"><span class='ocrx_word' id='word_1_258' title='bbox 287 3975 307 4042; x_wconf 84' lang='lat'>¹)</span> <span class='ocrx_word' id='word_1_259' title='bbox 324 3974 373 4044; x_wconf 82' lang='lat' dir='ltr'>Cp.</span> <span class='ocrx_word' id='word_1_260' title='bbox 390 3974 465 4044; x_wconf 78' lang='lat' dir='ltr'>xvl,</span> <span class='ocrx_word' id='word_1_261' title='bbox 482 3974 514 4041; x_wconf 82' lang='lat' dir='ltr'>X,</span> <span class='ocrx_word' id='word_1_262' title='bbox 532 3973 766 4042; x_wconf 86' lang='lat' dir='ltr'>desponsalibus.</span> <span class='ocrx_word' id='word_1_263' title='bbox 800 3973 821 4042; x_wconf 78' lang='lat'>²)</span> <span class='ocrx_word' id='word_1_264' title='bbox 839 3974 870 4031; x_wconf 84' lang='lat' dir='ltr'>L.</span> <span class='ocrx_word' id='word_1_265' title='bbox 888 3991 912 4030; x_wconf 89' lang='lat' dir='ltr'>e.</span> <span class='ocrx_word' id='word_1_266' title='bbox 929 3979 996 4030; x_wconf 91' lang='lat' dir='ltr'>tom.</span> <span class='ocrx_word' id='word_1_267' title='bbox 1014 3976 1047 4044; x_wconf 88' lang='lat' dir='ltr'>V,</span> <span class='ocrx_word' id='word_1_268' title='bbox 1065 3991 1092 4044; x_wconf 87' lang='lat' dir='ltr'>p.</span> <span class='ocrx_word' id='word_1_269' title='bbox 1110 3976 1157 4030; x_wconf 82' lang='grc'>691</span> <span class='ocrx_word' id='word_1_270' title='bbox 1175 3991 1213 4043; x_wconf 86' lang='lat' dir='ltr'>sq.</span> 
     </span>
    </p>
   </div>
   <div class='ocr_carea' id='block_1_7' title="bbox 0 0 1377 4560">
    <p class='ocr_par' dir='ltr' id='par_1_9' title="bbox 0 0 1377 4560">
     <span class='ocr_line' id='line_1_37' title="bbox 0 0 1377 4560; baseline 0 0"><span class='ocrx_word' id='word_1_271' title='bbox 0 0 1377 4560; x_wconf 95' lang='lat' dir='ltr'> </span> 
     </span>
    </p>
   </div>
  </div>
 </body>
</html>
