2814 4548
576 359 633 418 591

71 517 200 597 dicitur,
240 519 297 583 scd
328 517 460 584 naaraln
515 517 601 594 Quid
632 523 683 582 cst
713 519 829 601 igitur,
866 519 953 603 quod
985 522 1146 606 significat

70 616 194 681 almah?
228 615 463 682 absconditam
484 615 641 700 virginem
668 616 689 680 i.
712 637 740 680 e.
761 638 826 682 non
853 619 958 683 solum
979 621 1145 704 virginem,

70 715 123 780 sed
150 737 224 781 cum
253 716 403 782 ἐπιτάσει
432 716 607 798 virginem,
641 716 718 799 quia
744 738 810 780 non
837 719 940 783 omnis
972 720 1061 803 virgo
1089 721 1147 786 ab·

70 816 213 882 scondita
233 823 361 882 estnec
383 816 424 881 ab
442 813 609 880 hominurn
629 814 767 881 fortuito
789 823 942 899 separata
960 826 1144 902 conspectu.

70 916 214 999 Denique
243 923 277 981 et
298 915 448 981 Rebecca
475 913 649 991 inGencsi
676 915 717 979 ob
744 915 878 981 nimiam
905 918 1091 983 castitatem
1113 926 1147 985 et

69 1015 229 1081 Ecclesiae
250 1023 372 1098 typum,
395 1036 492 1098 quem
512 1015 546 1077 in
568 1036 627 1079 sua
647 1015 835 1097 virginitate
857 1016 1016 1098 signabat,
1038 1017 1147 1083 almah
1187 1028 1190 1033 “

69 1115 220 1181 scribitur
232 1135 299 1180 non
309 1114 468 1192 b’thulah,
481 1114 567 1178 sicut
581 1113 790 1179 manifestum
808 1135 878 1179 esse
891 1116 1015 1197 poterit
1025 1138 1066 1181 ex
1079 1137 1147 1181 ser·

53 1215 215 1286 ¹monibus
231 1214 326 1298 pueri
342 1212 516 1291 Abraham,
536 1234 618 1295 quos
635 1211 783 1296 loquitur
801 1213 835 1277 in
852 1213 1088 1297 Mesopotamia
1106 1253 1147 1262 -

68 1313 190 1398 ,virgo,
220 1335 304 1397 quae
334 1310 534 1399 egredietur,
564 1318 602 1375 ut
623 1311 757 1377 hauriat
777 1314 917 1395 aquam“
927 1314 952 1394 ¹)
974 1351 1014 1360 -
1036 1315 1069 1378 in
1090 1315 1146 1380 he·

68 1412 176 1477 braiao
205 1413 364 1496 scriptum
393 1417 445 1476 est
472 1408 582 1475 almah
609 1410 629 1473 i.
653 1431 680 1474 e.
710 1411 799 1493 virgo
828 1419 955 1476 secreta
985 1421 1018 1478 et
1046 1413 1148 1478 nimia

67 1517 238 1591 parentum
260 1510 431 1593 diligentia
451 1508 624 1574 custodita.
668 1509 736 1574 Aut
753 1517 842 1574 certe
864 1511 1040 1576 ostendant
1056 1512 1145 1590 mihi,

67 1609 120 1674 nbi
141 1610 204 1675 hoc
232 1609 330 1674 verbo
352 1608 560 1693 appellentur
588 1615 623 1674 et
642 1615 765 1692 nuptae
794 1615 828 1672 et
849 1609 1050 1691 imperitiam
1072 1632 1147 1675 con·

67 1708 214 1774 fitebor.“

124 1807 294 1890 Virginem
316 1807 415 1872 etiam
433 1806 545 1889 lingua
562 1807 683 1889 punica
702 1806 863 1890 appellari
880 1806 997 1895 almah,
1017 1830 1041 1872 s.
1061 1807 1147 1873 Hie-

66 1927 248 1990 ronymus
288 1906 485 1972 testificatur
508 1906 555 1970 'in
591 1906 744 1988 Isaiam2)
784 1905 997 1990 subjungam,
1039 1907 1147 1990 ,haud

66 2027 229 2090 quaquam
265 2028 299 2071 se
334 2007 535 2084 meminisse,
574 2006 636 2070 hoc
670 2006 864 2070 vocabulum
900 2006 942 2071 ad
977 2006 1146 2072 mulierem

64 2113 202 2188 nuptam
228 2104 486 2188 significandam,
515 2105 573 2170 sed
594 2105 637 2169 ad
658 2105 891 2188 designandam
920 2106 1076 2188 virginem
1095 2107 1147 2190 ju·

65 2205 167 2270 nioris
187 2205 307 2270 aetatis
331 2205 415 2270 etin
437 2204 530 2269 annis
551 2204 791 2269 adolescentiae
813 2204 997 2270 adhibitum
1015 2204 1145 2270 fnisse.“

65 2303 212 2369 Eandem
246 2305 417 2369 veritatem
449 2303 554 2368 fusius
591 2303 725 2385 exponit
756 2304 790 2366 in
826 2303 1059 2369 traditionibus
1091 2303 1148 2369 he·

65 2403 194 2468 braicis.
241 2403 393 2486 ,Almah,
431 2402 519 2485 quod
550 2402 790 2485 interpretatur
821 2402 1029 2480 abscondita,
1063 2401 1084 2467 i.
1118 2423 1145 2466 e.

64 2503 153 2585 virgo
187 2502 287 2566 nimia
319 2501 489 2584 diligentia
520 2500 700 2579 custodita,
740 2502 862 2585 inquit,
903 2501 1035 2584 majoris
1067 2500 1148 2565 mihi

64 2603 195 2667 videtur
225 2601 332 2666 laudis
365 2623 451 2680 esse,
488 2622 586 2684 quam
619 2601 717 2684 virgo.
770 2601 869 2684 Virgo
902 2598 1023 2682 quippe
1052 2599 1147 2682 juxta

63 2701 257 2784 Apostolum
275 2707 386 2784 potest
404 2721 473 2765 esse
492 2720 628 2782 corpore
651 2706 685 2764 et
702 2721 767 2764 non
785 2699 912 2783 spiritu.
948 2697 1148 2766 Abscondita

63 2821 157 2877 vero,
188 2821 272 2883 quae
293 2799 383 2882 virgo
413 2805 478 2876 est,
510 2800 659 2864 ἐπίτασιν
687 2798 885 2880 virginitatis
906 2797 1024 2876 habet,
1054 2802 1149 2862 utet

63 2899 154 2982 virgo
184 2896 227 2962 sit
257 2905 290 2962 et
320 2897 527 2963 abscondita:
561 2905 595 2962 et
623 2919 707 2980 quae
736 2897 928 2962 abscondita
958 2903 1024 2974 est,
1052 2896 1148 2979 juxta

63 2997 187 3062 idioma
206 2996 338 3079 linguae
357 2996 528 3075 hebraeae,
552 3003 790 3080 consequenter
811 3002 846 3061 et
864 2996 953 3079 virgo
976 3001 1039 3060 est:
1062 3015 1149 3078 quae

63 3103 176 3160 autem
207 3095 311 3177 virge,
345 3116 425 3190 non⁸
442 3096 555 3161 statim
588 3096 747 3179 sequitur,
780 3100 819 3158 ut
849 3091 1041 3159 abscondita
1072 3093 1147 3158 sit.“

64 3184 271 3274 ,Ostendant
289 3193 400 3276 igitur,
422 3193 597 3272 concludit,
622 3193 744 3277 judaei,
771 3194 804 3257 in
827 3191 1004 3274 Scripturis
1026 3189 1149 3255 alicubi

61 3293 210 3376 positum
234 3292 358 3372 almah,
388 3292 446 3357 ubi
475 3293 753 3359 adolescentulam
780 3298 910 3358 tantum
937 3295 973 3354 et
992 3310 1059 3354 non
1085 3289 1148 3352 vir-

62 3393 174 3475 ginem
188 3397 283 3456 sonet
298 3397 332 3456 et
345 3390 552 3458 concedimus
568 3392 614 3458 eis
628 3391 720 3471 illud,
738 3390 825 3475 quod
839 3390 874 3454 in
884 3390 971 3454 Isaia
987 3387 1076 3471 apud
1088 3408 1149 3452 nos

38 3515 44 3526 ’
63 3493 200 3557 dicitur:
225 3490 329 3573 ,Ecce
344 3491 443 3573 Virgo
461 3491 623 3574 concipiet
641 3497 676 3556 et
693 3490 820 3574 pariet“
839 3511 905 3553 non
922 3486 1148 3554 absconditam

62 3592 230 3675 virginem,
253 3590 312 3655 sed
333 3589 608 3656 adolescentulam
630 3588 811 3674 significare
830 3589 898 3672 jam
918 3585 1085 3670 nuptam.“

128 3697 156 3756 5.
191 3690 327 3756 Accedit
344 3689 486 3755 alterum
506 3695 707 3754 momentum
724 3688 866 3772 petitum
888 3709 928 3752 ex
948 3684 1148 3752 auctoritate

62 3790 328 3873 septuaginta
348 3789 638 3873 Interpretum,
661 3789 718 3873 qui
738 3789 772 3854 in
793 3808 854 3853 sua
874 3787 1023 3852 versione
1043 3804 1148 3868 aeque

132 4005 153 4070 ι)
171 4003 239 4059 cen.
256 3999 357 4068 xxiv,
373 4004 413 4058 n.
447 4004 469 4071 a
488 4001 609 4071 vn,14.
