2808 4556
729 343 789 402 594

216 525 354 588 cumque
384 505 470 569 enim
499 525 597 568 sensu
626 504 734 568 locum
754 501 841 566 huuc
870 524 890 566 a
911 503 1009 568 variis
1031 503 1194 587 theologis
1214 509 1309 572 varie

215 604 400 686 expositum
426 603 583 686 accipias,
613 623 675 666 vox
704 601 852 684 ,almah“
883 621 1012 684 semper
1038 602 1204 685 significat
1226 605 1308 671 ado-

214 701 429 768 lescentulam
449 703 615 785 virginem,
638 702 804 784 virginem,
831 721 915 784 quae
938 701 1056 766 saltem
1079 723 1119 766 ex
1141 707 1309 770 communi

216 802 383 865 hominum
408 800 532 883 judicio
561 800 639 866 talis
666 807 731 879 est,
762 800 865 883 quod,
895 801 945 865 uti
975 801 1209 867 animadvertit
1230 803 1309 868 Per·
1398 855 1399 860 η

216 921 305 979 rone,
316 901 340 980 ¹)
370 901 450 965 satis
472 900 586 964 estad
612 898 879 978 concludendum,
910 921 1006 963 usum
1033 899 1191 983 loquendi
1220 903 1310 985 apud

209 998 359 1088 ¹ludaeos
390 1005 560 1081 receptum
591 998 712 1062 invicte
744 997 933 1076 ostendere,
973 997 1084 1062 almah
1122 999 1163 1064 de
1195 1001 1310 1082 puella

217 1100 357 1181 innupta
393 1119 451 1162 seu
479 1097 603 1179 virgine
632 1096 738 1161 nubili
773 1097 934 1180 usurpari.
987 1098 1021 1162 Si
1050 1119 1170 1164 nomen
1198 1100 1310 1164 almah

217 1198 280 1262 hoc
307 1196 380 1262 loco
403 1218 462 1279 pro
491 1195 628 1259 muliere
649 1195 794 1277 positum
823 1201 910 1260 esset
937 1204 1109 1279 corrupte,
1146 1199 1221 1279 ,via
1250 1200 1311 1263 viri

216 1297 250 1359 in
277 1293 543 1360 adolescentula“
572 1294 641 1357 sine
671 1292 738 1358 ullo
775 1292 874 1358 dubio
911 1302 1164 1376 cognosceretur
1200 1297 1307 1363 multo

218 1394 366 1473 facilius,
397 1416 495 1478 quam
524 1394 598 1475 ,via
625 1393 757 1476 aquilae
785 1394 819 1456 in
841 1392 948 1471 coelo,
977 1394 1030 1457 via
1058 1393 1187 1458 colubri
1210 1416 1310 1479 super

218 1502 342 1560 terram
370 1493 422 1558 vel
449 1494 502 1557 via
534 1493 625 1557 navis
656 1493 690 1556 in
718 1491 826 1556 medio
855 1492 975 1571 mari,“
1013 1492 1091 1575 quia
1119 1492 1310 1559 violationis

218 1593 356 1675 vestigia
388 1611 517 1674 semper
546 1590 715 1656 manentia
749 1589 846 1654 facile
879 1596 1044 1655 notentur.
1099 1590 1227 1672 ,Purus
1261 1599 1312 1657 est

219 1712 277 1756 aer
290 1697 397 1773 atque
420 1692 547 1772 integer
568 1688 609 1752 ab
632 1687 762 1770 aquilae
783 1686 905 1766 volatu,
932 1688 1041 1770 inquit
1068 1688 1310 1770 Sanctius,²)

221 1789 347 1872 quiesi
369 1789 448 1871 quid
469 1788 511 1852 ab
534 1786 592 1852 illa
609 1787 713 1852 trahit
733 1787 851 1865 odoris,
870 1794 987 1869 utpote
1008 1807 1029 1850 a
1049 1786 1175 1851 volucri
1197 1787 1311 1869 rapaci

221 1895 255 1953 et
275 1887 500 1970 sanguinaria,
529 1885 613 1949 illud
636 1886 749 1950 statim
778 1886 918 1968 dissipat
940 1905 979 1950 ac
1000 1884 1120 1967 perdit.
1165 1885 1262 1962 Quod
1284 1886 1312 1949 si

108 2051 114 2060 ,
221 1985 331 2050 volatu
354 1985 512 2050 dividitur
532 1987 604 2061 aer,
633 1982 722 2048 illico
744 1990 856 2048 tamen
878 1985 948 2066 ejus
969 1990 1081 2065 partes
1110 1990 1233 2048 coeunt
1255 1984 1311 2048 de-

220 2085 354 2167 lentque
383 2082 524 2148 volantis
553 2081 684 2165 aquilae
712 2082 894 2164 vestigium.
939 2081 1003 2148 Sed
1032 2090 1083 2146 est
1104 2081 1151 2145 ibi
1173 2083 1311 2166 aliquid,

222 2182 309 2266 quod
337 2182 416 2247 licet
448 2182 538 2246 brevi
566 2188 666 2264 atque
698 2179 822 2244 difficili
853 2188 913 2246 aut
941 2181 1081 2246 odoratu
1110 2181 1223 2264 capias
1252 2188 1313 2246 aut

222 2279 324 2344 oculis
356 2287 460 2344 notes.
512 2280 638 2346 Similia
670 2280 735 2344 dici
767 2287 904 2362 possunt
933 2279 973 2343 de
1005 2280 1088 2343 mari
1120 2301 1140 2343 a
1173 2280 1312 2344 navibus

221 2379 345 2444 sulcato
375 2385 434 2443 aut
462 2378 502 2443 de
531 2385 640 2461 petra,
675 2401 774 2460 supra
803 2399 901 2460 quam
929 2385 1099 2461 reptavere
1129 2386 1311 2461 serpentes,

222 2477 286 2541 Sed
304 2477 337 2540 in
356 2477 480 2559 virgine
498 2479 550 2542 via-
567 2478 628 2542 viri
645 2479 666 2541 i.
684 2499 711 2542 e.
730 2477 832 2541 virilis
851 2498 970 2560 operae
989 2477 1164 2560 vestigium
1182 2479 1312 2543 nullum

222 2583 287 2654 est,
317 2576 395 2658 quia
417 2575 546 2642 illibata
567 2583 633 2655 est3
663 2583 763 2659 atque
792 2576 874 2640 adeo
897 2577 1029 2658 penitus
1057 2577 1230 2658 ignoratur
1253 2578 1314 2643 ali·

222 2675 314 2757 quid,
345 2674 432 2757 quod
460 2698 481 2740 a
508 2677 576 2740 viro
607 2676 658 2740 sit.
708 2674 802 2740 Alter
830 2696 944 2740 sensus
973 2675 1174 2740 commodior
1202 2677 1312 2742 adhuc

223 2780 257 2838 et
278 2773 447 2838 illustrior.
487 2774 671 2840 Secundum
688 2773 923 2856 Hieronymum
944 2773 1093 2856 ,almah“
1117 2796 1183 2839 non
1205 2775 1314 2840 solum

222 2872 380 2955 virginem
407 2873 583 2957 significat,
613 2872 794 2938 sedetiam
821 2871 1057 2938 absconditam.
1101 2874 1257 2939 Secessus
1280 2883 1314 2940 et

223 2970 411 3050 claustrum,
442 2994 481 3037 ex
504 2995 568 3056 quo
590 2973 708 3055 pedem
737 2972 852 3037 efferre
874 2993 940 3037 non
961 2970 1047 3036 solet
1067 2971 1189 3054 pudica
1211 2974 1313 3056 virgo,
1398 3017 1399 3028 ι

223 3072 304 3136 satis
333 3094 352 3136 a
384 3072 542 3137 machinis
574 3072 744 3136 amatoriis
777 3078 811 3136 et
837 3071 965 3136 insidiis
996 3069 1189 3152 virginalem
1217 3072 1315 3154 pudi-

223 3171 336 3236 citiam
362 3178 507 3236 tuentur.
551 3171 651 3236 Nulla
680 3171 744 3235 erit
765 3171 895 3235 omnino
924 3169 987 3234 viri
1014 3169 1067 3234 via
1095 3169 1139 3234 ad
1161 3169 1313 3251 ,almah·'‘'
1398 3245 1399 3250 ἵ

224 3271 244 3332 i.
274 3291 300 3334 e.
331 3270 374 3333 ad
402 3271 560 3353 uirginem
590 3271 824 3335 absconditam.
877 3271 996 3335 Sensus
1027 3290 1103 3352 ergo
1133 3276 1201 3348 est,
1232 3270 1317 3334 nihil

224 3388 294 3432 esse
323 3374 393 3432 tam
420 3367 565 3446 difficile,
596 3369 684 3451 quod
705 3390 770 3433 non
792 3375 956 3446 tentetur,
988 3367 1071 3431 nihil
1092 3375 1162 3434 tam
1182 3390 1315 3450 purum,

224 3465 313 3548 quod
334 3487 399 3530 non
428 3466 540 3549 aliqua
568 3468 696 3532 ratione
720 3467 890 3545 turbetur,
918 3467 1012 3532 utin
1040 3469 1116 3532 aere
1137 3474 1250 3549 patet,
1282 3469 1317 3532 in

224 3567 318 3648 aquis
351 3573 385 3630 et
413 3566 446 3629 in
478 3573 588 3647 petra:
625 3575 662 3633 at
690 3568 840 3633 custodia
871 3567 1004 3650 virginis
1036 3567 1082 3630 sic
1114 3564 1189 3632 illas
1222 3573 1318 3634 tutas

224 3663 334 3729 reddit
355 3664 396 3729 ab
425 3672 610 3730 amatorum
637 3666 779 3745 insidiis,
810 3673 936 3730 utnon
964 3665 1069 3730 solum
1097 3686 1163 3728 non
1192 3687 1318 3748 expug-

225 3813 421 3824 ----——-——

226 3893 312 4028 VH1)
334 3892 428 4026 Tppct.
453 3893 488 3947 de
510 3895 619 3952 Inearn.
644 3913 670 3963 p.
694 3894 730 3962 ll,
755 3911 801 3964 op.
823 3895 857 3950 ll.
900 3897 921 3962 2)
940 3897 1092 3952 Comment.
1115 3897 1144 3950 in
1166 3894 1230 3952 lsai.
1254 3913 1319 3968 cap.
1398 3891 1399 3900 ¹

282 3988 333 4037 ,n
385 4011 392 4026 .
