2728 4554
726 339 786 400 452

217 499 315 566 tianti
343 498 530 584 mysterium
558 499 826 563 Incarnationis.“
876 499 1049 582 Repugnat
1077 509 1185 566 tamen
1211 503 1279 568 haec

216 598 381 664 sententia

280 703 306 761 1.
340 719 363 762 s.
388 696 646 778 scripturae.
691 696 811 762 Scribit
832 698 918 761 enim
939 697 1130 781 Apostolus:
1153 701 1209 782 „Si
1229 723 1279 765 au·

217 805 300 863 tem·
319 796 473 879 gratia,
499 795 580 878 jam
600 816 680 858 non
702 816 748 858 ex
770 795 970 878 operibus
999 797 1020 859 i.
1044 819 1070 861 e.
1095 819 1135 862 ex
1156 800 1278 875 meritis;

217 896 411 980 alioquin
443 895 583 978 gratia
609 895 691 976 jam
722 915 801 958 non
834 901 897 959 es't
925 896 1140 978 gratia;“¹)
1172 919 1280 962 summa

218 1001 357 1079 ergoet
385 992 656 1058 excellentissima
683 993 798 1074 gratia,
828 1013 943 1076 nempe
970 994 1165 1074 incarnatio,
1194 997 1280 1061 multo

218 1096 343 1170 minus,
361 1092 421 1157 sub
453 1092 607 1156 meritum
642 1092 757 1155 veniet.
812 1092 1058 1175 „Apparuit,
1097 1094 1177 1159 dicit
1208 1095 1280 1158 idem

218 1192 438 1277 Apostolus‚2)
468 1191 720 1273 benignitas.
738 1197 778 1256 et
799 1191 1039 1257 humanitas
1062 1193 1280 1259 Salvatoris

218 1293 359 1359 nostri
391 1291 481 1369 Dei,
517 1312 597 1354 non
629 1311 676 1354 ex
707 1290 909 1372 operibus
938 1291 1157 1374 justitiae,
1193 1313 1280 1378 quae

218 1393 395 1459 fecimus
442 1411 529 1468 nos,
578 1389 649 1454 sed
692 1390 919 1454 secundum
959 1391 1282 1458 misericordiam

219 1513 333 1558 suam
361 1489 499 1554 salvos
528 1509 600 1553 nos
629 1488 766 1553 feeit.“
807 1489 843 1552 B.
866 1489 965 1571 Virgo
997 1511 1073 1572 ergo
1095 1513 1161 1556 non
1180 1491 1282 1556 meruit

219 1589 481 1656 Incarnationem
508 1609 565 1652 seu
594 1587 840 1652 maternitatem
868 1588 1018 1666 divinam,
1049 1588 1132 1654 alias
1159 1612 1219 1654 non
1243 1611 1281 1653 se·

219 1689 359 1754 cundum
381 1685 645 1764 misericordiam,
668 1685 725 1750 sed
747 1687 923 1751 secundum
941 1687 1107 1770 justitiam
1129 1689 1213 1753 Deus
1232 1687 1282 1752 sal·

219 1811 275 1854 vos
296 1810 355 1852 nos
377 1786 517 1850 fecisset.

282 1893 310 1952 2.
359 1885 554 1967 Conspirant
591 1885 626 1947 in
667 1884 862 1948 sententiam
900 1885 984 1949 hanc
1029 1906 1168 1950 omnes
1208 1885 1282 1949 fere

221 2011 268 2054 ss.
298 1987 447 2051 Patres
479 2005 517 2048 ac
546 1981 698 2064 theologi.
751 1982 941 2066 „Quisquis
974 1985 1083 2068 inquit
1115 1985 1144 2049 d.
1174 1985 1283 2066 Augu-

221 2086 412 2166 stinus‚³)
445 2083 479 2146 in
508 2081 615 2163 capite
643 2088 756 2146 nostro
786 2083 1017 2163 praecedentia
1048 2085 1168 2149 merita
1194 2084 1284 2166 singu·

220 2185 299 2248 laris
320 2182 408 2247 illius
435 2179 653 2264 generationis
675 2179 850 2258 invenerit,
869 2182 951 2264 ¹ipse
981 2182 1015 2246 in
1036 2184 1130 2248 nobis
1150 2182 1284 2247 membris

222 2285 290 2366 ejus
312 2280 543 2365 praecedentia
564 2280 681 2344 merita
708 2280 945 2362 multiplicatae
967 2277 1220 2364 regenerationis
1244 2301 1284 2343 re·

223 2383 340 2467 quirat.
382 2379 496 2463 Neque
525 2379 610 2442 enim
631 2379 794 2443 retributa
816 2386 866 2445 est
888 2380 1018 2445 Christo
1046 2381 1105 2446 illa
1126 2380 1283 2465 generatio,
1345 2379 1346 2384 ’

222 2481 280 2546 sed
308 2479 450 2556 tributa,
480 2483 517 2541 ut
539 2477 664 2541 alienus
693 2477 734 2541 ab
764 2479 852 2542 omni
880 2479 1080 2562 obligatione
1108 2480 1231 2563 peccati
1254 2477 1284 2540 de
1345 2495 1346 2544 3

224 2579 349 2662 Spiritu
377 2584 410 2641 et
430 2576 562 2658 Virgine
584 2581 783 2640 nasceretur.
828 2573 880 2642 Sic
903 2583 937 2641 et
957 2579 1068 2656 nobis
1098 2585 1137 2644 ut
1158 2600 1197 2642 ex
1215 2597 1285 2659 aqua
1345 2609 1346 2632 r

224 2686 257 2743 et
279 2678 397 2761 spiritu
424 2696 682 2752 renasceremur,
713 2697 778 2740 non
806 2677 1005 2742 retributum
1035 2685 1086 2743 est
1107 2700 1166 2761 pro
1193 2677 1284 2759 aliquo

223 2779 356 2856 merito,
387 2776 445 2840 sed
472 2775 567 2838 nobis
596 2774 787 2839 tributum.“
838 2776 876 2839 D.
907 2776 1090 2858 Augustino
1118 2775 1284 2859 plenissime

224 2876 385 2941 consentit
407 2875 556 2938 Doctor
577 2872 795 2954 Angelicus
823 2874 1023 2957 inquiens:4)
1051 2874 1183 2958 „Neque
1204 2893 1285 2956 opera

224 2974 359 3039 alterius
394 2973 614 3055 cujuscunque
648 2973 786 3038 hominis
820 2981 1000 3056 potuerunt
1034 2995 1104 3040 esse
1137 2971 1284 3038 meritoris

223 3072 320 3154 hujus
341 3071 470 3135 unionis
493 3091 532 3134 ex
554 3069 729 3152 condigno:

286 3192 314 3234 a.
349 3170 432 3247 Quia
460 3190 559 3251 opera
588 3169 756 3234 meritoria
784 3169 924 3235 hominis
952 3172 1085 3254 proprie
1115 3171 1283 3235 ordinantur
1347 3189 1348 3238 3

224 3269 268 3333 ad
288 3268 534 3346 beatitudinem,
558 3289 641 3351 quae
664 3274 714 3331 est
735 3269 866 3333 virtutis
889 3269 1079 3352 praemium,
1103 3276 1137 3334 et
1157 3265 1283 3334 consistit
1345 3331 1346 3334 ,

223 3358 258 3429 in
279 3366 376 3449 plena
398 3367 460 3431 Dei
480 3366 645 3431 fruitione.
688 3366 773 3431 Unio
795 3374 906 3433 autem
927 3367 1178 3446 Incarnationis‚
1202 3382 1282 3448 quum

224 3465 268 3529 sit
288 3466 323 3528 in
345 3485 413 3529 esse
435 3465 611 3548 personali,
643 3467 846 3532 transcendit
869 3467 1023 3533 unionem
1049 3467 1166 3532 beatae
1186 3461 1281 3530 mentis
1347 3485 1348 3512 2

226 3563 268 3627 ad
289 3564 402 3643 Deum,
426 3586 509 3648 quae
531 3571 581 3630 est
601 3586 660 3647 per
681 3571 790 3630 actum
811 3565 961 3632 fruentis.
1005 3567 1048 3631 Et
1068 3566 1142 3630 ideo
1162 3585 1221 3628 non
1238 3581 1281 3643 po-

225 3667 292 3725 test
315 3661 430 3726 cadere
453 3663 512 3727 sub
535 3663 662 3727 merito.

293 3891 313 3956 ¹)
339 3893 417 3948 Rom.
447 3893 494 3959 Xl,
526 3898 550 3949 6.
599 3894 620 3961 ²)
645 3893 699 3948 Tit.
724 3893 775 3959 ΙΙΙ,
803 3896 819 3946 4
848 3911 888 3963 sq.
936 3888 957 3961 3)
983 3894 1024 3949 De
1054 3887 1278 3964 praedestinatione

228 3968 399 4029 Sanctorum.
433 3976 455 4042 ⁴)
473 3975 522 4042 111,
541 3996 567 4047 p.
585 3994 611 4044 q.
629 3976 664 4043 II,
683 3993 706 4033 a,
723 3977 772 4042 XI,
790 3993 850 4032 eon.
