2718 4556
748 341 808 402 334

236 508 269 566 et
295 499 513 566 continentiae
542 505 715 582 tantopere
744 521 814 565 esse
843 500 1004 580 deditum,
1035 511 1073 568 ut
1100 505 1187 572 illius
1216 531 1297 574 curae

235 597 398 667 tutissime
423 599 647 663 commendare
668 606 779 680 posset
799 599 994 681 virginitatis
1023 623 1101 670 suae
1124 607 1296 672 custodian.

298 705 326 764 2.
358 700 394 763 B.
417 699 531 780 Virgo,
561 698 611 762 uti
632 698 666 760 in
688 697 825 763 caeteris
847 698 1039 779 virtutibus,
1069 702 1118 767 ita
1139 704 1173 768 in
1194 707 1298 772 virtute

237 799 390 864 excelluit
407 797 572 882 justitiae,
595 798 686 880 cnjus
709 797 847 862 officium
869 805 932 876 est,
963 806 1168 867 constantem
1188 812 1220 869 et
1239 829 1298 888 per·

235 905 369 981 petuam
390 897 510 961 habere
531 896 733 960 voluntatem
751 898 804 979 jus
831 919 926 962 suum
953 899 1130 983 unicuique
1144 903 1300 986 tribuendi

237 1004 271 1061 et
299 996 465 1060 reddendi.
509 994 754 1059 Matrimonium
769 995 886 1062 ,iniens
916 1017 989 1062 cum
1019 1019 1042 1060 s.
1065 998 1206 1082 Josepho
1231 1003 1299 1068 hano

159 1152 161 1156 ,
237 1117 312 1177 ergo
340 1095 459 1159 habuit
489 1094 520 1158 b.
548 1093 646 1175 Virgo
679 1093 897 1173 voluntatem3
930 1102 965 1159 at
993 1095 1050 1160 illa
1083 1100 1251 1180 caruisset,
1278 1104 1298 1166 si

236 1200 311 1278 post
331 1201 442 1259 votum
462 1199 641 1275 perpetuae
662 1192 858 1274 virginitatis
881 1195 1033 1260 emissum
1054 1200 1218 1280 nupsisset
1234 1203 1297 1280 viro,

237 1294 293 1377 qui
310 1293 409 1358 simili
425 1298 500 1356 voto
519 1313 584 1355 non
600 1290 718 1355 fuisset
736 1292 921 1358 obstrictus.
958 1293 1055 1360 Novit
1074 1318 1151 1380 ergo
1170 1299 1200 1363 b.
1216 1301 1297 1383 Virgo

236 1398 313 1457 ante
334 1392 465 1474 nuptias
486 1391 593 1467 initas,
617 1411 641 1453 s.
665 1390 843 1474 Josephum
864 1391 1087 1474 virginitatem
1108 1399 1235 1463 vovisse.
1246 1400 1266 1481 ¹)

299 1497 325 1556 3.
359 1491 395 1554 B.
424 1491 522 1572 Virgo
556 1509 722 1572 nunquam
753 1510 793 1553 ne
827 1490 994 1556 minimum
1026 1493 1159 1576 quidem
1189 1497 1295 1562 veniale

236 1596 406 1673 peccatum
433 1589 602 1653 commisit.
644 1588 719 1653 dam
740 1610 815 1653 vero
845 1589 927 1654 siin
948 1612 1007 1656 sua
1028 1614 1103 1657 cum
1129 1616 1153 1659 s.
1176 1596 1297 1679 Josepho

237 1690 485 1774 desponsatione
518 1694 677 1754 servasset
710 1694 906 1770 perpetuum
937 1712 1032 1755 suum
1066 1693 1220 1760 celandae
1248 1696 1297 1758 vir-

236 1790 382 1874 ginitatis
418 1795 528 1853 votum
562 1809 622 1852 nec
638 1839 641 1844 .
658 1787 789 1851 aliunde
827 1790 1044 1870 cognovisset,
1082 1815 1106 1857 s.
1139 1795 1297 1878 Josephum

236 1891 340 1955 similo
363 1889 506 1954 emisisse
526 1894 652 1967 votum,
684 1908 757 1951 eum
786 1887 951 1971 decepisse
980 1891 1223 1957 convinceretur
1240 1915 1297 1956 rea-

237 2009 300 2071 que
322 1995 407 2054 esset
430 1987 599 2063 mendacii,
622 1986 698 2068 quia
718 1985 809 2050 aliud
830 1987 864 2050 in
884 1994 993 2052 mente
1015 1991 1203 2072 repositum,
1223 1991 1296 2056 aliud

235 2088 341 2154 verbis
363 2107 479 2169 sponso
501 2085 713 2168 promisisset.

296 2193 325 2252 4.
364 2187 545 2268 Disponcns
579 2183 682 2260 Deus,
718 2189 756 2246 ut
787 2181 848 2246 filii
883 2184 933 2247 sui
968 2192 1074 2250 mater
1109 2190 1242 2254 servarit
1268 2189 1294 2251 in

236 2287 442 2352 matrimonio
479 2284 715 2366 virginitatem,
755 2282 869 2348 debuit
900 2285 1000 2348 etiam
1036 2288 1144 2352 media
1180 2289 1220 2353 ad
1246 2289 1295 2352 hoc

237 2385 462 2455 convenientia
488 2383 669 2466 disponere.
711 2382 844 2448 Nullum
873 2389 983 2447 autem
1004 2385 1107 2466 magis
1130 2407 1294 2470 congruum,

237 2507 336 2568 quam
366 2505 518 2566 sponsum
550 2482 698 2547 futurum
733 2482 878 2565 ejusdem
910 2504 979 2546 esse
1011 2485 1180 2566 propositi.
1230 2484 1295 2548 Con·
1350 2546 1351 2553 ,

236 2582 396 2647 credendo
420 2603 494 2666 ergo
518 2582 605 2660 Deus
626 2581 767 2645 Matrem
787 2581 942 2663 Joseph0,
965 2581 1017 2644 hio
1039 2589 1151 2646 votum
1172 2582 1295 2648 habebat

183 2763 185 2767 Ι
236 2683 441 2765 virginitatis,
463 2682 549 2746 'sicut
570 2702 688 2763 sponsa
709 2701 768 2745 sua
793 2681 982 2745 castissima.

299 2787 326 2846 5.
360 2781 477 2846 Omnes
498 2780 648 2862 Apostoli
670 2780 847 2844 emiserunt
867 2786 977 2844 votum
998 2779 1176 2859 castitatis,
1201 2787 1237 2845 ut
1254 2799 1295 2842 11·
1349 2793 1350 2796 ’

236 2902 347 2965 presse
368 2881 504 2945 tradunt
533 2903 557 2944 1.
580 2878 779 2961 Augustinus
789 2880 814 2961 2)
844 2886 923 2944 111.
945 2878 1209 2962 Hieronymus3³)
1235 2896 1295 2958 ergo

235 2981 297 3045 hac
328 2979 557 3062 praerogativa
595 2978 759 3061 gaudebat
792 2979 891 3042 etiam
930 3000 953 3042 s.
986 2978 1108 3060 Joseph
1144 2999 1241 3061 aeque
1269 2979 1294 3038 et

236 3072 338 3161 magis
361 3078 489 3143 Christo
511 3078 644 3155 vicinus,
670 3099 768 3161 quam
788 3077 946 3160 Apostoli.

299 3182 327 3240 6.
364 3177 398 3242 Si
430 3178 654 3243 sacerdotibus
683 3176 863 3259 justissima
895 3198 935 3241 ex
966 3175 1093 3240 ratione
1120 3180 1295 3258 perpetuum

236 3275 398 3340 castitatis
438 3282 549 3340 votum
588 3275 777 3358 impositum
816 3281 880 3353 est,
924 3295 1024 3357 quum
1062 3273 1295 3339 sacratissimum

237 3373 360 3440 Christi
381 3393 498 3456 corpus
520 3381 709 3440 consecrent
730 3374 944 3457 manibusque
967 3379 1187 3438 contrectent:
1207 3387 1294 3436 nome

236 3493 270 3560 s.¹
289 3470 410 3553 Joseph
442 3472 485 3536 ad
512 3473 617 3538 simile
648 3472 864 3538 ministerium
895 3471 1123 3538 contrectandi
1151 3471 1295 3537 Christum

236 3569 360 3636 electus
382 3569 533 3636 similiter
560 3555 748 3638 castitatem
768 3591 883 3636 vovere
906 3570 1042 3636 debuit?
1074 3570 1192 3652 „Vovit
1210 3565 1296 3634 Mario
1351 3639 1352 3642 ,

235 3667 474 3752 virginitatem,
512 3670 620 3753 inquit
654 3669 864 3750 cersona
902 3669 990 3734 vovit
1025 3675 1060 3734 11
1094 3669 1165 3751 ipse
1193 3661 1295 3746 Joseph

249 3867 250 3870 Ἴ
302 3900 321 3963 ¹)
339 3898 394 3953 Cfr.
406 3899 497 3953 Maria
509 3900 544 3953 de
557 3899 669 3968 Agreda
683 3915 726 3967 cp.
740 3901 772 3952 22
787 3902 816 3953 et
829 3903 896 3954 nota
910 3902 950 3954 36.
984 3900 1004 3964 ²)
1017 3897 1057 3952 De
1072 3877 1189 3954 civitate
1201 3896 1247 3952 Dei
1255 3892 1293 3947 lib.

235 3978 323 4046 XVII,
336 3997 381 4050 cp.
388 3983 413 4036 4.
434 3981 827 4048 3)(311111110111111.111111
848 3982 870 4050 ⁴)
878 3970 970 4036 'serm
982 3981 1017 4035 de
1025 3981 1119 4038 Nativ.
1129 3982 1197 4037 Mur.
1205 3972 1293 4036 consid·
