2728 4554
520 338 581 400 443

29 504 70 562 est
97 497 223 580 quidem
253 495 368 560 mehor
402 496 612 564 moraliter
645 497 824 581 loquendo,
861 499 893 564 in
926 506 1085 582 quantum

30 594 191 660 sanctificat
211 594 366 674 animam,
394 601 597 662 nontamen
624 597 818 663 eminentior
845 597 905 662 sub
933 606 1085 681 respectu

31 693 234 775 dignitatis.

78 792 257 876 „Quidquid
285 812 360 856 vero
389 792 432 856 sit
460 791 500 857 de
527 792 578 855 his
610 793 794 872 sententiis,
827 794 934 878 inquit
962 796 1085 877 optimo

26 890 84 971 jure
112 898 226 956 auctor
257 896 420 956 tractatus
451 890 491 954 de
523 891 558 954 B.
593 890 635 956 M.
668 891 716 969 V.,
726 893 749 973 ¹)
782 891 953 957 observare
982 894 1084 976 juvat,

28 989 264 1055 controversiam
286 990 339 1054 vix
367 989 506 1072 supponi
526 1011 636 1073 posse,
666 997 738 1055 tum
765 991 842 1074 quia
862 1000 1024 1075 repugnat
1045 993 1085 1058 de

27 1086 114 1167 facto,
145 1088 389 1154 maternitatem
421 1089 560 1154 divinam
592 1111 612 1154 a
643 1091 749 1172 gratia
780 1090 1017 1178 sanctificante
1036 1112 1086 1156 se·

27 1188 128 1267 parari,
150 1194 223 1253 tum
245 1188 321 1270 quia
341 1187 403 1252 hae
425 1188 508 1252 duae
530 1187 714 1271 dignitates,
744 1195 858 1271 utpote
880 1189 922 1254 ad
943 1189 1086 1254 diversos

28 1285 137 1352 ordines
154 1281 366 1370 pertinentes,
385 1307 455 1350 sese
477 1292 590 1350 mutuo
612 1287 773 1352 excedunt
794 1308 833 1353 ac
849 1287 985 1371 proinde
1000 1288 1087 1352 inter

26 1405 53 1448 se
71 1384 196 1450 difficile
217 1385 477 1467 comparantur.“
520 1384 695 1461 Quaeritur

25 1549 65 1611 2⁰:
90 1549 236 1615 Utrum
262 1548 363 1613 haec
388 1548 658 1614 beatissimae
680 1549 870 1632 Virginis
898 1549 1086 1633 dignitas

318 1643 456 1730 possit
484 1647 567 1711 dici
595 1647 783 1713 infinita.

75 1781 228 1846 Testante
248 1799 383 1862 magno
402 1778 602 1863 Aquinate
624 1777 870 1844 affirmative
891 1781 1088 1863 responden-

24 1877 96 1942 dum.
141 1879 265 1961 „Beata
286 1878 400 1960 Virgo,
431 1878 554 1956 scribit,
564 1879 590 1960 ²)
620 1898 660 1942 ex
687 1879 763 1957 hoo,
793 1879 881 1962 quod
909 1886 959 1945 est
979 1879 1088 1945 Mater

25 1975 89 2055 Dei,
121 1977 224 2042 habet
251 1976 414 2059 quandam
446 1975 640 2058 dignitatem
671 1975 831 2042 infinitam
858 1999 899 2042 ex
925 1978 1011 2042 bono
1039 1978 1087 2042 in·

24 2075 120 2156 finito,
152 2076 240 2160 quod
268 2082 318 2140 est
341 2074 444 2153 Deus3
474 2080 508 2139 et
537 2095 576 2138 ex
596 2074 657 2138 hac
678 2081 772 2156 parts
801 2097 866 2140 non
887 2082 996 2158 potest
1016 2076 1088 2142 fieri

11 2175 138 2260 ,aliquid
158 2174 282 2254 melius,
301 2174 395 2239 sicut
406 2196 471 2239 non
488 2180 598 2257 potest
619 2174 743 2256 aliquid
761 2195 831 2240 csse
852 2173 968 2238 melius
987 2174 1086 2239 Deo.“

24 2274 118 2350 Quare
146 2275 324 2339 Andreas
353 2273 398 2338 de
425 2273 575 2338 Candia
602 2273 823 2338 beatissimam
844 2273 1011 2355 Virginem
1032 2294 1088 2356 ap-

22 2373 139 2462 pellere·
155 2395 221 2438 non
249 2371 379 2437 dubitat
399 2370 547 2452 „divinae
574 2371 973 2454 incomprehensibilitatis
1003 2393 1088 2436 sum·

23 2473 152 2556 mam“³)
185 2478 219 2536 et
246 2469 473 2536 Methodius
501 2469 685 2552 Martyr4)
713 2469 1006 2552 „incircumscripti
1027 2470 1089 2535 Dei

22 2570 372 2655 circumscriptionem.“
416 2569 520 2647 Quam
547 2569 741 2654 dignitatem
766 2569 929 2634 admirans
956 2593 980 2636 s.
1002 2570 1088 2652 Epi·

22 2671 182 2751 phanius
211 2671 241 2735 b.
264 2669 430 2752 Virginem
450 2668 538 2734 hisce
566 2668 745 2751 alloquitur
763 2668 888 2733 verbis:
922 2670 969 2751 „0
990 2669 1088 2752 Virgo

21 2772 231 2851 sanctissima,
261 2769 418 2852 inquit,⁵)'
442 2789 525 2852 quac
552 2768 714 2833 exercitus
735 2767 931 2850 Angelorum
958 2768 993 2832 in
1021 2774 1089 2833 stu-

22 2890 126 2950 porem
159 2868 337 2935 deduxisti!
382 2867 584 2950 Stupendum
619 2867 705 2932 enim
743 2873 793 2930 est
827 2867 1019 2947 miraculum
1054 2867 1089 2931 in

22 2969 129 3048 coelis,
166 2968 284 3034 mulier
319 2967 439 3032 amiota
473 2967 567 3046 sole3·
596 2966 793 3049 stupendum
827 2965 1019 3030 miraculum
1054 2965 1089 3029 in

20 3068 120 3146 coelis,
149 3068 266 3154 mulier
293 3073 424 3150 gestans
452 3065 557 3131 lucem
585 3066 619 3130 in
640 3065 742 3146 ulnis;
772 3065 967 3147 stupendum
992 3064 1090 3128 mira·

21 3165 123 3231 culum
153 3166 187 3230 in
216 3164 331 3242 coelis,
371 3164 456 3229 alter
483 3164 619 3229 thronus
648 3163 856 3242 cherubicus3
893 3161 1090 3245 stupendum

22 3265 206 3330 miraculum
238 3265 273 3327 in
304 3264 419 3342 coelia,
451 3264 596 3329 mulieris
624 3263 740 3341 Filius,
775 3261 831 3344 qui
862 3267 897 3325 et
923 3261 1025 3343 ipsius
1057 3266 1091 3327 et

21 3363 217 3428 saeculorum
249 3368 299 3427 est
325 3362 439 3441 Pater3
472 3361 667 3444 stupendum
697 3359 888 3426 miraculum
919 3360 954 3423 in
982 3358 1089 3438 coelis,

20 3461 176 3526 thalamus
207 3461 348 3544 Virginis
385 3460 508 3526 habens
538 3461 656 3526 Filium
688 3459 764 3537 Dei,
802 3459 906 3524 Deum
937 3479 1090 3541 sponsum

21 3559 210 3627 Christum.“

79 3661 240 3726 Mirabilia
266 3667 344 3726 sunt
365 3681 494 3745 quoque
522 3659 610 3724 dicta
638 3679 661 3722 s.
683 3655 923 3721 Bernardini
951 3657 1091 3721 Senen-

93 3896 111 3961 ¹)
129 3899 191 3951 Art.
215 3894 251 3962 ll,
277 3911 340 3962 pag.
366 3893 406 3946 59.
449 3892 471 3954 ²)
496 3890 518 3955 Ι,
544 3905 570 3957 q.
593 3887 680 3953 XXV,
701 3903 726 3943 s.
750 3890 767 3943 6
792 3887 828 3942 ad
850 3889 876 3940 4.
919 3886 940 3952 ³)
958 3885 1034 3940 Orat.
1058 3884 1094 3940 de

21 3977 157 4045 Assumpt.
189 3977 211 4044 ⁴)
229 3977 304 4031 Orat.
321 3976 356 4030 ds
373 3975 481 4043 Hypap.
514 3973 536 4038 ⁶)
556 3971 589 4026 lu
607 3987 689 4027 serm.
706 3971 740 4026 de
757 3971 934 4038 virginitate.
