2730 4564
706 369 764 429 142

192 553 275 616 quae
296 553 356 615 per
378 529 536 613 Spiritum
558 536 707 594 sanctum
727 529 876 612 perlecta
904 537 967 610 est,
997 531 1145 614 legitima
1164 535 1281 617 nupti·

134 660 136 664 ¹
191 652 286 695 arum
307 650 407 712 opera
428 649 493 692 non
515 629 722 694 recusaverit.
765 627 945 718 Nosnvero,
976 631 1038 695 etsi
1064 632 1167 696 nihil
1196 635 1279 716 pie·

192 731 294 796 tatis
323 728 476 794 rationi
503 735 712 807 noceatur,
741 750 817 793 nam
839 729 942 794 donec
963 729 1086 795 Christi
1106 733 1278 814 generatio

191 829 459 913 dispensabatur,
492 827 677 892 necessaria
710 835 784 892 erat
812 828 998 910 virginitas,
1032 835 1067 894 et
1098 831 1187 913 quod
1218 854 1279 915 po·

171 929 311 994 ¹sterius
348 929 392 992 sit
427 926 568 1004 factum,
606 927 649 990 ad
684 926 831 1008 mysterii
861 927 958 1009 hujus
995 926 1179 994 doctrinam
1210 953 1278 995 non

191 1029 287 1093 anxie
315 1025 568 1111 quaerendum.“
616 1025 661 1090 At
689 1025 866 1090 immerito!
904 1026 934 1093 S.
963 1026 1103 1092 Basilius
1129 1049 1190 1111 per
1217 1013 1290 1095 illa

192 1119 292 1192 verba
321 1126 407 1190 enim
428 1124 616 1190 nullatenus
644 1124 787 1190 intendit
814 1124 1010 1207 significare,
1040 1127 1216 1210 unicuique
1239 1129 1278 1192 li·

191 1226 307 1291 berum
334 1246 404 1290 esse
433 1223 591 1308 cogitare,
621 1223 708 1306 quod
730 1222 835 1287 Maria
863 1244 963 1306 opera
989 1225 1181 1307 nuptiarum
1201 1234 1280 1310 post

192 1332 324 1410 partum
352 1323 548 1400 exercuerit,
572 1359 612 1368 -
634 1321 692 1386 sed
717 1321 752 1386 id
778 1321 860 1386 nihil
886 1321 1010 1388 referre
1037 1323 1207 1389 contendit
1235 1325 1279 1389 ad

191 1425 382 1507 mysterium
413 1423 468 1487 ab·
483 1422 570 1486 Isaia
597 1421 759 1504 propheta
786 1421 992 1503 praedictum
1023 1421 1133 1505 ibique
1166 1423 1208 1488 ab
1238 1446 1277 1489 eo

194 1524 388 1607 expositum.
432 1521 483 1586 Ad
509 1526 637 1586 textum
658 1520 762 1602 ,Ecce
783 1520 883 1603 Virgo
911 1520 1073 1603 concipiet
1094 1528 1128 1587 et
1148 1523 1277 1604 pariet“

191 1622 320 1687 intuto
343 1620 567 1686 collocandum
596 1619 788 1699 sufficiebat,
818 1626 857 1685 ut
878 1627 964 1686 esset
985 1621 1074 1703 virgo
1101 1629 1180 1687 ante
1202 1645 1278 1707 par-

139 1770 142 1776 .
184 1728 263 1786 ¹tum
276 1726 348 1785 re't·
364 1720 400 1784 iu
426 1726 540 1802 partu.
559 1769 561 1774 .
595 1719 729 1802 Semper
745 1787 747 1792 ,
766 1725 817 1784 est
846 1740 991 1798 verum,
1012 1721 1182 1803 virginem.
1201 1737 1278 1788 con.

192 1820 395 1903 cepissent:
412 1819 570 1902 uirginem
599 1818 780 1900 peperisse,
813 1817 892 1882 licet
918 1825 994 1900 post
1021 1827 1155 1902 partum
1186 1823 1277 1907 uirgo

191 1919 466 1985 non'man'sissct
497 1917 580 1983 -Hoc
609 1924 719 1982 tamen
747 1916 952 1999 apertissime
968 1925 1080 2000 negat
1104 1941 1128 1983 s.
1153 1921 1279 1987 Doctor

190 2017 306 2084 statim
344 2016 557 2099 subjungens:
600 2016 853 2097 ,Verumtamen
892 2016 970 2098 quia
1007 2038 1073 2080 non
1112 2020 1278 2102 recipiunt

190 2137 288 2181 aures
307 2115 431 2181 Christi
452 2115 642 2192 amantium,
664 2113 799 2179 desiisse
820 2113 996 2197 aliquando
1015 2115 1185 2198 Virginem
1206 2140 1278 2184 esse

193 2215 385 2297 Deiparam,
423 2203 496 2278 illa
512 2213 700 2277 testimonia
736 2212 928 2277 sufficientia
964 2213 1171 2280 arbitramur.
1226 2219 1278 2283 Ad

192 2314 275 2379 illud
301 2319 427 2391 autem,
460 2312 547 2396 quod
575 2334 641 2376 non
669 2312 820 2395 cognovit
849 2333 934 2391 eam,
965 2312 1068 2378 donec
1093 2317 1279 2397 peperisset

190 2412 296 2478 filium
317 2433 425 2490 suum,
456 2411 606 2490 dicimus,
629 2411 717 2494 quod
739 2411 896 2493 „donec,“
925 2411 1004 2477 licet
1025 2421 1153 2478 certum
1174 2417 1278 2498 quod-

192 2512 268 2578 dam
290 2516 324 2576 et
353 2510 524 2576 definitum
552 2517 680 2593 tempus
708 2509 915 2575 subindicare
943 2510 1108 2590 videatur,
1140 2534 1176 2577 re
1200 2536 1280 2579 vera

69 2631 72 2636 ·
192 2618 302 2676 tamen
323 2610 486 2674 incertum
507 2616 540 2674 et
561 2607 768 2674 indefinitum
788 2608 979 2692 significat.“
1017 2610 1104 2693 Ergo
1127 2612 1230 2677 etiarn
1253 2636 1276 2678 s.

193 2709 333 2776 Basilius
351 2716 531 2792 perpetuae
547 2708 753 2791 Virginitatis
770 2731 794 2772 s.
813 2709 975 2791 Deiparae
992 2717 1137 2774 assertor
1153 2712 1276 2777 extitit.

256 2808 408 2892 ,Absque
431 2808 518 2872 omni
540 2808 653 2886 dubio,
683 2808 792 2890 iuquit
820 2829 843 2872 s.
871 2807 1044 2886 Thomas,
1057 2809 1081 2890 ¹)
1110 2808 1278 2876 detestan-

193 2908 255 2974 dus
277 2915 328 2974 est
356 2930 448 2972 error
469 2907 624 2986 Helvidii,
655 2906 712 2989 qui
742 2905 850 2970 dicere
871 2907 1105 2989 praesumpsit,
1136 2907 1280 2974 Matrem

194 3008 318 3076 Christi
344 3013 420 3090 post
446 3013 580 3090 partum
608 3027 628 3070 a
654 3004 777 3087 Joseph
806 3025 876 3069 esse
906 3005 1083 3070 carnaliter
1111 3007 1280 3090 cognitam

193 3113 228 3173 et
248 3106 330 3171 alios
350 3104 435 3172 filios
456 3105 625 3189 genuisse“
648 3105 747 3188 idque

181 3253 184 3259 -
258 3210 284 3270 3.
314 3225 359 3269 ex
385 3204 571 3288 pluribus
598 3202 827 3269 rationibus
854 3201 1053 3266 lucidissime
1074 3203 1278 3285 comprobat

193 3303 284 3387 ,Hoc
308 3304 394 3369 enim
415 3304 551 3387 derogat

255 3424 284 3467 a.
313 3402 467 3490 Christi
486 3383 742 3486 perfectioni,
761 3400 818 3484 qui
834 3400 920 3466 sicut
938 3400 1116 3465 secundum
1134 3399 1280 3467 divinam

193 3508 346 3567 naturam
371 3502 566 3585 Unigenitus
595 3505 646 3566 est
673 3500 794 3579 Patris,
827 3505 996 3583 tamquam
1023 3498 1191 3582 perfectus
1219 3523 1280 3585 per

194 3602 303 3666 omnia
321 3601 408 3667 filius
431 3603 514 3685 ejus:
544 3601 592 3665 ita
614 3599 738 3679 decuit,
766 3607 805 3664 ut
826 3606 912 3664 esset
933 3598 1128 3681 Unigenitus
1149 3599 1278 3680 Matris,

193 3693 362 3783 tamquam
382 3699 656 3783 perfectissimum
684 3719 816 3781 germen
845 3699 945 3781 ejus.“
989 3699 1023 3764 Si
1045 3701 1277 3781 praesumitur,

195 3799 366 3864 eamalios
383 3799 522 3864 voluisse
541 3799 682 3882 gignere,
702 3819 740 3864 eo
759 3798 830 3881 ipso
848 3798 1004 3877 innuitur,
1022 3796 1110 3881 quod
1127 3797 1280 3864 Christus

260 4018 279 4084 ¹)
297 4015 348 4085 ιιι,
365 4034 393 4086 p.
410 4035 436 4087 q.
454 4013 582 4082 xxvio,
599 4029 622 4069 a.
640 4015 663 4067 a
