2728 4554
764 377 825 435 420

252 558 339 616 num,
359 535 629 618 Athanasiauum)
650 536 671 601 J
673 557 762 600 esum
784 535 948 601 Christum
969 535 1089 601 Filium
1108 537 1169 603 Dei
1188 541 1305 621 unicum,

254 635 428 700 Dominum
448 641 605 714 nostrum,
628 634 734 699 Deum
755 655 875 714 verum,
898 635 1208 704 consubstantialem
1226 639 1306 719 Patri

252 755 293 798 ex
306 734 439 817 Virgine
459 734 664 798 incarnatum
685 739 719 798 et
739 739 854 798 uatum
876 755 946 798 esse
968 733 1096 800 docent.
1131 736 1169 801 ln
1186 738 1308 804 Concilio

251 833 452 916 Ephesino
481 831 669 898 beatissima
690 831 788 915 Virgo
811 833 954 916 Deipara
982 855 1041 898 seu
1070 841 1225 916 θεοτοκος
1251 861 1309 904 con-

252 933 411 998 clamatur
441 951 595 1015 errorque
624 931 807 996 contrarius
835 930 878 996 ad
907 933 1009 998 totius
1037 937 1152 1001 mundi
1178 939 1310 1004 catholici

251 1031 406 1115 gaudium
427 1029 663 1094 vivacissimum
690 1028 872 1094 damnatur.
916 1031 1062 1096 Eandem
1083 1036 1249 1102 veritatem
1268 1037 1309 1101 de

250 1129 323 1207 finit
339 1129 486 1213 Synodus
501 1127 662 1212 generalis
680 1129 853 1212 quintal)
871 1129 971 1195 hocce
986 1132 1194 1201 anathemate
1209 1136 1308 1201 feriens

222 1291 224 1296 .
250 1227 469 1294 adversarios:
503 1227 559 1309 ,Si
580 1227 652 1310 quis
673 1226 821 1306 abusive,
845 1226 1007 1308 declarat,
1030 1237 1065 1296 et
1085 1254 1152 1299 non
1172 1256 1243 1300 vere
1263 1234 1309 1299 Dei

250 1327 442 1414 genitricem
480 1325 561 1390 dicit
599 1332 746 1390 sanctam
783 1325 958 1410 gloriosam
997 1350 1125 1414 semper
1164 1333 1310 1418 Virginem

250 1426 404 1506 Mariam3
443 1425 493 1490 vel
525 1423 703 1490 secundum
734 1425 926 1492 relationem
961 1429 1056 1510 quasi
1086 1430 1215 1498 homine
1243 1453 1309 1517 puro

248 1532 336 1604 nato,
360 1525 503 1590 sednon
524 1523 593 1588 Deo
614 1524 712 1589 verbo
734 1525 903 1590 incarnato
925 1533 959 1591 et
980 1533 1058 1592 nato
1081 1549 1122 1593 ex
1142 1531 1213 1614 ipsa
1233 1581 1240 1595 .
1260 1581 1266 1594 .
1283 1579 1308 1594 ..

250 1631 284 1690 et
311 1624 530 1690 calumniatur
557 1629 704 1688 sanctam
726 1622 1022 1691 Chalcedonensem
1044 1627 1217 1710 synodum,
1243 1635 1309 1694 tam·

249 1745 347 1808 quam
376 1722 553 1790 secundum
574 1723 674 1788 istum
702 1717 838 1806 impium
867 1724 1080 1805 intellectum,
1110 1749 1207 1810 quem
1225 1729 1308 1792 Theo·

248 1823 382 1887 doretus
411 1820 608 1886 execrandus
636 1819 816 1900 adinvenit,
855 1823 917 1887 Dei
944 1824 1135 1906 genitricem
1164 1827 1308 1909 Virginem

187 1943 192 1953 ·
247 1921 418 1998 dicentem,
434 1919 486 1984 vel
503 1920 559 2003 qui
574 1919 714 1984 hominis
728 1921 927 1986 Genitricem
943 1928 1047 2001 vocat,
1063 1924 1234 1989 anathema
1249 1924 1306 1988 sitl

309 2019 381 2084 Non
410 2018 586 2083 defuerunt
614 2019 761 2102 quidem,
794 2020 850 2103 qui
878 2041 997 2086 nomen
1018 2021 1102 2103 ,Dei
1124 2023 1306 2100 Genitricis,‘·'

247 2118 454 2184 beatissimae
474 2117 601 2199 Virgini
622 2117 792 2196 tributum,
814 2139 933 2182 nomen
954 2139 1094 2207 novum
1120 2119 1219 2187 fuisse
1238 2141 1306 2186 asse

246 2217 373 2282 ruerint
403 2222 462 2281 eut
489 2236 509 2314 a
537 2237 560 2280 s.
586 2215 705 2298 Cyrillo
727 2216 941 2300 patribusque
963 2217 1136 2300 Ephesinis
1157 2221 1304 2284 invectum.

247 2316 340 2382 Hanc
368 2337 443 2380 vero
476 2314 690 2379 assertionem
716 2313 923 2380 falsissimam
952 2337 1037 2395 esse,
1071 2339 1112 2382 ex
1141 2340 1178 2384 eo
1209 2320 1304 2394 clucet,

247 2416 335 2499 quod
366 2414 565 2480 testantibus
596 2412 764 2497 Petavi02)
802 2421 835 2480 et
867 2415 979 2481 Natali
1010 2415 1194 2481 Alexandro
1203 2417 1226 2500 3)
1250 2417 1304 2499 jam

247 2520 323 2579 ante
346 2513 527 2579 Concilium
546 2513 745 2596 Ephesinum
772 2513 803 2578 b.
825 2514 992 2597 Virginem
1012 2515 1073 2580 hoc
1102 2517 1227 2581 nomine
1252 2514 1304 2598 glo

246 2612 422 2677 riesissimo
462 2618 651 2677 constanter
690 2610 875 2677 decorarint
907 2612 1114 2696 OrigeneS,4)
1155 2613 1303 2696 Dionysius

246 2707 495 2788 Alexandrinus,
504 2710 529 2793 5)
561 2709 768 2789 Athanasius,
779 2711 804 2792 ⁶)
835 2711 1021 2794 Basilius‚⁷)
1054 2713 1227 2796 Gregorius
1253 2711 1302 2776 Na·

246 2811 467 2892 ziansenus‚⁸)
504 2808 799 2891 Amphilochius,9)
835 2809 1016 2893 Proclus10)
1053 2810 1174 2896 aliique
1204 2812 1301 2896 plures.

246 2909 436 2974 Referemus
457 2908 569 2991 aliqua
589 2915 719 2973 tantum
740 2909 944 2975 testimonia:

307 3008 494 3091 ,Quomodo
529 3008 577 3072 ais
609 3014 662 3085 tu,
701 3007 879 3090 alloquitur
910 3009 1047 3075 Paulum
1080 3011 1301 3076 Samosatenun

246 3107 477 3191 Dionysius,
510 3106 673 3171 hominem
707 3127 776 3171 esse
809 3108 963 3172 eximium
990 3109 1166 3190 Christum,
1198 3116 1229 3176 et
1252 3127 1300 3171 non

245 3227 358 3270 revera
379 3205 492 3283 Deum,
523 3211 557 3269 et
578 3204 618 3268 ab
642 3205 729 3268 omni
750 3212 902 3270 creatura
932 3227 1005 3271 cum
1025 3207 1124 3274 Patre
1146 3215 1179 3274 et
1200 3205 1300 3291 Spiritu

244 3309 356 3370 sancto
375 3303 556 3382 adoratum,
576 3303 781 3369 incarnatum
802 3325 842 3369 ex
863 3326 886 3369 s.
904 3305 1037 3390 Virgine
1059 3314 1094 3373 et
1110 3303 1298 3392 ,Deipard

242 3403 390 3469 Maria?“
433 3403 556 3469 Contra
586 3403 740 3483 Arianos,
775 3403 1008 3471 infensissimos
1041 3405 1166 3473 Christi
1194 3399 1300 3472 Domini

142 3572 149 3582 ,
243 3501 473 3580 insectatores,
503 3501 552 3566 ita
581 3509 828 3584 argumentatur
857 3503 886 3567 d.
916 3504 1177 3571 Athanasius:
1208 3503 1298 3587 ,Hunc

309 3685 328 3750 ¹)
348 3683 412 3738 Can.
432 3681 481 3736 Vl.
513 3682 535 3748 ²)
555 3681 596 3735 De
613 3679 721 3736 ineam.
739 3683 787 3739 lib.
805 3684 838 3750 V,
856 3701 898 3754 cp.
918 3689 957 3741 15.
992 3688 1013 3752 ³)
1031 3687 1102 3742 Hist.
1121 3689 1187 3744 eccl.
1203 3678 1297 3740 sacch

242 3762 307 3818 diss.
323 3767 356 3818 23
373 3764 409 3818 ad
420 3767 445 3818 2.
468 3765 489 3833 ⁴)
506 3765 540 3819 Iu
557 3765 636 3834 epist.
645 3765 681 3818 ad
694 3766 772 3832 Rom,
785 3773 817 3822 ut
835 3768 962 3824 Socrates
978 3769 1066 3826 refert
1082 3772 1132 3827 lib.
1146 3772 1205 3838 Vll,
1221 3785 1258 3838 cp.
1268 3763 1298 3819 32

241 3846 264 3911 ⁶)
283 3844 315 3900 ln
338 3847 447 3917 epistol.
468 3846 504 3901 ad
521 3846 637 3901 Paulum
654 3847 871 3906 samosatenum.
913 3853 935 3918 6)
954 3851 1029 3907 Orat.
1046 3855 1062 3907 3
1079 3860 1178 3909 contra
1195 3853 1297 3907 Adanu·

242 3927 263 3992 ⁷)
281 3927 322 3980 De
339 3926 459 3982 humana
475 3927 578 3984 Christi
595 3933 775 4000 generatione
792 3932 865 3990 hom.
883 3935 969 3992 XXV.
1011 3936 1033 4003 ⁸)
1052 3936 1129 3994 Orat
1148 3935 1248 4000 XXXV,
1262 3926 1296 3984 hl·

242 4008 264 4073 ⁹)
282 4007 358 4063 Orat.
374 4010 423 4067 IV.
459 4011 490 4078 ¹⁰)
507 4011 582 4068 Orat.
600 4013 622 4068 l.
896 4033 898 4038 '
