2718 4556
557 354 616 414 309

63 517 177 598 guatino
200 522 233 580 et
254 537 275 580 a
297 515 435 581 Doctore
455 514 609 598 Angelico
631 513 810 578 exhibitam
831 533 891 576 nec
911 534 977 577 non
996 534 1016 577 a
1033 519 1128 577 textu

62 637 162 698 graeco
192 616 416 699 approbatam,
469 615 571 680 Juxta
601 613 694 678 illum
726 618 854 678 textum
888 613 922 676 id
956 612 1127 677 traducere

63 715 182 780 denotat
207 715 350 798 aliquem
371 712 501 796 publico
530 711 677 794 exemplo
699 711 899 793 puniendum
926 733 1042 776 curare
1071 733 1128 776 seu

63 814 211 897 divulgare
233 815 253 878 i.
278 835 305 878 e.
327 835 420 877 reum
445 812 488 877 ad
508 811 655 877 tribunal
674 810 793 893 judicis
822 810 958 876 deferre.
1002 811 1129 893 ,Quum

63 921 136 979 esset
152 915 274 997 justus,
298 913 383 977 sicut
405 911 574 994 Scriptura
596 909 690 989 dicit,
721 916 760 973 et
785 910 914 976 nollet
942 931 1024 975 eam
1052 918 1129 975 tra-

63 1011 205 1092 ducere,
236 1012 271 1076 id
293 1019 343 1077 est
364 1012 546 1094 divulgare,
576 1011 625 1075 ait
653 1033 676 1075 s.
699 1011 956 1092 Augustinus
968 1011 992 1094 ¹)
1025 1010 1130 1075 voluit

62 1133 122 1176 eam
154 1112 279 1177 occulte
318 1112 520 1201 dimittere..
547 1111 654 1175 Tanta
692 1111 778 1174 euim
806 1111 938 1193 justitia
969 1109 1129 1174 tribuitur

62 1211 125 1279 huic
151 1212 235 1290 viru,
265 1217 304 1276 ut
330 1232 391 1276 nec
419 1210 502 1274 velle
531 1209 652 1274 habere
682 1209 881 1288 adulteram,
910 1231 970 1273 nec
992 1209 1129 1273 auderet

61 1312 161 1392 punire
189 1311 385 1393 vulgatam.“
430 1309 535 1374 Simili
562 1309 658 1374 modo
687 1308 834 1392 loquitur
861 1331 885 1372 s.
915 1309 1128 1390 Thomas:²)

62 1409 265 1489 ,Dicendum,
299 1409 386 1492 quod
418 1409 503 1473 sicut
531 1408 779 1491 Chrysostomus
812 1409 891 1473 dicit
919 1429 1017 1490 super
1045 1408 1129 1472 Mat·
1196 1418 1197 1422 ’

61 1507 194 1572 thaeum:
227 1509 333 1574 Beata
360 1508 450 1590 virgo
480 1508 527 1571 sic
553 1506 618 1571 fuit
647 1507 844 1589 desponsata
870 1508 1007 1590 loseph,
1042 1505 1129 1590 quod

61 1606 148 1670 etiam
179 1614 265 1672 esset
297 1606 385 1670 domi
415 1605 538 1670 habita.
592 1605 675 1670 Nam
707 1607 793 1670 sicut
823 1607 857 1669 in
889 1625 942 1683 aa,
980 1627 1063 1688 quae
1095 1606 1130 1668 in

61 1703 143 1770 domo
170 1707 231 1770 viri
260 1705 419 1788 concipit,
449 1705 645 1788 intelligitur
673 1705 843 1788 conceptio
873 1704 1049 1784 maritalis3
1083 1705 1128 1768 sic

60 1804 90 1866 in
108 1810 254 1889 eaquae
277 1811 371 1870 extra
389 1806 519 1869 domum
542 1806 692 1888 concipit,
713 1813 763 1870 est
781 1811 933 1887 suspecta
951 1804 1127 1886 conceptio.

61 1901 97 1965 Et
115 1903 160 1967 ita
180 1925 245 1968 non
275 1911 361 1968 esset
385 1903 583 1968 sufficienter
603 1901 768 1986 provisum
788 1903 895 1968 famae
916 1904 1034 1968 beatae
1055 1903 1128 1968 Vir-

61 2001 132 2081 ginis
155 2024 214 2085 per
234 2003 312 2082 hoc,
342 2003 430 2085 quod
458 2002 522 2067 fuit
551 2003 762 2085 desponsata,
793 2002 855 2065 nisi
885 2001 984 2065 etiam
1013 2001 1129 2066 fnisset

62 2098 135 2164 domi
156 2101 278 2166 habita.
320 2101 415 2166 Unde
438 2101 524 2184 quod
546 2101 668 2165 dicitur
688 2107 748 2183 ,et
776 2100 906 2165 nollet
935 2122 1019 2164 eam
1047 2106 1128 2165 tra-

62 2195 221 2264 ducere“
243 2200 359 2265 melius
379 2200 576 2282 intelligitur
596 2201 615 2263 i.
640 2221 666 2264 e.
689 2199 793 2264 nollet
814 2221 885 2264 eam
908 2199 1128 2263 diffamare

60 2295 92 2357 in
109 2298 322 2383 publicum,
346 2321 443 2382 quam
467 2299 554 2382 quod
575 2298 779 2382 intelligatur
803 2297 842 2362 de
867 2298 1071 2363 traductione
1094 2298 1128 2361 in

64 2392 210 2461 domum.“
273 2441 274 2448 κ
489 2415 490 2420 ’

113 2496 222 2580 Neque
255 2498 320 2562 alio
352 2499 474 2577 tendit,
509 2499 596 2581 quod
627 2499 881 2562 Maldonatus
917 2496 957 2560 de
989 2496 1128 2560 termino

63 2593 190 2678 allegato
228 2603 331 2662 notat.
381 2598 599 2679 ,Traducerc,
634 2598 792 2681 inquit,³)
827 2599 1129 2682 nuoadaypou'uuc

63 2693 179 2772 publico
199 2697 347 2779 exemplo
365 2697 564 2779 puniendam
590 2719 712 2776 curare,
732 2698 942 2780 ignominiose
965 2718 1127 2776 accusare,

62 2790 242 2857 adverbum
260 2795 453 2878 exemplare,
472 2802 511 2860 ut
529 2795 650 2860 alicubi
668 2797 869 2880 Augustinus
890 2798 997 2875 vortit,
1018 2817 1129 2879 quam-

63 2909 147 2970 quam
165 2893 251 2957 idem
268 2893 350 2958 alias
367 2900 494 2958 vertere
513 2895 605 2974 solet,
623 2895 798 2978 divulgare.
827 2897 864 2960 Id
883 2903 993 2960 autem
1007 2895 1129 2978 Joseph

61 2986 192 3070 lecisset,
223 2992 251 3056 si
279 2993 314 3056 iu
340 2993 500 3075 judicium
527 3000 674 3059 vocasset
697 3001 730 3059 et
751 2995 894 3058 omnium
923 2993 1025 3058 oculis
1046 3001 1128 3058 tam-

62 3108 146 3168 quam
166 3091 321 3157 adulterii
342 3114 431 3156 ream
449 3093 680 3176 proposuisset.
719 3094 805 3158 Usus
828 3101 877 3158 est
896 3094 1009 3158 eodem
1030 3094 1145 3158 verbo-

61 3184 85 3247 d.
103 3187 234 3269 PauluS,
265 3191 384 3256 iterum
414 3191 638 3276 crucifigentes
665 3192 770 3257 filium
799 3194 860 3259 Dei
881 3232 921 3241 -
945 3197 1002 3260 καί
1022 3222 1129 3276 παρα-

63 3289 311 3372 δειγματιζοντες
333 3329 373 3338 -
395 3300 429 3357 et
449 3292 599 3374 publicae
621 3292 817 3374 ignominiae
841 3302 1049 3380 exponentes,
1072 3294 1129 3358 ubi

61 3396 159 3456 noster
181 3392 343 3476 interpres
365 3392 472 3469 vertit,
496 3392 641 3456 ostentui
660 3383 850 3457 habentes.“

110 3489 296 3557 Tostatus
336 3490 551 3556 Abulensis
594 3491 656 3554 hac
700 3491 971 3574 interpretatione
1012 3515 1128 3575 parum

62 3595 220 3654 contentus
252 3591 301 3655 ita
334 3589 503 3672 scribitt4)
543 3589 675 3672 ,Aliqui
707 3590 834 3665 dicunt,
876 3592 962 3674 quod
995 3592 1129 3656 uolebat

63 3703 123 3750 eam
138 3689 309 3754 traducere
331 3691 351 3753 i.
372 3711 398 3755 e.
418 3688 552 3754 nolebat
570 3710 642 3753 eam
659 3688 818 3754 infamare
837 3691 961 3756 scilicet
980 3690 1126 3769 dicendo,

61 3835 242 3850 ἥ*-

117 3922 135 3984 ¹)
150 3919 180 3974 In
195 3938 276 3975 serm.
291 3923 323 3975 63
338 3919 372 3974 de
387 3919 488 3973 divers.
515 3920 537 3984 ²)
553 3917 603 3979 111,
618 3937 642 3986 q.
658 3917 758 3984 XXIX,
773 3936 796 3973 a.
812 3923 824 3972 1
841 3919 875 3973 ad
889 3923 913 3974 3.
941 3922 961 3986 ³)
975 3921 1128 3975 Comment.

62 3995 86 4049 in
101 4000 193 4058 Matth.
210 4021 253 4072 cp.
274 4003 293 4070 l,
305 4004 351 4055 ·19.
385 4003 406 4070 4)
424 4002 456 4055 In
475 4020 570 4072 evang.
589 4002 690 4056 Matth.
708 4019 733 4070 p.
754 4005 808 4056 158.
