2726 4560
481 823 704 1014 luder.

1086 1065 1136 1104 une·

65 1125 255 1183 Praefatio
304 1159 657 1179 .......
700 1191 703 1196 ¹
708 1156 1059 1174 .......
1092 1117 1134 1172 111

426 1285 549 1378 Pars
628 1285 759 1376 rima.

95 1430 133 1486 lle
147 1429 275 1499 Virgine
293 1427 422 1496 Deipara
438 1441 491 1495 pro
511 1314 761 1482 statupchristun
777 1425 879 1480 natum
895 1424 1096 1502 antecedente.

505 1553 632 1637 Scato
657 1552 684 1634 l.

123 1685 161 1729 De
174 1695 195 1730 s.
209 1685 352 1736 Deinarae
366 1681 558 1735 conceptione
570 1659 759 1734 immaculata.
773 1681 929 1727 Nativitate
942 1691 995 1726 neo
1007 1691 1067 1724 non

473 1748 714 1794 Praesentatione.

65 1834 132 1902 (lap.
153 1835 174 1890 l.
212 1835 260 1890 De
284 1833 500 1888 immaculata
523 1833 595 1900 ejus
616 1832 878 1901 conceptione.
928 1874 935 1888 .
986 1874 992 1887 .
1044 1873 1050 1887 .
1117 1835 1133 1886 3

65 1916 127 1971 Art.
149 1917 169 1972 1.
215 1915 386 1971 Beatissimo
411 1916 498 1985 Virgo
524 1915 614 1968 Maria
643 1915 735 1984 primo
760 1911 956 1982 Conceptionis
986 1931 1051 1968 suae

243 1999 365 2053 instanti
382 1998 417 2053 ab
435 1997 511 2052 omni
528 1998 657 2067 originali
675 1999 772 2068 culpae
789 1997 853 2052 laba
871 1997 1001 2051 immunis
1044 2039 1050 2052 .
1116 1999 1132 2049 5
1185 2079 1188 2086 ι

193 2083 297 2150 Quaer.
315 2084 356 2137 1⁰:
374 2080 475 2134 Utrum
491 2079 518 2134 b.
533 2079 620 2149 Virgo
637 2081 747 2148 peccati
763 2081 908 2148 originalis
925 2078 1052 2133 debitum

244 2163 422 2218 contraxerit
469 2200 1049 2218 ...........
1100 2162 1134 2214 48

194 2247 295 2315 Quaen.
319 2249 362 2301 2⁰:
393 2246 492 2300 Utrum
516 2246 673 2315 redemptio
698 2247 906 2315 praeservativa
930 2245 1051 2299 nobilior

244 2330 284 2383 sit
299 2327 448 2382 libarativa
464 2365 1048 2385 ...........
1099 2327 1132 2381 52

68 2408 128 2465 Art.
150 2410 190 2467 ll.
223 2411 391 2466 Beatissimo
407 2411 495 2480 Virgo
517 2412 574 2480 jum
599 2412 690 2480 primo
708 2411 902 2480 conceptionis
924 2425 988 2464 suae
1009 2409 1051 2464 in·

246 2496 335 2550 stanti
351 2494 542 2563 copiosissima
557 2494 697 2563 gaudebat
713 2493 805 2562 gratia
871 2533 878 2548 .
927 2533 934 2549 .
986 2534 992 2548 .
1043 2533 1050 2549 .
1101 2493 1133 2547 54

195 2577 219 2646 ἓ.
238 2581 262 2632 1.
289 2577 321 2632 B.
330 2577 418 2645 Virgo
432 2592 581 2645 nunqnam,
595 2576 745 2644 nequidem
757 2577 914 2643 venialiter,
922 2575 1050 2645 peccavit
1100 2577 1133 2634 56

193 2662 217 2723 ξ.
236 2662 260 2714 2.
287 2659 318 2713 Β.
335 2658 423 2728 Virgo
445 2675 480 2712 ne
497 2659 591 2728 potnit
607 2659 721 2728 quidem
737 2659 895 2714 mortaliter
911 2660 956 2714 vel
973 2660 1049 2715 veni·

244 2741 329 2795 aliter
345 2757 463 2809 peccare
523 2779 1048 2798 ..........
1098 2743 1130 2794 57

194 2823 217 2892 ξ.
236 2826 260 2878 3.
286 2823 320 2877 Β.
336 2823 424 2892 Virgo
441 2823 533 2878 caruit
548 2823 646 2878 fomite
664 2825 773 2893 peccati
796 2855 798 2862 =
814 2863 1049 2878 .....
1098 2826 1131 2877 59

67 2903 127 2959 Art.
148 2905 207 2960 111.
243 2905 376 2960 Definitio
407 2906 604 2974 conceptionis
638 2906 832 2961 immaculatae
866 2907 893 2961 b.
915 2905 1048 2982 ¹Virginis

245 2988 359 3042 omnino
377 2993 534 3057 opportuna
581 3029 1048 3046 .........
1099 2994 1129 3046 61

66 3066 131 3136 Cap.
155 3070 197 3126 11.
237 3071 286 3130 De
311 3071 533 3125 beatissimae
556 3071 715 3141 Virginis
737 3071 934 3127 Nativitate
984 3113 990 3128 .
1043 3115 1049 3127 .
1098 3075 1131 3128 67

66 3147 133 3218 Cap.
156 3153 222 3208 llI.
257 3154 302 3207 De
325 3154 553 3208 beatissimae
576 3154 737 3223 Virginis
759 3155 1047 3211 Praesentatione

245 3236 279 3289 in
301 3237 431 3304 templo
466 3277 1047 3295 ...........
1098 3244 1129 3296 71
1233 3223 1235 3227 ’

457 3411 462 3418 -
491 3361 616 3446 sectio
644 3361 688 3444 II.

378 3491 420 3535 De
433 3501 455 3534 ι.
467 3491 605 3543 Deiparae
618 3491 798 3544 virginitate.

66 3567 134 3638 (lup.
157 3573 177 3629 Ι.
216 3576 265 3629 De
289 3575 498 3645 virginitate
523 3577 559 3628 in
583 3593 710 3645 genere
752 3618 1047 3636 ......
1097 3585 1129 3636 77

195 3658 220 3727 ξ.
237 3661 261 3714 1.
295 3658 438 3726 Quomodo
455 3658 562 3713 ethnici
579 3661 768 3729 virginitatem
787 3661 998 3716 aestimaverint
1040 3704 1046 3717 .
1097 3667 1130 3719 80

195 3740 219 3809 ἓ.
235 3743 259 3796 2.
294 3741 366 3808 Quid
381 3741 482 3794 ludaei
495 3741 530 3794 de
544 3742 716 3796 continentia
731 3749 759 3798 et
772 3744 922 3813 praecipue
940 3743 975 3798 de
992 3745 1046 3800 vir-

246 3824 363 3892 ginitate
376 3824 562 3893 judicaverint
580 3865 1048 3883 .........
1097 3831 1130 3883 84

195 3905 219 3974 ξ.
236 3909 261 3960 3.
296 3905 368 3972 Quid
392 3907 423 3960 iu
447 3922 520 3961 nova
549 3908 612 3976 lege
639 3907 782 3975 judicetur
811 3909 846 3963 de
876 3909 1048 3978 virginitatis
