2718 4556
568 329 627 390 359

67 493 142 554 esset
161 487 322 554 encomiis.
365 487 470 552 Probe
498 487 584 553 enim
611 495 763 568 noverat,
791 510 858 554 non
885 489 973 556 omni
1001 489 1134 556 creden·

66 587 134 652 dum
160 609 228 653 esse
256 587 402 671 spiritui,
433 588 592 670 Angelum
620 588 742 652 malum
771 589 857 654 Evae
887 588 1050 672 quondam
1077 611 1135 674 ap-

66 687 199 768 paruisse
228 687 322 770 eique
344 687 547 770 promisisse:
580 688 703 770 „Eritis
731 688 815 752 sicut
837 688 961 770 Dii;“¹)
989 687 1134 754 infausta

64 785 134 850 haec
164 786 281 851 mulier
312 786 451 868 decepta
487 785 560 850 fuit.
613 786 754 851 Proinde
786 787 816 850 b.
846 786 945 870 Virgo
978 809 1043 851 non
1075 789 1134 852 im-

66 886 170 951 merito
202 885 319 968 Augeli
350 891 516 950 sermone
537 885 692 950 turbatur
724 891 758 950 et
785 883 935 951 inaudita
965 887 999 950 in
1034 889 1134 952 sacris

65 984 157 1049 literis
178 985 493 1067 salutatione,·quae
514 984 587 1049 ideo
609 985 658 1048 illi
680 992 846 1068 suspecta,
870 986 947 1069 quia
967 1007 1133 1068 nunquam

64 1085 175 1148 audita.
217 1084 331 1150 Nonne
354 1083 416 1147 hoc
445 1082 584 1147 forsitan
612 1083 807 1148 astutissimi
834 1084 993 1166 serpentis
1015 1083 1133 1148 strata·

65 1204 148 1264 goma
167 1184 344 1267 dolosaque
365 1181 531 1246 inventio?
552 1183 652 1263 „Quis
674 1183 745 1260 scit,
768 1181 849 1248 facit
870 1204 894 1247 s.
917 1182 1133 1265 Gregorius

63 1280 369 1364 Thaumaturgus
400 1281 568 1363 Virginem
599 1282 824 1365 loquentem,“
861 1303 903 1345 an
934 1281 1020 1347 forte
1051 1283 1132 1347 haec

63 1381 208 1447 salutatio
238 1381 282 1446 sit
303 1381 405 1446 astuti
432 1380 594 1462 serpentis
621 1379 816 1445 artificiosus
837 1380 946 1459 dolus,
977 1381 1033 1463 qui
1054 1403 1132 1446 non·

63 1500 218 1564 nunquam
250 1478 542 1562 „transfigurat
577 1501 616 1544 se
652 1480 692 1544 in
723 1479 915 1563 Angelum
950 1480 1131 1563 lucis?“²)

62 1577 218 1662 Numquid
246 1580 313 1643 Ave
345 1578 427 1643 illud
455 1578 576 1642 doloris
608 1579 673 1642 mei
702 1580 765 1644 erit
795 1600 909 1669 causa,
942 1579 1027 1643 siout
1055 1579 1133 1644 olim

63 1677 175 1757 primae
204 1678 303 1742 matri
330 1678 417 1742 Evae
444 1676 565 1742 blanda
594 1677 775 1742 divinitatis
803 1677 995 1760 promissio?
1031 1676 1132 1741 Num·

63 1776 136 1857 qnid
154 1797 212 1860 per
232 1777 370 1840 ironiam
391 1775 591 1841 beatificatio
621 1783 655 1841 et
675 1777 832 1841 salutatio
861 1777 926 1841 ista
946 1776 1035 1840 facta
1062 1777 1131 1841 est?

63 1873 125 1938 Eva
143 1875 288 1958 serpenti
308 1897 421 1940 aurem
436 1877 583 1958 porrexit
604 1896 704 1958 seque
726 1876 767 1940 ab
791 1897 828 1941 eo
851 1875 957 1959 decipi
975 1875 1130 1958 permisit,

63 1976 95 2038 at
124 1973 194 2038 ve'ro
232 1975 321 2057 virgo
360 1974 602 2057 „cogitabat,
642 1975 773 2058 qualis
813 1981 920 2039 esset
957 1975 1131 2040 ista'sa·

63 2070 245 2138 lutatio?“

118 2172 263 2238 Addatur
295 2194 319 2237 s.
348 2171 591 2238 Bernardus:
628 2171 762 2254 „Solent
789 2172 945 2254 virgines,
977 2172 1130 2256 inquit‚³)

63 2289 137 2350 quae
163 2293 258 2336 verae
286 2271 426 2354 virgines
455 2278 546 2350 sunt,
580 2292 708 2354 semper
734 2271 870 2355 pavidae
900 2278 934 2337 et
954 2269 1132 2354 numquam

63 2387 126 2433 esse
155 2391 303 2450 securae3
335 2376 370 2435 et
397 2377 435 2436 ut
463 2377 599 2435 caveant
630 2369 761 2448 timida,
794 2371 895 2434 etiam
925 2376 1000 2435 tuta
1029 2370 1144 2453 perti·

63 2487 203 2548 mescere,
233 2471 372 2534 scientes
394 2490 427 2534 se
449 2469 483 2534 in
504 2469 589 2534 vasis
609 2467 765 2533 fictilibus
787 2468 977 2534 thesaurum
997 2476 1130 2552 portare
1161 2521 1163 2526 -

63 2569 229 2648 pretiosum
261 2575 295 2634 et
327 2570 423 2634 nimis
454 2568 594 2634 arduum
629 2589 698 2634 esse
730 2568 836 2633 vivere
869 2570 1012 2652 angelice
1044 2570 1131 2636 inter

61 2665 196 2734 homiues
229 2676 262 2734 et
290 2669 324 2734 in
351 2669 449 2733 terris
477 2689 567 2732 more
599 2667 790 2732 coelestium
821 2669 1003 2733 conversari
1035 2676 1068 2734 et
1097 2671 1130 2734 in

63 2785 149 2832 carne
169 2768 326 2833 coelibem
347 2789 443 2850 agere
461 2767 570 2831 vitam.
603 2765 650 2830 Ac
667 2766 804 2849 proinde
825 2766 983 2849 quidquid
1001 2789 1127 2846 novum,

63 2866 210 2950 quidquid
230 2868 376 2932 subitum
396 2866 498 2931 fuerit
519 2872 636 2943 ortum,
656 2872 823 2948 suspectas
842 2866 965 2930 habent
985 2867 1129 2947 insidiae,

63 2969 158 3030 totum
178 2973 292 3032 contra
314 2988 347 3031 se
369 2965 546 3031 aestimant
566 2963 796 3028 machinatum.
828 2964 952 3030 Idcirco
975 2971 1009 3030 et
1025 2966 1130 3032 Maria

63 3064 184 3129 turbata
205 3072 256 3130 est
277 3066 310 3129 in
332 3085 479 3129 sermone
500 3062 646 3146 Angeli.“
753 3063 756 3070 '
1098 3071 1100 3074 ’

116 3163 200 3229 Haec
222 3155 402 3241 sententia,
426 3184 509 3247 quae
530 3155 643 3245 paucis
664 3161 890 3226 tantummodo
909 3163 1018 3246 placet
1038 3165 1130 3230 theo·
1212 3171 1214 3173 ’

62 3256 142 3342 logis,
163 3285 183 3328 a
204 3286 228 3328 s.
250 3263 431 3342 rhomae)
453 3262 609 3344 rejicitur.
649 3260 715 3342 „Ut
735 3261 856 3343 legitur
875 3261 909 3324 in
929 3263 998 3327 vita
1018 3285 1042 3328 s.
1065 3264 1129 3327 An-

66 3363 152 3440 tonii,
192 3363 322 3440 scribit,
370 3384 435 3427 non
476 3360 614 3426 difficilis
655 3366 705 3425 est
743 3360 916 3426 beatorum
956 3362 1130 3444 spirituum
1205 3402 1211 3414 -

64 3461 273 3546 malorumque
295 3461 464 3526 diseretio:
493 3461 521 3525 si
550 3460 636 3524 enim
656 3466 731 3542 post
759 3460 910 3524 timorem
938 3463 1129 3528 successerit

64 3559 217 3639 gaudium,
247 3582 268 3624 a
291 3560 428 3624 Domino
457 3559 583 3623 venisse
611 3558 751 3622 sciamus
779 3559 952 3638 auxilium,
983 3561 1059 3644 quia
1081 3583 1129 3626 se-

65 3657 173 3723 curitas
209 3659 336 3723 animae
368 3657 549 3741 praesentis
588 3655 771 3739 majestatis
806 3657 962 3722 indicium
990 3666 1062 3739 ,est3
1102 3661 1130 3724 si

66 3805 246 3821 §.—

121 3889 138 3955 ¹)
155 3891 221 3946 Gen.
239 3891 287 3957 ΙΙΙ,
304 3892 326 3944 5.
360 3891 492 3956 ²)2Cor.
512 3889 558 3954 ΙΙΙ,
573 3893 611 3944 14.
644 3891 665 3957 ⁸)
684 3890 772 3960 Super
790 3890 889 3944 Missus
906 3890 979 3944 hom.
997 3889 1047 3956 ΙΙΙ,
1065 3909 1091 3946 n.
1106 3894 1130 3947 9.
1218 3863 1224 3874 Ι

66 3966 110 4024 cn.
127 3973 252 4042 Euthym.
271 3975 299 4026 in
316 3973 384 4028 Luc.
403 3973 423 4028 Ι.
457 3972 479 4038 ⁴)
498 3972 547 4039 ΙΙΙ,
565 3993 592 4044 p.
610 3991 636 4042 q.
655 3975 739 4038 XXX,
757 3991 780 4029 a.
798 3976 814 4027 3
831 3973 866 4026 ad
883 3976 907 4027 3.
