2808 4556
768 366 827 426 592

252 549 294 592 ac
322 525 493 592 Onkelos
526 533 560 591 et
586 525 781 591 Jonathas
809 525 843 590 in
872 525 939 590 suis
966 525 1225 607 paraphraaibus
1252 526 1352 590 hunc
1386 515 1387 524 ¹

255 625 360 690 Isaiae
391 624 500 689 locum
531 623 705 688 verterint:
742 623 846 704 ,Ecce
878 624 1004 706 Virgo
1036 625 1229 708 concipiet.“
1285 624 1334 690 Ita

255 723 380 806 pariter
401 722 524 787 habent
545 722 708 788 versiones
736 723 862 804 syriaca
887 728 922 786 ct
942 721 1084 789 arabica.
1127 723 1231 804 Adde,
1254 723 1335 807 quod

254 822 407 887 Messiam
429 843 470 886 ex
497 821 620 904 virgine
649 821 717 886 sine
739 821 801 885 viri
827 821 990 886 consortio
1011 822 1217 888 naseiturum
1244 829 1334 906 puta-
1386 825 1387 892 i

255 927 335 986 runt
351 927 477 986 veteres
496 918 634 1003 rabbini,
654 919 694 984 de
714 919 831 1002 quibus
848 920 897 985 ita
913 920 1061 1004 loquitur
1082 921 1134 986 Le
1159 921 1333 1001 Grand:¹)
1386 907 1387 988 f

207 1049 211 1056 ·
256 1019 347 1103 ,Hoc
368 1024 567 1084 censuerunt
583 1017 710 1101 Moyses
732 1017 902 1084 Hadarsan
924 1019 958 1083 in
980 1019 1183 1100 Bereschith,
1207 1021 1252 1086 ad
1272 1041 1335 1103 cap.
1386 1033 1387 1038 ’

254 1122 296 1184 25
325 1117 474 1195 Genesis,
502 1116 573 1181 *ubi
604 1117 804 1199 redemptori
832 1116 961 1199 judaeis
993 1118 1182 1184 suscitando
1215 1125 1338 1202 patrem

256 1236 321 1281 non
342 1216 490 1282 futurum
507 1215 627 1300 probat
648 1214 800 1281 adductis
817 1214 966 1297 pluribus
985 1215 1230 1300 Scripturarum
1248 1218 1337 1296 loeis;

258 1316 349 1400 cujus
378 1316 478 1381 verba
508 1315 624 1381 laudat
651 1315 803 1382 Salomon
830 1314 942 1380 Jarchi
969 1315 1012 1380 ad
1040 1339 1068 1380 v.
1091 1323 1111 1382 8
1138 1339 1188 1400 cp.
1211 1318 1337 1384 XXXV.

255 1413 409 1494 Genesim
443 1415 529 1480 idem
558 1414 665 1480 Rabbi
693 1413 842 1478 Adarsan
869 1413 912 1479 ad
941 1414 1020 1479 Gen.
1051 1415 1133 1481 XLI.
1159 1421 1186 1495 l,
1217 1439 1282 1501 quo
1309 1417 1340 1480 in

256 1514 328 1579 loco
358 1513 553 1579 testimoniis
581 1513 688 1578 Rabbi
715 1512 832 1578 Hunae
861 1519 896 1577 et
916 1513 953 1576 R.
975 1513 1075 1579 Josue
1103 1515 1169 1579 ben
1196 1516 1340 1580 Levirem

256 1613 442 1692 confirmat,
471 1613 508 1676 R.
533 1614 662 1679 Simeon
691 1613 754 1677 ben
773 1612 890 1678 Joohai
919 1614 952 1677 in
974 1613 1054 1678 Gen.
1086 1621 1121 1678 et
1148 1615 1207 1679 alii
1227 1615 1341 1680 Judaei

181 1791 185 1800 ¹
257 1712 292 1775 in
312 1711 478 1776 Midrasch
499 1711 619 1776 tha.“
803 1717 808 1722 ’

319 1810 508 1876 Plenissime
548 1812 710 1876 consentit
751 1811 780 1875 d.
820 1811 994 1876 Thomas
1035 1812 1084 1876 ita
1122 1811 1340 1892 disserenszr)

257 1909 375 1992 „Apud
403 1931 462 1974 nos
490 1909 623 1991 ponitur
651 1910 753 1992 magis
781 1909 898 1988 almah,
929 1931 1028 1993 quarn
1053 1910 1240 1992 juvencula,
1271 1912 1342 1994 quia
1386 1955 1387 1960 κ

256 2007 378 2082 almah¹
394 2008 555 2090 significat
582 2009 738 2091 virginem
766 2008 944 2072 secundum
964 2008 1104 2073 nominis
1132 2009 1294 2092 originem
1314 2017 1344 2074 et

256 2106 366 2172 adhuc
388 2107 461 2190 plus
490 2107 703 2184 custoditam,
733 2105 773 2172 de
803 2128 868 2190 qua
898 2128 963 2172 non
990 2107 1095 2189 possit
1121 2107 1242 2172 haberi
1271 2109 1343 2173 mali
1386 2107 1387 2182 t

233 2206 410 2290 suspicio.
470 2206 534 2272 Sed
568 2205 718 2271 b’thnlah
756 2204 917 2288 signifieat
952 2205 1132 2278 secundum
1168 2229 1267 2273 usum
1301 2208 1343 2272 lo
1386 2209 1387 2280 ξ

260 2303 382 2389 quendi
413 2306 658 2388 posteriorem.“
710 2303 824 2387 Neque
862 2303 927 2389 alio
965 2303 1074 2369 tendit
1106 2305 1266 2372 Calmet
1301 2307 1343 2370 iu·
1386 2309 1387 2374 3

258 2404 425 2487 quienszss)
449 2403 586 2486 ,Nullus
609 2403 750 2481 dubitat,
773 2403 852 2486 quin
873 2404 1008 2486 propria
1029 2410 1064 2469 et
1085 2404 1230 2486 genuina
1252 2406 1343 2488 hujus

258 2503 396 2586 (almah)
425 2501 618 2586 significatio
651 2502 695 2566 sit
723 2501 827 2584 uirgo¹
843 2521 903 2566 nec
932 2502 1075 2566 alterum
1103 2503 1258 2584 suppetit
1285 2503 1342 2568 He·
1386 2513 1387 2528 ¹

259 2603 367 2668 bracis
396 2603 603 2680 vocabulum,
634 2623 697 2684 quo
726 2601 866 2683 innupta
887 2600 998 2683 puella
1027 2600 1214 2683 expressius
1246 2603 1343 2684 desig·
1386 2657 1387 2672 ,

259 2706 366 2766 netur.
411 2700 587 2765 Derivatur
607 2700 725 2764 Almah
752 2720 768 2763 e
796 2699 919 2778 radice,
950 2719 1035 2783 quae
1063 2705 1160 2764 sonat
1182 2701 1342 2766 occultum

259 2804 296 2862 et
316 2796 463 2862 clausum
491 2819 578 2878 esse;
610 2820 680 2863 mos
708 2804 759 2863 est
781 2793 867 2862 enim
891 2798 1033 2880 judaeis,
1064 2798 1099 2860 in
1127 2802 1202 2862 toto
1223 2800 1343 2882 pariter
1386 2819 1387 2896 ,

260 2896 387 2960 oriente
415 2894 602 2975 familiaris,
632 2905 670 2963 ut
705 2897 740 2960 in
768 2896 898 2961 aedium
927 2903 1039 2979 parte,
1070 2917 1155 2978 quae
1185 2898 1342 2963 matribus

259 2993 392 3060 illarum
419 2993 642 3076 assignantur,
677 2995 806 3078 puellae
833 2995 974 3078 virgines
1003 2994 1220 3070 detineantur
1249 2994 1342 3060 veluti

259 3092 295 3156 in
316 3091 469 3156 claustro.
513 3092 552 3156 Id
573 3095 733 3160 sexcentis
757 3095 946 3177 Scripturas
966 3094 1047 3159 loeis
1068 3095 1291 3178 proditurf‘t)

328 3339 349 3405 ¹)
367 3337 460 3392 Tract.
478 3337 641 3394 de'Incarn.
658 3339 745 3394 Verbi
768 3340 864 3394 divini.
905 3341 928 3407 ²)
948 3339 980 3393 ln
997 3339 1061 3393 Isai.
1079 3356 1141 3409 cap.
1159 3339 1225 3404 vu,
1243 3339 1342 3395 lectt

258 3418 493 3486 ³)in1sai.diss.
512 3420 575 3485 vu,
594 3423 633 3476 14.
673 3423 696 3488 ⁴)
715 3422 821 3476 Similia
842 3421 962 3476 tradidit
984 3421 1059 3476 iuter
1080 3421 1150 3475 alios
1172 3421 1342 3476 doctissimus

260 3503 385 3556 Bossuet.
410 3501 543 3570 „L'usage
561 3502 599 3556 do
616 3507 675 3557 mot
689 3503 834 3568 „Almah,“
852 3503 944 3573 in'quit
958 3503 1092 3569 (Ocuvres
1109 3504 1213 3573 compl.
1228 3509 1295 3559 tom.
1311 3502 1343 3559 11.

261 3601 288 3652 p.
305 3581 373 3649 305),
390 3587 433 3637 est
450 3589 579 3638 constant
596 3584 664 3638 dens
681 3585 823 3640 l’eeriture
840 3603 912 3656 pour
933 3585 1060 3656 significi·
1076 3602 1131 3640 une
1150 3585 1259 3656 vierge;
1283 3591 1310 3640 et
1325 3583 1343 3637 il

261 3681 296 3720 ne
321 3664 360 3732 s‘y
376 3667 475 3719 trouve
497 3665 595 3733 jamnis
616 3667 690 3734 joint
706 3683 774 3722 aveo
796 3668 837 3721 les
854 3672 957 3722 termes
982 3668 1017 3722 de
1040 3669 1193 3723 concavoir
1217 3686 1253 3724 ou
1275 3667 1343 3722 d’en-

259 3747 362 3810 fautor,
386 3745 466 3813 qu'en
491 3763 523 3799 oe
547 3747 607 3801 seul
631 3748 753 3816 endroit3
779 3765 831 3817 par
852 3751 1023 3818 consequent
1047 3767 1094 3803 ces
1119 3749 1196 3804 deux
1218 3756 1290 3806 mou
1313 3749 1342 3802 ds
1386 3781 1387 3822 T

261 3830 396 3897 „vierge
420 3831 449 3882 et
473 3827 772 3895 d’enfantcment,“
798 3835 862 3886 sont
884 3833 989 3899 mis-la,
1012 3832 1084 3902 pour
1101 3833 1227 3903 signiter
1242 3852 1281 3888 nn
1296 3831 1342 3886 isit
1386 3825 1387 3838 ¹

261 3911 364 3978 unique
382 3909 473 3976 etqui
490 3908 535 3962 n’a
550 3910 631 3978 point
644 3910 751 3967 d’autre
769 3915 897 3982 exempla
912 3931 966 3984 que
983 3914 1059 3969 celui
1075 3932 1130 3984 que
1148 3933 1219 3972 nous
1230 3928 1341 3986 propero
1386 3917 1387 4006 t

261 3992 289 4046 la
304 3990 343 4044 foi
361 3988 550 4045 ohretienne.“
1386 4009 1387 4028 ¹
