2728 4560
560 332 619 392 253

51 492 187 572 tissimas
205 491 279 554 illas
298 511 479 572 supponere
494 513 660 573 personas,
678 514 782 557 nonne
801 493 892 559 nefas
911 497 997 561 erit?
1019 498 1126 576 Quan-

56 597 161 672 topere
182 589 337 654 aberrant
357 590 419 668 illi,
451 591 506 673 qui
527 591 716 656 inviolatam
738 615 761 656 s.
786 594 947 676 Deiparae
970 603 1004 661 et
1025 619 1048 662 s
1071 599 1127 664 Jo-

57 687 128 770 seph
154 689 333 771 puritatem
362 710 426 752 non
454 689 551 753 aliter
579 711 707 754 servare
729 713 823 773 posse
850 693 998 775 credant,
1029 719 1127 780 quam
1164 728 1167 732 ¹

57 788 242 852 recurrendo
265 788 308 852 ad
329 788 460 853 illorum
480 789 733 854 inconstantiam
754 798 788 856 et
808 793 1025 860 mendacium!

110 890 153 953 At
184 888 323 952 fortasse
356 889 556 952 castissimae
591 889 666 954 illae
698 911 855 973 personae
892 915 961 960 sese
992 896 1129 962 invicem

57 988 330 1070 deobligaverunt3
360 993 437 1077 tuno
460 988 659 1070 sponsalium
680 989 850 1056 dissolutio
872 993 912 1057 iis
933 1016 997 1058 non
1018 1005 1129 1079 posset

56 1088 201 1171 imputari
222 1087 406 1171 peccatum!
439 1087 510 1151 Hoc
537 1109 611 1152 vero
634 1088 812 1153 absurdum
840 1113 925 1170 esse,
955 1115 1048 1159 nemo
1071 1097 1130 1179 qui

56 1189 180 1253 nesciat.
232 1188 267 1253 Si
298 1186 329 1249 b.
359 1186 457 1269 Virgo
492 1192 526 1250 et
558 1208 581 1250 s.
610 1187 733 1270 Joseph
764 1196 910 1254 mutuam
942 1192 1004 1256 sibi
1033 1195 1128 1258 remi-

55 1289 163 1353 sissent
195 1287 456 1371 promissionem,
493 1307 552 1350 nec
586 1285 726 1351 fuissent
757 1287 896 1370 amplius
929 1290 1126 1374 desponsati,

55 1388 191 1469 quamvis
212 1385 360 1451 Ecclesia
381 1407 405 1448 s.
423 1384 602 1467 Josephum
624 1407 751 1468 semper
771 1387 915 1452 nominet
936 1388 967 1452 b.
984 1390 1127 1473 Virginis

55 1508 207 1567 sponsum.
258 1484 425 1562 Quomodo
457 1504 554 1566 porro
587 1490 639 1550 tot
666 1506 726 1567 per
756 1506 857 1550 annos
889 1494 1060 1572 contegere
1092 1513 1126 1556 se

54 1586 228 1666 potuissent
250 1584 320 1648 velo
342 1583 541 1647 matrimonii
563 1583 730 1648 dissolutis
758 1585 949 1667 jamdudum
971 1591 1128 1670 sponsali·

53 1683 129 1748 bus?
163 1683 212 1748 Ex
241 1683 337 1748 dictis
365 1689 466 1765 patet,
497 1703 609 1746 uerum
637 1683 857 1748 intercessisse
886 1686 1128 1753 matrimonium

55 1781 132 1847 inter
157 1783 186 1846 b.
209 1781 377 1864 Virginem
403 1786 437 1845 et
458 1802 482 1845 s.
503 1781 634 1863 Joseph.
678 1781 824 1846 Ecclesia
844 1782 927 1847 hanc
955 1786 1126 1852 ueritatem

56 1902 88 1944 eo
114 1881 257 1964 agnovit,
291 1879 379 1962 quod
406 1881 474 1962 jam
506 1880 675 1944 trecentis
694 1879 811 1944 abhinc
843 1884 935 1946 annis
949 1885 972 1965 ¹)
1005 1881 1127 1950 festum

56 1979 304 2062 desponsationis
331 1999 389 2042 seu
410 1979 608 2047 matrimonii
635 1978 665 2042 b.
688 1978 829 2061 Virginis
857 2002 930 2044 oum
958 2003 982 2046 s.
1004 1982 1127 2067 Joseph

56 2079 206 2143 communi
226 2077 373 2143 fidelium
394 2077 518 2159 pietate
541 2076 771 2141 celebrandum
791 2078 944 2143 instituit.

109 2177 257 2255 Quamvis
278 2177 359 2241 haec
381 2177 500 2240 veritas
522 2197 586 2240 non
608 2177 652 2240 sit
674 2177 718 2240 de
740 2177 833 2256 fide,
856 2179 1025 2261 (Suarezc)
1055 2181 1125 2263 qui-

56 2276 119 2340 dem
146 2277 347 2341 haereticum
378 2275 470 2339 illum
499 2281 623 2353 censet,
654 2276 710 2358 qui
730 2276 817 2340 inter
844 2277 875 2340 b.
897 2277 1062 2359 Virginem
1092 2286 1125 2344 et

55 2396 74 2438 s.
100 2376 217 2460 Joseph
251 2397 363 2440 uerum
398 2375 499 2438 fuisse
536 2375 779 2439 matrimonium
810 2377 975 2459 negaret‚)
1015 2385 1125 2443 tamen

55 2496 110 2539 non
135 2476 273 2540 liberum
304 2481 369 2553 est,
402 2473 463 2538 hac
495 2475 529 2537 in
561 2475 781 2540 controuersia
809 2481 918 2540 utram
951 2476 1125 2543 defendere
1175 2495 1180 2502 ’
1268 2481 1273 2492 “

55 2582 182 2654 partem,
213 2574 310 2638 sicuti
331 2572 479 2637 nonnulli
500 2573 698 2638 recentiores
726 2580 938 2640 autumamnt
959 2577 1123 2657 authores

55 2673 129 2737 inter
154 2695 234 2757 quos
262 2694 331 2736 ven.
355 2671 541 2752 Canisius³)
568 2671 651 2736 hano
680 2673 904 2755 quaestionem
932 2696 1124 2742 enumerans

33 2760 383 2838 'intercontroversias
405 2770 607 2848 arbitrarias‚
630 2771 803 2854 inquibus
825 2772 965 2838 liberum
985 2776 1037 2854 sit,
1061 2776 1122 2841 hoo

54 2869 161 2935 illudve
196 2871 326 2936 sentire.
380 2868 575 2934 Profitemur
609 2869 719 2952 potius
755 2891 828 2934 cum
863 2871 1049 2956 Vasquezt)
1090 2882 1124 2941 et

55 2987 119 3031 oum
138 2968 312 3034 Benedioto
331 2969 414 3047 XIV,
423 2970 449 3050 5)
472 2970 669 3034 sententiam
690 2968 729 3034 de
751 2969 902 3034 realitate
924 2973 1123 3038 matrimonii

54 3066 181 3134 Mariani
215 3076 285 3134 tam
319 3090 429 3133 veram
465 3090 551 3148 esse,
592 3075 630 3135 ut
662 3068 812 3153 opposita
849 3075 942 3134 nota
979 3073 1123 3138 saltem

55 3169 288 3233 temeritatis
317 3167 435 3250 digna
463 3168 507 3232 sit
534 3167 693 3232 habenda.
736 3167 803 3250 „ot
823 3169 992 3233 minimum
1013 3177 1122 3236 tamen

54 3267 214 3332 temeraria
236 3266 396 3330 censenda
416 3266 596 3345 videretur,
621 3267 735 3332 scribit
756 3267 817 3331 hac
839 3267 879 3331 de
900 3269 1121 3350 propositione

56 3363 303 3447 Capituchius
348 3363 630 3447 Cardinalis,⁶)
678 3386 778 3448 quum
822 3372 968 3445 constet,
1016 3375 1122 3433 totam

54 3465 182 3530 scholam
199 3487 273 3531 cum
290 3464 447 3548 Magistro
469 3471 502 3528 et
521 3464 675 3548 Angelico
696 3465 839 3530 Doctore
857 3465 891 3529 in
909 3465 1121 3530 affirmantem

109 3648 127 3714 ¹)
143 3649 195 3705 cfr.
214 3668 241 3719 p.
258 3647 308 3712 ΙΙΙ,
325 3651 392 3702 sect.
410 3646 445 3712 ‚ll
463 3663 507 3715 cp.
525 3647 573 3702 IV.
613 3648 635 3713 ²²)
654 3647 920 3702 Commentariorum
938 3663 970 3700 ac
988 3647 1119 3716 Disputa-

53 3728 146 3784 tiouum
164 3732 193 3785 in
209 3732 261 3798 Ill,
284 3748 311 3798 p.
329 3729 355 3784 d.
373 3728 494 3783 Thomae
519 3733 586 3785 tom.
604 3729 646 3797 11,
669 3748 695 3798 q.
712 3729 811 3784 XXIX.
853 3731 875 3796 ⁸)
893 3729 934 3782 De
952 3729 1040 3782 Maria
1056 3731 1120 3784 Dei·
1215 3777 1218 3781 .

54 3827 111 3876 para
126 3813 171 3868 lib.
189 3813 202 3866 I
220 3831 263 3882 cp.
278 3814 301 3866 5.
334 3815 356 3878 ⁴¹)
376 3813 576 3866 commentae
593 3812 701 3880 Disput.
718 3812 748 3865 in
762 3811 813 3879 111,
828 3830 855 3880 p.
873 3812 899 3867 d.
913 3811 1036 3866 Thomae
1053 3817 1119 3871 tom.

53 3891 86 3958 ΙΙ,
107 3913 130 3964 q.
154 3897 252 3950 XXIX.
293 3896 315 3962 ⁵)
331 3895 372 3948 De
396 3894 474 3948 festis
496 3894 599 3950 Beatae
623 3893 727 3948 Mariae
745 3887 869 3964 Virginis
892 3893 940 3948 lib.
965 3895 1000 3960 ΙΙ,
1025 3911 1070 3964 cp.
1095 3896 1117 3952 1.

52 3975 70 4040 6)
84 3977 203 4034 Controv.
222 3981 254 4032 14
271 3978 294 4048 ᾖ.
311 3979 335 4031 e.
1023 3991 1025 3996 ’
