2726 4560
753 364 794 424 24

233 521 360 606 Synodo
384 521 545 605 allegatae
567 528 657 602 sunt,
686 523 824 607 aliisque
838 513 944 589 ‘etiam
964 524 1114 608 plurimis
1135 549 1235 611 super
1255 527 1322 593 hac

232 621 359 687 revisis
378 628 412 687 et
429 629 559 687 matura
576 623 836 688 consideratione
850 625 1007 706 pensatis,
1026 625 1210 691 doctrinam
1225 627 1323 692 illam

232 720 461 800 disserentem,
491 721 665 804 gloriosam
685 723 852 806 Virginem
873 723 935 788 Dei
956 723 1155 790 Genitricem
1177 726 1323 792 Mariam

231 820 460 902 praeveniente
490 827 524 885 et
553 829 709 904 operante
732 822 832 886 divini
853 821 1004 888 Numinis
1032 824 1139 906 gratia
1159 825 1324 908 singulari

232 940 398 1001 nunquam
436 919 611 985 actualiter
647 921 847 1003 subjacuisse
885 921 1035 1005 originali
1066 930 1219 1006 peccat03
1261 926 1322 990 sed

232 1019 408 1082 immunem
447 1039 575 1100 semper
605 1019 706 1085 fuisso
745 1019 785 1084 ab
819 1020 906 1084 omni
945 1021 1095 1103 originali
1127 1028 1161 1087 et
1193 1025 1322 1089 actuali

232 1117 344 1199 culpa,
375 1123 585 1199 sanctamque
616 1124 650 1183 et
677 1119 935 1198 immaculatam3
968 1125 1136 1204 tamquam
1164 1123 1256 1205 piam
1287 1130 1322 1188 et
1357 1123 1358 1130 '

232 1237 407 1280 consonam
429 1215 531 1280 cultui
554 1216 788 1296 ecclesiastico,
816 1217 893 1283 fidei
915 1218 1108 1298 catholicae,
1130 1227 1243 1285 rectae
1267 1243 1323 1286 ra·
1357 1209 1358 1220 ¹

231 1314 314 1378 tioni
336 1321 369 1379 et
397 1335 509 1379 sacrae
534 1315 736 1397 Scripturas,
766 1316 807 1381 ab
837 1317 986 1382 omnibus
1007 1318 1176 1382 catholicis
1198 1339 1321 1402 appro-

231 1412 373 1476 bandam
400 1412 488 1491 fore,
521 1414 697 1479 tenendam
729 1421 763 1479 et
794 1415 1053 1498 amplectendam
1081 1415 1256 1482 definimus
1286 1425 1321 1482 et

232 1511 448 1590 declaramus,
480 1512 627 1596 nullique
650 1513 690 1578 de
712 1521 840 1578 caetero
862 1515 989 1584 licitum
1010 1536 1095 1595 esse,
1128 1517 1164 1580 in
1185 1525 1320 1582 contra-

231 1610 315 1674 rium
336 1611 527 1693 praedicare
549 1634 607 1676 seu
629 1613 775 1678 docere.“

294 1709 473 1775 Concilium
504 1711 704 1790 Basilcense,
739 1734 840 1795 quum
867 1711 928 1776 hoc
956 1733 1016 1795 pro
1046 1711 1265 1778 Immaculata
1294 1737 1319 1778 s.

232 1809 393 1892 Deiparao
422 1811 642 1894 conceptione
674 1811 841 1875 decretum
870 1810 987 1888 edidit,
1021 1810 1319 1877 dissentiente

232 1909 363 1990 quidem
384 1931 509 1974 summo
530 1909 686 1974 Pontifice
708 1909 772 1973 fuit
794 1909 1035 1988 continuatum,
1058 1909 1115 1972 sed
1136 1931 1157 1974 a
1177 1909 1319 1975 Nicolao

230 2006 267 2070 V.
296 2008 330 2071 in
349 2008 446 2072 Bulla
475 2007 540 2090 ,Ut
569 2009 679 2091 pacis“
707 2008 816 2090 quoad
844 2009 952 2072 omnia
982 2015 1016 2072 et
1042 2008 1170 2090 singula
1197 2010 1319 2074 confir-

230 2111 356 2168 matum
384 2112 435 2170 est
463 2107 608 2189 exceptis
638 2107 693 2185 iis,
728 2129 812 2190 quae
841 2107 882 2171 de
910 2107 1108 2172 auctoritate
1130 2108 1263 2172 concilii
1285 2116 1321 2174 et

231 2204 433 2286 depositione
455 2205 593 2288 Eugenii
613 2206 722 2289 Papae
743 2207 878 2271 fuerunt
900 2207 1035 2271 sancita.

294 2309 320 2367 5.
361 2304 542 2369 Concilium
576 2305 875 2372 Tridentinum
910 2308 944 2370 in
980 2308 1121 2373 sessione
1157 2309 1279 2391 quinta
1292 2311 1318 2394 ¹)
1358 2325 1359 2328 ’

230 2403 327 2468 editis
349 2404 389 2468 de
408 2411 542 2487 peccato
565 2406 715 2489 originali
732 2406 910 2472 canonibus
928 2406 1008 2472 haec
1026 2406 1125 2473 verba
1146 2406 1318 2490 adjunxit:

230 2501 410 2584 ,Declarat'
438 2509 548 2569 tamen
575 2504 656 2570 haec
687 2507 757 2589 ipsa
789 2528 813 2570 s.
842 2506 1004 2589 SynoduS,
1038 2527 1103 2570 non
1136 2527 1206 2571 esse
1235 2528 1320 2572 suae

229 2602 432 2682 intentionis,
449 2604 723 2686 comprehendere
745 2606 779 2669 in
800 2605 861 2670 hoc
883 2605 1024 2684 decreto,
1041 2605 1100 2669 ubi
1118 2604 1158 2669 de
1175 2614 1318 2688 peccato

297 2852 317 2918 1)
336 2853 416 2905 Anno
431 2853 496 2906 1546
512 2851 557 2904 die
574 2855 614 2906 17.
625 2853 711 2906 Junii.
736 2853 823 2906 Juxta
837 2851 997 2906 Pallavicini
1012 2851 1112 2906 istoria
1127 2853 1171 2905 del
1186 2853 1319 2907 Concilio

229 2934 260 2987 di
276 2935 381 2989 Trento
403 2935 452 2988 lib.
468 2937 484 2988 7
502 2952 544 3004 cp.
562 2939 578 2989 7
594 2936 720 3004 plerique
744 2942 838 3004 patres
855 2935 1014 2989 Tridentini
1036 2939 1174 2988 steterunt
1195 2952 1248 3002 pro
1268 2939 1319 3004 pia

229 3019 369 3072 sententia
395 3023 424 3072 et
449 3018 519 3071 dnae
545 3019 646 3072 tertiae
672 3035 768 3072 eorum
792 3023 886 3086 partes
912 3034 1027 3072 numero
1054 3016 1222 3071 excedentes
1248 3033 1319 3071 con·

228 3106 375 3155 senserunt
391 3102 420 3154 in
437 3101 536 3155 verba:
564 3102 670 3169 „Quam
689 3102 727 3166 (b.
745 3101 901 3170 Virginem)
919 3102 964 3170 pie
985 3100 1110 3154 creditur
1127 3099 1231 3166 absque
1248 3116 1319 3167 pec,

229 3187 292 3238 cato
316 3184 447 3252 originali
463 3183 546 3238 fuisse
568 3183 764 3252 conceptam;“
790 3183 839 3237 sed
861 3189 925 3244 post
945 3185 1087 3252 longiores
1109 3181 1319 3249 disputationes

228 3266 354 3335 plerique
379 3267 463 3319 satius
486 3265 638 3331 duxerunt,
664 3266 735 3319 nihil
757 3267 900 3336 oppositae
922 3266 1077 3320 sententiae
1099 3262 1317 3318 detrahendum.

228 3349 320 3403 Etiam
337 3349 499 3402 Ambrosius
513 3349 685 3416 Catharinus,
698 3351 745 3418 qni
762 3356 830 3404 tunc
847 3350 982 3417 temporis
998 3348 1121 3404 Concilio
1137 3346 1318 3416 interfuerat,

227 3430 375 3500 profitetur
398 3431 426 3485 in
444 3449 493 3486 suo
519 3449 602 3501 opere
625 3433 794 3501 „disputatio
817 3449 868 3500 pro
890 3433 1008 3486 veritate
1030 3431 1224 3484 immaculatae
1242 3430 1318 3486 Con·

228 3514 364 3582 captionis
381 3514 557 3569 beatissimae
576 3515 718 3584 Virginis“
736 3515 789 3569 sibi
813 3532 889 3569 cum
911 3515 1089 3568 admodum
1113 3514 1233 3582 paucis
1253 3531 1316 3570 non

228 3598 376 3666 placuisse,
401 3598 516 3667 speciali
539 3598 653 3653 decreto
675 3600 842 3652 sententiam
865 3598 901 3652 de
924 3598 1100 3653 immaculata
1122 3596 1317 3663 conceptione

119 3708 121 3712 ·
229 3679 354 3748 Virginis
370 3681 410 3735 ita
427 3681 541 3750 probari
559 3698 591 3735 ac
608 3682 704 3746 statui,
731 3683 832 3748 utiam
851 3683 968 3736 ulterius
990 3698 1046 3735 non
1063 3680 1163 3734 liceret
1179 3680 1315 3748 cuiquam

228 3779 261 3816 ea
276 3762 312 3816 de
326 3779 356 3816 re
370 3780 448 3816 secus
462 3764 506 3816 vel
519 3780 642 3817 asserere
656 3764 701 3817 vel
715 3763 821 3831 opinari
839 3768 867 3818 et
882 3764 961 3820 addit
973 3765 1118 3829 rationem,
1135 3761 1228 3830 „quod
1244 3778 1315 3818 con·

227 3845 325 3900 sultius
342 3862 393 3912 par
409 3846 598 3901 conditionem
612 3851 769 3917 temporum
786 3847 934 3903 videbatur
947 3850 1022 3917 prius
1036 3848 1167 3902 adversus
1180 3845 1315 3904 haereses

227 3927 386 3982 manifestas
403 3929 563 3996 intendere,
588 3931 714 3984 tamilla
735 3931 864 4000 aggredi,
889 3947 959 4000 quae
982 3932 1057 3986 inter
1074 3928 1226 3983 catholicos
1243 3947 1314 3986 con-

227 4019 361 4080 troversa,
378 4012 463 4081 digna
480 4012 642 4067 viderentur
658 4013 827 4068 decisione.⁴‘
859 4013 914 4070 cfr.
932 4013 1054 4070 Perrone
1071 4015 1090 4068 l.
1107 4028 1131 4067 c.
1148 4029 1211 4082 pag.
1226 4015 1268 4068 42.
