2718 4556
752 336 825 398 314·

238 497 449 575 contraxisse,
479 497 537 562 sed
556 518 617 580 per
637 495 787 563 fraudem
807 497 912 581 patris
935 495 1038 562 inscio
1068 503 1103 562 et
1123 497 1307 580 imprudenti

242 596 366 684 Jacobo
389 595 525 662 Racheli
545 596 639 662 Liam
665 596 879 662 substitutam
905 597 984 661 esse.
1028 595 1191 678 „Pertulit
1213 603 1309 662 autem

238 696 389 762 fraudem
408 696 526 774 Jacob,
557 695 646 780 quod
666 695 809 761 monitus
830 696 882 774 sit,
911 717 978 761 non
998 695 1156 778 denegari
1176 695 1236 775 illi,
1262 696 1308 761 sed

194 821 197 828 ·
238 793 365 860 differri
385 795 562 879 perbreve
584 794 740 877 temporis
763 794 906 877 spatium
927 795 1092 877 nuptias.“

303 895 333 960 S.
366 893 515 960 Basilii
553 900 587 958 et
624 915 649 958 s.
683 893 869 976 Gregorii
900 893 1071 977 Nysseni
1108 895 1207 960 verba
1240 895 1308 958 nihil

238 1014 372 1076 prorsus
398 993 577 1070 continent,
600 993 688 1077 quod
710 993 856 1076 opinioni
872 991 1003 1059 faveret
1025 995 1205 1077 oppositae.
1245 993 1307 1057 Ter·

238 1092 345 1159 minus
364 1092 465 1174 ,riri“
483 1089 572 1175 apud
587 1091 769 1174 Nyssenum
785 1113 851 1156 non
869 1091 1038 1176 significat,
1058 1093 1122 1158 nisi
1141 1092 1306 1158 maritalem

240 1190 382 1275 conjugii
403 1213 506 1256 usum.

217 1299 219 1304 '
302 1291 333 1356 S.
356 1291 602 1374 Epiphanius
631 1291 727 1357 docet
750 1291 845 1375 juxta
865 1291 1024 1375 Vasqueu,
1036 1293 1060 1374 ¹)
1090 1292 1228 1358 Mariam
1254 1277 1306 1358 non

239 1410 280 1454 ea
297 1391 426 1455 ratione
448 1398 585 1473 nuptam
603 1390 712 1469 fuisse,
734 1412 799 1474 qua
816 1391 956 1474 virgines
975 1391 1083 1456 solent
1102 1413 1172 1458 esse
1190 1399 1305 1475 nuptae,

239 1494 290 1553 ut·
300 1509 416 1571 nempe
442 1489 581 1572 virgines
611 1511 681 1555 esse
710 1491 878 1570 desinant;
910 1511 970 1572 per
1003 1496 1143 1572 nuptam
1171 1491 1306 1574 intelligit

238 1587 442 1670 Epiphanius
471 1607 547 1672 ergo
580 1590 689 1673 cognit
691 1611 745 1654 am
776 1610 796 1654 a
824 1590 902 1654 viro.
952 1589 1062 1654 Etiam
1093 1611 1118 1654 s.
1149 1590 1351 1676 Gregorius

239 1687 413 1769 ,nuptias“
432 1686 538 1753 lactas
554 1687 655 1752 luisse
676 1695 782 1771 negat,
800 1688 930 1753 nomine
948 1709 1060 1753 earum
1077 1689 1306 1754 matrimonium
1350 1685 1353 1806 y

239 1787 529 1852 consummatum
519 1809 554 1850 ιιι
555 1787 740 1870 telligendo.

301 1887 352 1950 Ad
383 1887 497 1965 verba,
533 1908 617 1970 quae
650 1907 707 1951 ex
721 1907 869 1952 sermone
903 1887 949 1950 13
974 1885 1015 1950 de
1046 1884 1161 1951 Natali
1194 1884 1306 1950 Domini
1351 1941 1353 1968 ,

239 1945 341 2050 allata
363 1992 447 2065 sunt,
468 1986 649 2064 dicendum,
669 2007 708 2051 ea
728 2005 793 2050 non
812 2005 882 2050 esse
904 2007 928 2050 s.
947 1984 1138 2068 Augustini3
1160 2003 1305 2050 sermones
1352 2019 1353 2026 ι

240 2090 311 2150 ‘het
330 2090 367 2149 13
387 2085 567 2168 apocryphi
582 2085 753 2150 habentur.
795 2085 825 2150 S.
844 2084 1148 2168 chrysostomus
1166 2083 1304 2150 vocabulo
1352 2113 1353 2144 r

240 2184 471 2266 „nuptiarum“
492 2184 664 2263 intellexit,
684 2184 769 2249 sicut
790 2190 825 2249 et
846 2205 870 2248 s.
889 2183 1073 2266 Gregorius,
1093 2205 1190 2248 usum
1209 2181 1306 2248 matri·
1347 2180 1353 2261 ,l

239 2283 354 2362 mouii3
378 2285 494 2349 eodem
506 2283 600 2348 modo
617 2283 827 2366 explicandus
845 2289 896 2348 est
908 2288 1018 2348 textus
1035 2304 1059 2346 s.
1076 2280 1303 2365 Chrysologi.

239 2381 349 2446 Verba
381 2404 405 2447 s.
434 2381 629 2447 Bernardi
663 2402 723 2465 pro
759 2381 924 2446 sententia
955 2381 1105 2464 opposita
1136 2382 1304 2447 nullatenus

239 2479 375 2563 allegari
402 2487 553 2563 possunt;
586 2481 682 2566 docet
710 2480 795 2544 enim
824 2480 949 2546 Ductor
975 2479 1169 2560 Mellifluus,
1198 2503 1222 2546 s·
1243 2478 1303 2544 Dei-

239 2600 353 2662 param
383 2580 550 2664 Virginem
585 2579 758 2658 mansisse,
798 2579 861 2644 etsi
897 2601 921 2644 s.
953 2579 1133 2663 Josephum
1169 2597 1303 2664 sponsum

238 2677 401 2744 habuerit.

301 2778 359 2841 III.
397 2778 449 2842 Ad
480 2783 708 2861 argumentum
739 2777 879 2861 denique
912 2799 952 2842 ex
987 2780 1148 2845 ratione
1183 2780 1303 2863 petitum
1350 2836 1351 2844 ,

239 2877 503 2959 „convenientius
529 2877 644 2956 fuisse,
674 2884 712 2943 ut
733 2877 763 2942 h.
786 2877 885 2960 Virgo
907 2885 1087 2960 apparente
1109 2879 1231 2964 Angelo
1255 2876 1308 2941 de·
1350 2869 1351 2920 7

238 2984 447 3059 sponsata,
476 2998 542 3041 non
563 2998 639 3042 vero
667 2984 792 3060 nupta
820 2977 956 3055 fuerit,“
978 2979 1220 3061 respondemus,
1241 2997 1302 3042 con·
1350 2985 1351 3052 ξ

238 3076 420 3141 venientius
439 3077 533 3141 nobis
554 3077 665 3156 rideri,
686 3085 724 3142 ut
741 3078 831 3161 prius
852 3100 876 3142 s.
892 3077 1014 3161 Joseph
1030 3077 1170 3143 Mariam
1188 3069 1302 3144 uxorem

216 3232 218 3236 .
239 3174 383 3254 duceret,
403 3197 501 3259 quam
522 3177 712 3259 mysterium
732 3177 766 3240 in
788 3197 826 3242 ea
845 3182 1013 3258 peractum
1034 3185 1254 3258 nessae-nam
1272 3194 1302 3238 er

238 3273 301 3338 hoc
340 3275 546 3340 matrimonio
585 3297 609 3340 s.
641 3275 764 3358 Joseph
799 3274 1076 3358 splendidissimas
1115 3276 1147 3342 b.
1180 3272 1300 3358 Virginis

239 3373 378 3438 virtutes
407 3374 522 3439 melius
551 3385 744 3458 cognoscere
772 3365 881 3457 potuit
902 3374 1007 3457 iisque
1036 3376 1177 3458 cognitis
1204 3375 1300 3440 timere
1352 3433 1353 3440 ,

238 3494 305 3537 non
334 3473 462 3553 debuit,
496 3496 537 3540 ne
565 3474 708 3556 Angelus
737 3495 811 3538 eum
838 3473 976 3538 illudere
1005 3474 1100 3552 velit,
1132 3473 1253 3540 etiamsi
1275 3471 1301 3532 in
1352 3473 1353 3552 i

238 3572 360 3636 somnis
379 3573 577 3655 apparuerit,
597 3573 675 3637 dum
691 3571 864 3637 Zacharias
880 3572 1003 3655 Angelo
1021 3573 1132 3656 palam
1151 3565 1300 3657 apparenti
1352 3563 1353 3566 ’

239 3671 392 3736 assentiri
412 3671 527 3737 noluit.

300 3771 527 3836 Beatissimam
558 3770 725 3854 Virginem
756 3777 902 3854 tempore
934 3770 1093 3837 adventus
1126 3771 1236 3856 Angeh
1261 3767 1299 3830 in·

242 3914 439 3924 ——-—--

306 3988 326 4054 ¹)
344 3985 375 4041 L.
394 4002 417 4042 c.
435 4003 461 4055 q.
481 3987 579 4053 XXIX,
597 4003 620 4040 a.
639 3986 676 4053 ΙΙ,
692 4003 718 4042 u.
736 3987 776 4040 83.
