2808 4556
750 359 809 420 642

234 541 293 588 seu
313 520 529 604 anticipatam
555 519 693 604 gloriam
722 525 756 584 et
776 518 1060 585 immortalitatem
1086 530 1328 606 consequutam

234 621 346 688 fuisse.

296 721 434 802 Insuper
466 717 507 782 de
538 717 600 782 hac
632 717 866 782 immaculatae
894 717 1038 800 Virginis
1071 719 1329 785 Resurrectione

235 824 270 884 et
290 819 324 882 in
346 816 455 884 coelos
476 815 723 899 Assumptione,
754 815 804 880 uti
827 837 867 881 ex
888 816 1043 881 concordi
1066 817 1229 900 majorum
1251 839 1330 883 con-

235 938 332 983 sensu
360 922 394 982 et
414 915 580 981 constanti
606 915 738 997 publico
769 915 971 998 solemnique
998 913 1091 980 cultu
1119 915 1208 980 clare
1239 917 1329 981 evin-

235 1017 337 1096 citur,
359 1016 497 1099 antiqua
518 1020 569 1080 est
590 1015 764 1097 utriusque
785 1013 952 1078 Ecclesiae
973 1013 1128 1093 traditi03
1161 1015 1205 1080 ad
1227 1037 1329 1098 quem

235 1115 427 1182 servandam
458 1115 507 1179 rei
538 1113 714 1178 manifesta
745 1113 956 1178 cohaerentia
988 1133 1062 1178 oum
1094 1113 1168 1178 aliis
1201 1114 1330 1180 Beatae

235 1214 378 1297 Virginis
399 1212 650 1296 praerogativis,
679 1211 827 1279 carentia
848 1211 1071 1294 reliquiarum,
1084 1241 1086 1245 ’
1101 1211 1330 1294 sepulchrum·

236 1333 300 1395 que
322 1331 458 1394 corpore
480 1311 624 1393 virgineo
646 1332 785 1376 vacuum
812 1309 1055 1393 conspirabant.
1100 1310 1196 1388 Quod
1218 1313 1248 1376 si
1269 1313 1330 1377 ali-

236 1412 366 1496 quando
387 1411 554 1476 nonnullis
575 1410 751 1475 haesitatio
775 1409 937 1492 quaedam
957 1407 1039 1488 fuit,
1070 1409 1260 1489 occasione,
1291 1417 1331 1476 ut

235 1510 379 1590 videtur,
402 1510 535 1574 Decreti
557 1508 725 1574 Gelasiani
745 1508 787 1572 (16
807 1507 900 1573 libris
921 1507 1131 1591 apocryphis,
1155 1529 1195 1573 ea
1215 1515 1331 1574 tamen

234 1630 301 1674 non
323 1608 477 1674 obstante
494 1607 631 1690 antiqua
649 1613 684 1672 et
699 1605 895 1672 venerabilis
917 1607 1083 1676 sententia
1104 1606 1208 1672 talem
1230 1616 1332 1674 nacta

237 1713 287 1773 est
309 1729 329 1772 a
349 1707 500 1790 pluribus
528 1706 668 1772 saeculis
697 1726 905 1783 consensum,
935 1712 974 1770 ut
1002 1727 1022 1769 a
1043 1705 1219 1790 Theologis
1242 1729 1331 1772 com-

237 1807 384 1872 muniter
403 1806 567 1871 habeatur
593 1826 653 1887 prc
676 1810 768 1870 certa
790 1809 825 1868 et
844 1802 1005 1868 definibili
1026 1804 1066 1869 de
1087 1803 1168 1884 fide,
1200 1806 1243 1871 de
1265 1828 1332 1890 qua

237 1906 390 1971 dubitare
411 1905 480 1970 viro
503 1903 665 1969 catholico
694 1902 787 1968 nefas
809 1903 869 1982 sit3
898 1903 963 1967 imo
984 1924 1050 1968 non
1071 1903 1192 1969 desunt
1213 1926 1331 1987 graves

237 2010 407 2084 auctores,
438 2004 495 2087 qui
524 2024 596 2068 eam
624 2008 663 2066 ut
681 2003 750 2085 jam
778 2002 818 2066 de
847 2000 911 2066 fide
939 2001 1093 2067 habeant.
1138 2003 1228 2069 Satis
1255 2004 1331 2070 heio

238 2103 301 2182 erit
331 2103 367 2168 in
397 2102 589 2167 memoriam
621 2122 775 2167 revocare
803 2099 975 2165 Benedicti
1003 2099 1088 2164 XIV.
1122 2101 1239 2180 verba,
1275 2103 1331 2186 qui

236 2207 412 2285 postquam
429 2222 488 2284 pro
507 2201 594 2266 virili
616 2221 676 2264 sua
693 2205 789 2282 parte
809 2199 849 2264 de
867 2199 923 2282 pia
941 2199 1107 2264 sententia
1124 2199 1330 2278 disseruerit,

238 2300 345 2380 addit,
376 2301 425 2364 De
454 2301 597 2366 canonia.
621 2299 729 2365 Sanct.
753 2298 809 2362 lib.
839 2298 863 2376 I,
895 2319 965 2380 cap.
995 2297 1094 2376 XLII,
1124 2319 1155 2361 n.
1186 2304 1236 2362 15.
1283 2300 1331 2364 De

238 2400 354 2466 eodem
375 2400 501 2465 66111661
521 2399 606 2465 festo
627 2399 776 2482 loquitur
799 2397 1152 2476 6666166Β61661166,
1183 2418 1235 2481 ep.
1262 2404 1330 2476 174,

237 2500 379 2566 611066.
404 2499 505 2582 Lugd.
529 2520 560 2562 n.
585 2503 602 2562 3
632 2504 709 2562 tom.
732 2497 773 2576 ΙΙ,
804 2519 877 2580 opp.
921 2496 1064 2578 ,Accepi
1093 2517 1173 2560 sane
1203 2497 1246 2561 ab
1270 2498 1331 2562 Ec·

237 2598 338 2663 alesia
369 2597 463 2662 illum
490 2597 577 2661 diem
609 2617 684 2661 cum
712 2617 838 2661 summa
866 2595 1077 2660 veneratione
1106 2595 1330 2674 recolendum,

239 2697 327 2780 quod
348 2697 447 2762 coelis
469 2696 583 2761 intulit
599 2695 812 2760 celeberrima
833 2692 919 2759 festa
937 2694 1140 2776 gaudiorum.
1179 2695 1331 2780 Gregorii

237 2802 411 2878 praeterea
431 2794 642 2872 Turonensis,
673 2793 823 2858 Andreae
845 2793 1147 2876 Hierosolymitani,
1179 2794 1332 2879 Gregorii

237 2894 348 2977 Magni
375 2893 556 2977 pontificis,
591 2892 781 2975 Ildephonsi
809 2891 960 2958 Toletani
988 2891 1159 2975 Episcopi,
1192 2893 1331 2958 Joannis

239 2995 442 3074 Damasceni,
456 2993 618 3058 Bernardi
632 2992 714 3056 Abb.
735 2991 933 3057 assertiones
951 2990 1120 3074 praeclare
1138 2994 1330 3072 ostendunt,
1392 3067 1393 3080 ¹

237 3093 467 3159 Beatissimam
494 3093 662 3174 Virginem
689 3090 820 3174 placida
847 3097 954 3156 morte
983 3091 1081 3156 terris
1114 3099 1266 3174 ereptam
1298 3093 1332 3156 in
1392 3135 1393 3182 3

238 3192 399 3258 coelest
368 3192 482 3257 statim
503 3197 706 3275 assumptam
732 3190 843 3256 fuisse.
887 3189 966 3254 Piae
992 3191 1031 3256 66
1063 3190 1238 3274 religiosae
1261 3213 1332 3257 sen·
1392 3223 1393 3264 1

237 3291 364 3357 tentiae
393 3291 433 3356 de
465 3291 671 3375 assumpto
662 3313 697 3354 1n
729 3289 837 3358 666166
858 3288 1002 3371 Virginis
1023 3310 1161 3372 corpore
1183 3291 1332 3356 rationes

239 3389 340 3456 etiam
357 3389 561 3473 theologicae
582 3387 806 3472 suffragantur
820 3388 907 3471 petit
907 3409 946 3454 ae
968 3409 1009 3452 ex
1031 3387 1194 3500 dignitate
1215 3381 1393 3456 matris

239 3488 318 3566 Dei,
351 3489 393 3552 ab
423 3487 598 3555 excellenti
625 3488 831 3572 virginitate,
865 3487 946 3554 ab
937 3487 1057 3570 insigni
1088 3509 1190 3571 super
1219 3509 1332 3554 omnes
1392 3485 1393 3552 3

238 3586 386 3652 homines
419 3593 454 3652 et
480 3587 623 3670 Angelos
652 3583 844 3666 sanctitate,
878 3609 918 3652 ex
946 3587 1064 3652 intima
1095 3609 1170 3654 cum
1199 3587 1332 3653 Christo

238 3684 307 3751 filio
329 3686 561 3770 conjunctione
587 3694 622 3753 et
642 3687 869 3766 consensione,
900 3707 950 3752 61ι
961 3686 1023 3753 filii
1043 3687 1079 3752 in
1098 3693 1242 3752 matrem
1262 3687 1319 3771 dig

238 3785 407 3852 nissimam
435 3785 574 3867 affeetu3
605 3776 760 3870 denique,
790 3786 881 3871 quod
909 3793 1010 3872 caput
1039 3793 1104 3866 est,
1133 3787 1163 3852 si
1193 3787 1334 3856 ecclam

239 3905 305 3950 non
326 3884 422 3952 modo
455 3893 657 3969 assumptam
684 3887 719 3954 in
740 3886 868 3952 coelum
888 3885 1056 3970 Virginem
1083 3885 1244 3966 celebrat,
1272 3883 1334 3952 sed

240 3981 341 4047 etiam
362 3981 515 4048 homilias
536 3991 724 4058 sanctorum
744 3984 880 4054 Joannis
902 3984 1097 4053 Damasceni
1117 3991 1153 4052 et
1170 3983 1334 4052 Bcrnmdr
