2728 4554
526 338 585 398 457

31 517 89 560 esse
108 495 167 560 filii
188 494 265 573 Dei,
295 515 360 559 non
381 495 513 579 quidem
540 518 675 580 operum
703 520 837 564 suorum
864 501 1005 581 meritis,
1038 503 1096 568 sed

29 603 168 661 naturam
189 593 376 684 excedentis
397 593 525 660 divinae
546 597 672 680 gratiae
695 596 863 681 dignitate.

79 694 132 759 Nil
150 715 224 777 ergo
243 691 436 772 mirandum,
454 693 541 777 quod
559 717 599 760 ss.
617 694 732 760 Patres
754 703 788 762 et
803 696 947 782 theologi
967 699 998 764 b.
1010 699 1093 766 Vir-

28 794 118 876 ginis
136 813 366 860 oonsensum
381 791 610 874 pulcherrimis
621 795 842 878 praedicarint
853 797 973 880 elogiis.
996 799 1094 882 ,Plus

28 894 142 972 meruit,
162 891 337 958 confitetur
358 912 387 955 s.
402 891 674 958 Bernardinus
697 894 931 979 Senensis,¹)
953 897 1094 980 gloriosa

27 991 113 1074 l'irgo
135 991 168 1055 in
189 1013 253 1055 uno
276 1011 334 1056 suo
357 1011 524 1070 consensu,
544 992 669 1057 scilicet
691 995 910 1077 conceptionis
928 996 1004 1062 Filii
1022 998 1092 1077 Dei,

27 1112 113 1171 quam
147 1111 258 1156 omnes
295 1096 482 1168 creaturae,
519 1090 585 1155 sive
617 1091 747 1175 Angeli‚
784 1093 850 1159 sive
881 1094 1027 1161 homines
1059 1098 1093 1162 in

27 1189 139 1254 cunctis
174 1189 241 1253 suis
277 1187 421 1268 actibus,
460 1188 604 1254 moribus
640 1195 674 1254 et
706 1191 989 1273 cogitationibus.“
1041 1195 1093 1260 Ad

26 1309 44 1351 s.
70 1288 260 1354 Bernardini
287 1287 386 1352 verba
417 1288 649 1354 animadvertit
677 1289 873 1374 suarezz2)
909 1292 1000 1374 ,Hoc
1028 1315 1092 1358 non

25 1386 142 1451 ridetur
162 1387 228 1452 aha
256 1386 384 1450 ratione
405 1407 532 1466 verum,
562 1387 626 1452 nisi
647 1388 725 1471 quia
745 1388 811 1453 illo'
831 1390 952 1455 meruit
972 1398 1092 1457 mater·
1142 1434 1144 1439 .

24 1485 165 1565 nitatem;
200 1486 286 1550 unde
308 1485 511 1568 intelligitur,
543 1484 605 1550 hoc
636 1486 789 1551 meritum
820 1489 960 1554 maxime
991 1487 1092 1556 fuisse

23 1585 154 1663 positum
175 1585 210 1649 in
231 1584 287 1648 illo
310 1591 399 1663 actu,
430 1586 486 1668 qui
507 1585 572 1651 fuit
592 1586 695 1651 veluti
715 1586 831 1652 ultima
858 1588 1029 1671 dispositio
1050 1590 1093 1655 ad

23 1681 104 1746 illam
123 1684 274 1762 formam,
305 1704 388 1766 quae
410 1706 511 1767 quum
537 1692 624 1750 esset
644 1687 894 1769 proportionata
922 1693 956 1752 et
977 1709 997 1752 a
1018 1709 1092 1770 per·

24 1801 93 1845 sona
114 1789 217 1864 grata,
241 1788 313 1846 erat
333 1782 501 1847 meritoria
522 1784 640 1848 saltem
661 1785 701 1848 de
722 1787 895 1868 congruo.“

74 1881 270 1946 beatissima
300 1879 399 1964 Virgo
435 1883 632 1966 amplissime
667 1885 797 1949 meruit.
852 1884 981 1968 Optimo
1016 1884 1090 1949 ideo
1180 1960 1184 1966 .

21 1978 83 2058 jure
104 1987 217 2045 cantat
229 1979 389 2044 Ecclesia:
412 1981 516 2064 ,Quia
536 2004 633 2065 quem
650 1984 798 2048 meruisti
815 1983 983 2066 portare;“
1006 2004 1092 2065 ,me-

22 2080 108 2144 ruisti
135 2087 268 2164 portare
300 2101 408 2162 regem
437 2080 638 2160 coelorum;“
674 2102 775 2174 quare
804 2082 904 2147 etiam
931 2103 990 2146 nos
1017 2102 1091 2164 pre-

23 2198 138 2242 camur:
169 2179 401 2261 „Omnipotens
423 2181 618 2263 sempiterne
641 2181 737 2260 Deus,
761 2182 817 2264 qui
838 2181 997 2265 gloriosae
1018 2181 1091 2246 Vir·

21 2277 94 2356 ginis
121 2279 235 2343 matris
265 2278 388 2342 Mariae
419 2301 536 2362 corpus
566 2287 599 2345 et
627 2281 768 2344 animam
797 2287 835 2346 ut
863 2281 995 2363 dignum
1015 2280 1091 2344 Filii

22 2375 63 2436 tui
81 2376 304 2448 habitaculum
323 2377 404 2442 effici
422 2386 603 2444 mereretur
620 2379 744 2463 Spiritu
766 2386 878 2444 sancto
895 2386 1090 2462 cooperante

22 2476 216 2558 praeparasti
238 2477 321 2541 etc.“

505 2679 537 2762 fi.
559 2675 592 2746 ³.

22 2815 49 2878 B.
76 2820 194 2903 Virgo
220 2822 474 2904 probabilius
501 2825 647 2889 meruit
673 2824 718 2889 de
745 2845 916 2907 congruo
944 2826 1089 2891 stricto

294 2921 596 2989 Maternitatem
625 2924 806 2989 divinam.

75 3068 156 3133 Sunt
184 3070 315 3152 quidem
342 3072 490 3136 nonnulli
518 3072 676 3155 theologi,
710 3073 768 3154 qui
793 3072 946 3136 meritum
974 3072 1088 3138 stricte

22 3185 189 3249 congruum
209 3169 240 3233 b.
262 3169 389 3252 Virgini
410 3170 584 3254 denegent,
611 3171 698 3235 inter
726 3193 807 3254 quos
828 3171 1026 3255 Toumelyss)
1056 3180 1089 3238 et

22 3263 58 3328 he
80 3267 223 3352 Grande)
254 3269 414 3348 dicentes,
444 3271 597 3337 meritum
625 3271 810 3336 strictum
839 3271 885 3335 de
914 3293 1087 3354 congruo

22 3364 137 3444 adesse,
169 3389 269 3450 quum
296 3390 378 3452 opus
406 3391 471 3434 non
499 3370 595 3435 modo
623 3370 766 3453 aliquam
786 3369 908 3454 habeat
930 3392 1003 3435 cum
1023 3370 1087 3436 fine

23 3466 280 3546 convenientiam,
311 3467 489 3533 sedetiam
517 3489 557 3534 ex
584 3490 618 3534 se
645 3469 697 3533 vel
719 3490 759 3532 ex
785 3475 894 3534 mente
922 3471 1088 3552 operantis

23 3561 54 3623 nl
76 3563 166 3628 illum
193 3566 354 3632 rationem
375 3568 465 3633 dicit.
508 3568 665 3634 Peccator
691 3592 720 3633 v.
743 3591 781 3652 g,
805 3569 862 3652 qui
889 3570 1010 3634 auxilio
1040 3569 1087 3633 di-

78 3812 96 3878 Ι)
112 3812 201 3881 Super
221 3815 302 3868 Salve
320 3815 434 3883 Regina
468 3816 555 3871 Serm.
572 3820 602 3872 61
621 3821 672 3872 art.
691 3819 715 3871 1.
731 3834 775 3886 cp.
792 3819 815 3871 3.
858 3819 879 3886 Ξ)
898 3817 930 3872 ln
948 3816 999 3882 ΙΙΙ,
1020 3821 1086 3872 tom·

23 3890 34 3980 J,
51 3910 75 3960 q.
90 3898 113 3948 2.
130 3901 181 3950 art.
200 3901 239 3952 10.
281 3898 302 3962 8)
320 3900 420 3952 Cursus
441 3897 616 3968 theologicus
637 3903 703 3954 tom.
721 3899 742 3966 l,
760 3918 787 3968 p.
806 3902 861 3956 509.
901 3902 923 3967 ⁴)
940 3900 1033 3955 Tract.
1051 3900 1086 3956 de

28 3979 203 4033 ncarnatione
221 3980 309 4036 Verbi
326 3979 422 4036 divini.
