2730 4564
723 352 780 412 138

208 511 385 596 Scripturis
422 509 646 594 consignatam
685 518 718 577 et
755 533 854 594 quam
890 513 1087 596 virginitatis
1124 535 1296 581 consecra-

208 613 331 678 tionem
358 616 515 692 cc'ncepto
543 616 619 676 voto
647 631 688 674 ss.
711 609 825 676 Patres
854 619 888 677 et
916 611 1060 696 theologi
1088 635 1207 698 magno
1237 637 1297 679 nu-

208 733 297 778 mero
329 712 600 793 interpretantur.
654 709 750 775 Certe
783 711 811 774 si
843 710 940 775 simul
976 713 1297 795 comprehendantur

206 811 287 876 haec
310 810 419 893 capita
441 809 475 872 in
498 808 674 891 Scripturis
696 809 854 888 revelata,
882 810 1050 893 virginitas
1077 813 1111 875 in
1134 820 1296 896 conceptu

111 897 114 904 ¹
208 916 243 975 ct
265 917 364 993 partu
385 906 563 974 Salvatoris
586 955 732 986 ......
757 915 918 992 perpetua
939 909 1108 992 virginitas
1128 911 1164 974 in
1188 912 1296 994 Scrip-

203 1011 292 1074 ⁴turis
321 1009 400 1092 ipsis
428 1005 574 1071 revelata
606 1007 730 1071 censeri
760 1007 866 1084 debet.
917 1008 976 1071 His
1008 1029 1083 1072 vero
1114 1011 1294 1092 suppositis

207 1108 323 1172 Patres
344 1107 460 1172 merito
490 1112 680 1187 argumento
707 1106 858 1188 negativo
889 1125 927 1170 ex
951 1107 1140 1188 Scripturae
1161 1107 1293 1174 silentio

121 1215 129 1238 ²
207 1207 248 1271 de
270 1206 460 1290 nuptiarum
474 1227 542 1269 usu
572 1211 605 1270 ct
627 1205 750 1270 Mariae
772 1204 848 1270 filiis
876 1206 1214 1272 vindicant'valorem
1243 1231 1294 1273 ar-

207 1304 354 1389 gumenti
375 1304 508 1387 positivi
528 1325 588 1386 pro
610 1304 680 1386 ejus
701 1311 862 1387 perpetua
882 1305 1078 1387 virginitate.
1114 1307 1182 1387 ,Ut
1201 1307 1293 1384 haec,

208 1425 292 1488 quae
311 1403 434 1486 scripta
454 1409 538 1481 sunt,
557 1424 621 1466 non
640 1424 803 1486 negamus,
821 1404 930 1487 inquit
948 1427 971 1468 s.
989 1403 1293 1488 Hieronymus,¹)

207 1503 256 1568 ita
278 1524 330 1580 ea,
361 1522 443 1585 quae
465 1521 530 1565 non
551 1501 628 1567 sunt
656 1502 793 1585 scripta,
825 1502 999 1567 renuimus.
1043 1502 1166 1568 Natum
1188 1505 1294 1570 Deum

207 1623 278 1667 esse
300 1601 340 1666 de
362 1600 494 1684 Virgine
516 1601 686 1680 credimus,
710 1603 787 1685 quia
807 1601 960 1684 legimus:
983 1602 1120 1668 Mariam
1142 1606 1292 1688 nupsisse

207 1707 283 1782 post
303 1707 444 1782 partum,
466 1720 533 1763 non
554 1699 724 1778 oredimus,
748 1701 826 1784 quia
847 1722 911 1764 non
932 1701 1100 1784 legimus.“

269 1799 340 1864 Huc
363 1820 491 1882 quoque
513 1805 649 1881 spectat,
672 1805 711 1863 ut
733 1798 799 1863 alia
819 1806 1034 1881 praeteream,
1057 1802 1203 1880 verbu'm,
1228 1823 1292 1886 quo

208 1898 357 1964 Christus
384 1899 418 1962 in
450 1919 545 1963 cruce
574 1898 718 1980 pendens
750 1906 894 1963 matrem·
921 1921 1012 1964 suam
1045 1900 1293 1965 dilectissimam

208 2019 232 2062 s.
264 1997 396 2076 loanni,
434 1997 601 2080 Virginem
637 1997 776 2080 Virgini,
816 1997 1062 2064 commendavit.
1118 1999 1204 2081 ,Ubi
1243 2008 1293 2064 est

208 2095 304 2175 illud,
338 2097 520 2179 interrogat
552 2095 581 2159 d.
611 2096 892 2178 AmbrosiuS,²)
926 2097 1013 2180 quod
1041 2091 1200 2180 scriptirm
1232 2106 1292 2175 est,

209 2195 337 2260 dicente
378 2195 516 2259 Domino
556 2195 600 2259 ad
637 2195 777 2261 Matrem
818 2197 857 2260 de
895 2196 1022 2262 Jcanne
1061 2196 1292 2279 Evangelista:

208 2293 373 2374 ,Mulier
405 2315 494 2358 ecce
523 2293 638 2358 filius
667 2301 760 2360 tuus
789 2303 823 2360 et
851 2317 963 2360 rursus
992 2295 1034 2360 ad
1061 2295 1222 2360 loannem
1252 2297 1292 2360 de

207 2393 328 2458 Maria:
367 2394 485 2475 ,Ecce
522 2393 651 2458 Mater
687 2395 837 2478 tua?“³)
878 2395 964 2472 Quid
995 2394 1058 2459 sibi
1089 2395 1179 2460 istud
1211 2395 1291 2472 vult,

207 2493 295 2577 quod
323 2516 424 2576 quum
452 2495 485 2557 in
514 2515 609 2558 cruce
638 2496 764 2577 positus
793 2495 950 2559 Dominus
978 2501 1150 2578 peccatum
1179 2496 1293 2559 mundi

187 2593 352 2672 tolleret,
381 2593 606 2675 pronuntiarit
635 2595 734 2658 etiam
762 2595 802 2658 de
824 2595 1010 2677 virginitate
1038 2596 1208 2658 materna?
1241 2595 1292 2659 Ad

207 2690 287 2774 quid
319 2691 409 2756 aliud
441 2691 575 2770 dicitur,
609 2693 687 2770 nisi,
721 2701 758 2759 ut
790 2693 923 2758 claudat
954 2715 1013 2758 sua
1046 2715 1103 2758 ora
1135 2693 1290 2776 perfidia:

206 2791 426 2869 obmutescat,
456 2812 496 2856 ne
525 2792 816 2857 matremDomini
845 2792 954 2876 aliquo
985 2793 1106 2858 audeat
1128 2800 1290 2881 temerare

45 2931 48 2940 ‹
110 2917 129 2934 ··
207 2891 375 2956 convicio?
406 2891 518 2956 Testis
551 2898 601 2956 est
633 2911 708 2974 ergo
741 2891 828 2955 idem
860 2891 997 2969 arbiter,
1031 2891 1118 2954 idem
1150 2892 1291 2956 materni

206 2989 341 3072 pudoris
362 2997 514 3069 assertor,
535 2991 622 3074 quod
640 2989 837 3074 desponsata
856 2989 958 3055 fuerit
976 2991 1044 3055 viro
1062 2991 1290 3055 tantummodo

205 3089 341 3172 Joseph,
370 3089 461 3154 nulla
482 3098 593 3156 tamen
614 3089 792 3173 conjugalis
820 3090 925 3154 coitus
948 3090 1181 3155 consuetudine
1204 3090 1291 3155 thori

203 3189 279 3271 jura
300 3190 495 3272 cognoverit.
532 3189 643 3272 Neque
667 3189 754 3253 enim
772 3210 844 3253 eam
865 3196 1090 3271 suscepturam
1113 3211 1153 3253 ex
1168 3190 1290 3273 Joseph

206 3288 290 3352 filios
323 3311 342 3352 a
374 3289 435 3352 riri
469 3289 630 3354 consortio
670 3298 822 3371 separare
855 3279 1018 3352 voluisset.
1073 3287 1137 3353 Sed
1170 3289 1198 3352 si
1229 3289 1298 3353 hoc'

206 3409 323 3471 parum
344 3396 407 3466 est,
438 3388 566 3453 addidit
586 3389 809 3453 testimonium
831 3388 1028 3471 evangelista
1049 3387 1173 3466 dicens,
1204 3390 1290 3472 quod

207 3488 351 3570 suscepit
372 3509 444 3552 eam
466 3488 644 3571 discipulus
666 3489 699 3551 in
721 3489 843 3553 suam.“

272 3593 299 3651 2.
340 3586 522 3652 Traditio
561 3609 690 3671 quoque
727 3587 985 3652 luculentissima
1020 3584 1114 3650 nobis
1152 3588 1290 3668 praebet

207 3694 398 3770 argumenta
427 3687 469 3750 ad
496 3688 715 3770 virginitatem
744 3709 767 3751 s.
792 3687 953 3769 Deiparae
980 3690 1055 3768 post
1076 3691 1211 3766 partum
1238 3687 1290 3750 de-

206 3785 412 3851 fendendam.
452 3785 659 3850 ¹Declaratur
687 3784 744 3848 illa
773 3784 968 3850 Conciliis
998 3781 1290 3850 Mediolanensi

273 4005 293 4067 ¹)
312 4003 414 4057 Contra
431 4001 541 4054 Helvid.
556 4019 581 4055 n.
598 4002 636 4054 19.
669 4002 690 4066 ²)
708 3998 768 4053 Lib.
785 4000 816 4062 X.
832 4001 911 4068 epist.
924 4001 965 4055 79.
998 4001 1019 4065 ³)
1037 3999 1097 4053 Joa.
1113 4000 1236 4065 xmae
1253 4020 1289 4070 sq.
