2772 4550
604 375 664 436 563

83 547 138 604 est
178 536 367 602 solemnitas
402 531 641 600 Purificationis
679 535 710 599 b.
748 535 888 616 Mariae,
929 559 1012 621 quae
1049 540 1173 606 Graece

82 638 262 717 ὑπαπάντη
285 635 305 698 i.
329 656 356 700 c.
378 633 521 697 obviatio
549 633 679 712 dieitur,
710 655 748 698 eo
777 634 864 718 quod
885 635 939 700 die
961 636 1017 700 illo
1042 637 1173 704 Simeon

82 736 269 802 obviaverit
297 734 407 799 oblato
443 733 477 796 in
506 734 628 816 templo
658 735 811 814 Domino,
849 742 883 799 et
911 735 959 799 ita
987 738 1173 804 mortalitas

81 836 268 904 cessavit.“'
306 832 499 916 Euagrius
531 832 571 897 de
605 834 719 898 eadem
747 835 802 898 lue
832 841 980 899 tractans
1007 824 1136 916 scribit,
1147 840 1172 920 ¹)

82 958 180 1020 ,eam
201 957 260 1018 per
283 937 320 997 52
343 953 446 997 annos
468 932 654 997 universum
684 932 796 997 orbem
817 941 980 998 terrarum
1001 935 1173 1018 depastam

80 1035 216 1100 fuisse.“
260 1031 311 1095 Ad
333 1029 570 1094 defendendam
590 1030 674 1095 hanc
703 1032 915 1112 sententiam,
946 1055 1044 1116 quam
1073 1037 1172 1102 etiam

79 1131 351 1212 Thomassinus²)
379 1135 484 1205 tenet,
514 1127 710 1194 Baronius
739 1131 986 1212 animadvertit,
1016 1155 1036 1198 a
1065 1157 1089 1199 s.
1112 1135 1172 1201 Pa·
1236 1121 1240 1130 ⁸

80 1232 202 1309 tribus,
224 1230 281 1313 qui
304 1234 397 1293 ante
418 1225 640 1292 Justinianum
662 1227 897 1311 Imperatorem
919 1231 1078 1312 vixerunt,
1100 1236 1172 1300 nul-

78 1332 154 1396 lum
186 1347 366 1394 sermonem
403 1326 436 1389 in
468 1325 530 1389 hoc
562 1325 647 1390 festo
679 1325 829 1392 habitum
865 1350 948 1394 csse
972 1332 1021 1395 vel
1054 1335 1172 1400 saltem

81 1436 227 1496 exstare.

145 1527 178 1592 b.
209 1527 311 1592 Juxta
337 1526 476 1590 alteram
505 1524 702 1588 sententiam
722 1525 784 1590 hoc
811 1525 932 1592 festum
953 1531 1172 1613 probabiliter

81 1633 136 1693 est
169 1647 190 1691 a
221 1632 398 1707 tempore
428 1623 711 1706 Apostolorum
743 1625 793 1688 vel
823 1626 939 1692 saltem
970 1651 990 1694 a
1022 1638 1170 1714 tempore

79 1725 292 1809 Apostolis
321 1723 510 1806 proximo.
554 1721 707 1804 Opinioni
732 1722 809 1788 huic
829 1727 1057 1807 patrocinatur
1083 1731 1171 1796 inter·

79 1826 167 1891 alios
194 1825 367 1888 Ioannes
396 1821 648 1904 Carthagena
675 1821 824 1905 dicens,³)
852 1846 891 1887 ex
913 1829 1077 1892 communi
1097 1831 1169 1894 the-

79 1926 255 2007 ologorum
285 1921 449 1986 sententia
483 1919 565 1984 illud
598 1926 687 1985 recte
719 1921 822 1986 tribui
853 1924 1035 2007 apostolis,
1077 1929 1169 2012 cujus

60 2021 254 2089 exordium
274 2021 308 2084 in
328 2020 475 2085 Ecclesia
496 2020 665 2102 ignoretur
688 2027 722 2084 et
742 2027 853 2085 tamen·
874 2023 908 2086 in
932 2025 1169 2109 antiquissimis

77 2122 236 2189 Patribus
257 2121 456 2198 inveniatur3
479 2120 539 2184 hoc
560 2139 636 2184 vero
659 2119 768 2203 quoad
786 2117 1026 2188 Purificationis
1048 2124 1170 2190 festum

78 2223 201 2289 valere.
245 2219 536 2296 stremonius,
559 2219 739 2302 Episcopus
757 2219 917 2302 TyrensiS,
941 2227 1027 2287 teste
1050 2223 1169 2289 d.Hie-

77 2325 250 2406 ronymotl
273 2320 333 2385 sub
357 2319 457 2384 Decio
481 2325 514 2384 et
526 2319 700 2383 Valeriano
721 2320 879 2402 martyrio
901 2330 1086 2402 coronatus,
1108 2325 1166 2390 ho-

77 2423 206 2488 miliam
226 2420 332 2486 adhuc
350 2425 534 2483 exstantem
552 2417 593 2482 de
612 2439 749 2482 occursu
767 2419 898 2484 Domini
916 2419 1042 2488 habuit.
1075 2424 1168 2505 ,Non

79 2529 147 2601 est,
181 2526 276 2585 notat
300 2517 562 2583 Colvenerius
588 2511 711 2599 optimo
734 2517 808 2599 jure
837 2517 877 2582 de
903 2519 965 2584 hac
990 2520 1167 2606 homilia,⁵)

77 2643 140 2686 our
162 2620 295 2704 quidam
316 2617 407 2680 illam
428 2615 472 2680 ad
490 2616 621 2680 Domini
643 2615 794 2681 Natalem
816 2616 1044 2702 detorqueant,
1068 2641 1168 2704 quum

79 2722 210 2786 clarum
231 2720 282 2797 sit,
306 2728 350 2782 eo'
367 2709 497 2780 minime
519 2711 699 2798 pertinere,
724 2739 784 2781 nec
807 2739 877 2782 esse
901 2721 1168 2786 commentarium

76 2823 113 2884 in
135 2820 272 2896 Lucam,
303 2815 413 2880 sedin
436 2815 572 2880 solemni
594 2815 656 2879 hoc
682 2815 767 2880 festo
790 2813 994 2882 recitatam.“
1036 2819 1075 2883 Id
1096 2820 1167 2902 ipsa

77 2918 235 2983 homiliae
275 2915 375 2980 verba
414 2913 621 2996 apertissime
666 2909 828 2979 eiincunt.
897 2915 1025 2997 ,Mater
1064 2918 1167 2999 ipsius

77 3038 181 3099 supra
209 3016 315 3100 legem
344 3003 502 3090 existens,
533 3033 567 3076 se
596 3013 661 3096 legi
689 3009 871 3094 submittit,
902 3037 1051 3100 quaeque
1073 3017 1165 3100 pura,

78 3137 182 3202 quum
209 3115 269 3193 sit,
298 3119 429 3196 tempus
457 3120 567 3177 tamen
589 3119 630 3177 40
658 3112 785 3177 dierum
813 3113 847 3177 in
874 3112 1017 3195 pollutas
1047 3118 1167 3181 consti-

77 3223 188 3282 tutum
216 3211 489 3297 praefinitumque
523 3211 690 3289 observat,
727 3210 830 3295 fitque
859 3213 925 3294 legi
954 3212 1109 3278 obediens
1137 3216 1166 3280 is

76 3335 219 3398 quoquc,
240 3313 297 3396 qni
314 3333 334 3375 a
355 3310 426 3393 lege
446 3311 581 3376 liberat:
605 3317 638 3376 et
657 3311 780 3377 oblatio
799 3332 859 3393 pro
882 3333 920 3375 eo
943 3311 1089 3391 offertur,
1109 3315 1166 3396 qui

75 3435 138 3477 nos
167 3409 396 3489 sanctificavit,
427 3433 487 3494 par
516 3411 625 3475 avium
653 3411 849 3476 mundarum
878 3412 911 3476 in
941 3412 1166 3477 testimonium

74 3513 223 3589 illorum,
255 3510 311 3592 qui
338 3509 452 3574 mundi
480 3511 704 3594 inculpatique
733 3511 963 3576 accedebant.“
1009 3511 1167 3579 Similiter

76 3635 102 3676 s.
122 3609 341 3692 Gregorius
363 3607 577 3692 Nyssenus,
600 3609 705 3675 frater
725 3631 898 3694 germanus
920 3632 943 3674 s.
961 3611 1084 3691 Basilii,
1108 3614 1166 3695 qui

74 3732 162 3776 anno
180 3713 241 3774 340
258 3706 376 3786 floruit,
395 3709 428 3771 in
448 3709 510 3773 hoc
532 3707 620 3774 festo
636 3709 754 3775 habuit
774 3731 955 3775 sermonem
976 3731 1036 3774 nec
1059 3711 1166 3776 minus

75 3863 275 3874 ...u-*aaa-

144 3943 164 4008 ¹)
181 3941 252 3996 Ilist.
269 3942 319 3997 lib.
336 3941 385 4006 IV,
403 3958 447 4011 cp,
463 3943 504 3997 28.
544 3942 566 4009 ⁸²)
583 3941 624 3996 De
641 3941 720 3996 lestis
736 3940 784 3996 lib.
803 3940 838 4007 Il,
856 3957 899 4011 cp.
919 3944 957 3996 ll.
990 3943 1013 4008 ³)
1032 3941 1108 3998 Tem.
1127 3942 1165 4010 11,

74 4027 126 4082 lib.
140 4024 218 4092 VIII,
234 4023 308 4080 hom.
323 4028 364 4081 12.
389 4024 410 4092 ⁴)
428 4025 468 4080 De
485 4025 667 4095 scriptoribus
685 4025 754 4080 eccl.
772 4041 815 4092 cp.
832 4025 873 4079 83.
898 4027 920 4091 ὃ)
938 4023 1012 4162 Εὲὲἑ
1028 4041 1091 4094 pag.
1108 4028 1164 4082 100.
