2718 4556
533 367 608 426 *aot

50 533 155 610 virum,
186 550 311 612 exque
334 527 504 609 concipere
527 546 660 609 queam:
692 525 916 608 virginitatem
938 525 966 589 si
988 526 1119 608 quidem
1201 571 1205 580 ·

50 653 142 696 meam
168 631 238 712 jam
269 626 393 692 dudum
425 626 493 691 Deo
527 625 721 690 consecravi.
772 625 879 702 Quare
911 625 1119 690 vehementer

49 753 111 794 amo
140 728 337 810 intelligere,
372 724 644 809 quemadmodum
675 723 747 788 fieri
775 724 892 807 possit,
927 731 964 789 ut
993 746 1051 808 ego
1085 732 1118 790 et

49 829 201 912 sponsioni
228 847 320 891 meae
348 825 389 889 de
421 825 610 908 virginitate
644 823 802 888 servanda
828 822 948 887 faciam
975 823 1056 889 satis
1085 833 1118 890 et

23 927 134 991 -sirnul
161 926 341 1008 concipiam
368 926 533 1008 pariamve
562 925 623 990 Dei
651 923 762 988 filium.
806 923 896 988 Haec
924 945 996 988 mea
1025 925 1119 990 dubi·

49 1027 122 1091 tatio
144 1032 207 1103 est,
238 1024 279 1088 de
301 1045 366 1107 qua
387 1024 506 1088 instrui
528 1024 637 1106 cupio,
668 1029 706 1087 ut
727 1023 857 1087 omuino
880 1023 913 1086 in
934 1045 985 1088 me
1010 1024 1119 1088 divina

48 1127 184 1190 voluntas
205 1123 425 1208 perficiatur.“

99 1257 312 1340 Exploratum
348 1256 397 1320 illi
429 1263 501 1320 erat
532 1254 646 1339 procul
683 1254 782 1319 dubio
820 1260 891 1319 tum
928 1276 968 1319 ex
1001 1255 1117 1320 divinis

46 1356 154 1435 literis,
184 1364 255 1420 turn
277 1377 317 1418 ex
345 1354 480 1419 coelesti
508 1354 630 1419 lumine
658 1358 802 1418 mentem
829 1353 898 1437 ejus
920 1353 1116 1436 illustrante,

46 1454 139 1518 filium
160 1455 221 1518 Dei
242 1460 394 1524 naturam
415 1452 591 1516 humanam
610 1473 671 1535 pro
700 1451 806 1516 salute
837 1454 963 1535 generis
984 1451 1119 1518 humani

47 1560 293 1636 assumpturum,
328 1551 446 1614 deinde
477 1550 547 1614 fore
577 1551 759 1633 Virginem,
794 1572 877 1633 quae
910 1550 1004 1615 illum
1032 1559 1118 1617 esset

47 1659 232 1735 conceptura
264 1649 441 1715 secundum
472 1649 576 1713 Isaiae
608 1647 787 1732 prophetae
819 1649 1024 1729 vaticinium,
1060 1652 1118 1716 sed

46 1751 164 1829 modus,
205 1771 269 1833 quo
304 1747 507 1830 perficienda
540 1753 611 1812 erat
648 1748 832 1830 conceptio,
870 1770 969 1831 opera
1000 1771 1116 1833 nempe

46 1851 175 1932 Spiritus
203 1849 323 1927 sancti,
364 1847 453 1912 illam
485 1847 620 1912 latebat.
664 1847 756 1928 ,Jam
792 1869 826 1912 se
858 1849 1039 1930 parituram
1069 1849 1117 1912 in·

47 1955 230 2014 cunctanter
269 1948 388 2025 credit,
432 1947 527 2011 docet
566 1948 716 2012 Franco
755 1946 942 2030 Abbas,¹)
985 1949 1117 2012 modum

47 2053 162 2126 tamen,
193 2069 258 2132 quo
287 2047 321 2112 id
348 2046 421 2111 fieri
450 2046 584 2124 debeat,
614 2046 766 2129 inquirit,
800 2047 877 2129 quia
905 2047 966 2112 hoc
994 2069 1054 2111 nec
1083 2048 1116 2111 in

9 2145 10 2148 ’
45 2147 194 2230 propbeta
235 2127 360 2229 legerat
398 2167 458 2210 nec
497 2145 538 2210 ab
579 2145 707 2228 Angelo'
741 2145 900 2210 audierat.
953 2146 1026 2212 Non
1067 2153 1118 2211 est

45 2243 174 2310 filiorum
206 2246 309 2310 Adam
342 2246 406 2310 ista
434 2245 502 2324 lex,
535 2251 574 2309 ut
602 2245 671 2308 sine
700 2245 768 2308 viro
801 2245 964 2327 concipiat
990 2244 1115 2323 mulier,

46 2344 105 2408 siue
126 2351 220 2428 patre
250 2350 406 2409 nascatur
426 2364 517 2426 puer.
562 2343 630 2407 Hac
658 2343 745 2425 lege,
777 2342 838 2406 hoc
867 2343 980 2406 ordine
1009 2344 1117 2408 omnia

46 2442 80 2506 ab
110 2445 203 2509 initio
237 2443 280 2508 ad
311 2465 369 2508 nos
402 2463 504 2524 usque
537 2442 668 2506 saecula
700 2442 945 2507 decurrerunt.“
994 2442 1116 2507 Videns

46 2561 111 2624 ergo
133 2543 274 2626 Angelus
302 2541 333 2605 b.
355 2541 520 2624 Virginem
550 2547 761 2624 quaerentem
790 2547 823 2605 et
850 2540 891 2604 ob
920 2541 1117 2624 virginitatis

42 2639 193 2720 jacturam
214 2640 463 2724 persollicitam,
493 2640 681 2705 nullatenus
702 2660 778 2704 vero
801 2640 1022 2720 dubitantem,
1052 2664 1117 2708 non

45 2741 179 2822 negavit,
219 2762 290 2805 eam
325 2739 487 2803 instruere
527 2740 660 2822 ejusque
693 2738 851 2822 repellere
884 2740 1115 2805 turbationem.

45 2837 221 2905 Declaravit
242 2841 332 2918 ideo,
357 2839 518 2922 quomodo
540 2839 630 2903 istud
650 2838 722 2917 fiet,
745 2838 833 2920 quod
855 2839 1031 2921 quaesivit;
1061 2839 1116 2904 de-

46 2936 187 3017 claravit,
210 2939 292 3002 nibil
313 2938 362 3003 illi
382 2939 572 3004 timendum.
617 2938 808 3021 „Concipies
831 2942 865 3002 et
885 2938 993 3021 paries
1013 2937 1116 3003 filium

44 3053 78 3097 ex
98 3036 344 3101 obumbratione
368 3037 509 3120 Spiritus
537 3038 656 3116 sancti,
687 3037 766 3120 quin
787 3036 955 3119 virginitas
978 3044 1036 3102 tua
1057 3039 1116 3102 ali·

44 3134 116 3214 quid
136 3135 325 3200 detrimenti
346 3137 524 3219 patiatur.“

98 3265 127 3328 b.
158 3266 231 3331 Non
260 3267 408 3345 defuere,
432 3266 504 3351 ¹qui
535 3267 565 3330 b.
595 3268 762 3350 Virginem
790 3270 896 3334 verbis
924 3271 1116 3352 praecitatis

43 3359 224 3446 Angelum
247 3366 473 3430 examinare
495 3367 672 3432 intendisse
694 3369 890 3450 putaverint.

99 3496 267 3563 Sententia
288 3499 435 3580 profecto
458 3520 522 3562 non
544 3497 649 3562 solum
670 3521 693 3562 s.
715 3499 912 3582 Scripturae,
936 3500 993 3564 sed
1015 3501 1116 3566 etiam

41 3590 238 3662 beatissimae
276 3597 419 3680 Virginis
458 3597 634 3662 virtutibus
672 3599 876 3680 apertissime
913 3606 1114 3682 repugnans!

41 3688 146 3758 Nonne
167 3696 224 3762 illa
244 3697 279 3760 in
300 3696 498 3761 salutatione
528 3696 674 3778 angelica
695 3696 795 3761 fuisse
817 3698 938 3780 legitur
959 3699 1134 3770 turbatai,

42 3787 198 3877 Numquid
228 3795 259 3859 b.
282 3795 425 3878 Virginis
446 3794 640 3860 modestiam
661 3817 699 3860 ac
731 3796 950 3862 humilitatem
981 3797 1115 3880 profun-

50 3931 236 3948 Q*

103 4005 121 4071 ¹)
137 4007 214 4062 Tom.
234 4007 278 4074 Vl,
297 4008 332 4062 de
350 4009 442 4077 gratia
459 4007 518 4064 Dei.
