2726 4560
570 363 608 422 67

42 529 131 605 atque
155 519 270 585 officia
290 519 544 586 cumulatissime
566 513 783 604 remunerari,
816 527 1050 594 catholicorum
1071 553 1126 596 ne-

42 621 112 685 mini
144 641 217 685 non
252 625 303 683 est
334 619 625 701 persuasissimum.
679 623 764 700 Quid
796 631 847 690 est
882 626 998 709 igitur,
1039 631 1127 714 quod

42 720 185 785 Ecclesia
210 718 252 782 ab
276 718 390 782 eadem
411 718 473 782 Dei
494 719 602 784 Matre
620 720 694 803 jure
717 723 839 805 optimo
868 733 1040 808 expectare
1061 752 1126 794 non

43 819 164 897 debeat,
186 817 247 882 illo
271 817 359 881 edito
381 816 522 897 decreto,
543 839 582 882 ex
603 841 667 902 quo
689 826 818 886 tantum
838 824 961 906 gloriae
982 827 1016 891 in
1037 827 1126 893 illam

43 939 171 983 neeesse
196 923 249 981 est
270 915 495 980 redundare?“

95 1017 298 1083 Exultemns
325 1036 402 1104 ergo
423 1014 566 1093 laetitia,
595 1017 832 1100 triumphemus
860 1023 977 1104 gaudio
999 1047 1125 1108 magno,

43 1119 162 1202 gratias
192 1121 328 1198 agentes
350 1114 419 1178 Deo
449 1113 580 1196 Optimo
609 1115 765 1196 Maximo,
796 1120 883 1202 qnod
911 1121 972 1187 hoo
1000 1123 1125 1206 dogma,

43 1216 251 1281 beatissimae
272 1213 414 1296 Virgini,
443 1213 518 1276 Filii
540 1213 602 1277 Dei
630 1235 668 1278 ac
689 1215 789 1280 Matri
817 1226 947 1284 nostrae
968 1223 1127 1305 perhono-

43 1316 176 1394 rificum,
197 1313 301 1378 fuerit
321 1312 500 1378 definitum.
539 1315 677 1380 Etiamsi
699 1318 785 1380 enim
805 1319 968 1400 permulta
988 1321 1126 1386 attribui

44 1422 179 1498 possunt
208 1413 240 1476 b.
269 1411 396 1494 Virgini
424 1414 571 1478 encomia
600 1414 820 1497 splendentia,
851 1425 987 1502 excepto
1016 1426 1126 1485 tamen

43 1516 137 1580 titulo
155 1511 297 1596 „Matris
313 1510 405 1590 Dei,“
424 1513 532 1577 nullus
553 1514 585 1578 in
605 1513 761 1597 majorem
783 1517 852 1599 ejus
874 1517 969 1582 cedet
985 1519 1124 1599 landem,

45 1637 138 1699 quam
160 1612 282 1679 titulus
304 1611 534 1694 ,Immaculata
557 1611 752 1695 Concepta.“

496 1922 599 2056 cap.
631 1923 708 2032 ΙΙ..

144 2135 204 2205 ΒΕ
225 2135 501 2204 Bulrlssmrm
522 2133 721 2203 maenus
743 2137 1019 2207 mmmm

105 2303 220 2368 Mirari
235 2301 341 2384 prima
358 2299 466 2364 fronte
482 2321 650 2382 possemus
666 2301 843 2385 mirarique
859 2302 900 2367 de
915 2303 1003 2369 facto
1020 2305 1126 2370 solent

51 2403 207 2487 plerique,
237 2409 307 2466 tam
327 2421 433 2482 pauca
459 2399 499 2463 de
520 2399 652 2482 Virgine
675 2400 818 2483 Deipara
839 2403 1056 2485 euangelicam
1076 2427 1127 2469 re-

50 2502 157 2568 tulisse
197 2500 384 2565 historiam:
424 2504 539 2581 utpote
578 2499 775 2579 nativitatis,
815 2501 917 2580 vitae,
957 2503 1127 2586 dignitatis

50 2602 231 2684 gloriaeque
267 2599 336 2682 ejus
370 2597 479 2662 obitus
517 2596 692 2662 admodum
723 2605 782 2663 aut
817 2600 977 2684 condigna
1011 2601 1127 2667 saltem

52 2700 154 2783 aliqua
185 2699 255 2776 vin,
292 2703 330 2761 ut
361 2702 513 2780 apparet,
549 2695 639 2761 facta
670 2698 844 2762 mentione.
898 2699 992 2776 Quod
1022 2701 1127 2766 altum

52 2798 326 2881 Evangelistarum
347 2796 511 2860 silentium
539 2818 603 2860 non
632 2796 775 2860 caruisse
803 2800 972 2881 mysterio,
1002 2800 1125 2881 optimo

51 2897 115 2976 jure
130 2902 283 2962 autumat
300 2917 323 2960 s.
338 2895 479 2960 Petrus
495 2894 716 2960 Damianus.
746 2896 960 2980 „Aliquandq
974 2898 1125 2982 scribit,¹)

55 2997 84 3060 in
109 3020 199 3064 sacra
221 2996 392 3079 Scriptura
420 2996 503 3061 certi
532 3017 630 3060 cansa
658 2997 803 3079 mysterii
825 2997 955 3080 aliquid
980 3005 1126 3081 praeter-

56 3098 203 3175 mittitur,
226 3103 266 3160 ut
286 3095 357 3177 ipso
379 3095 473 3178 quasi
496 3095 656 3160 clamante
678 3095 806 3159 silentio
829 3118 981 3179 magnum
1001 3098 1126 3180 aliquid

56 3198 235 3262 sentiatur.“
280 3196 371 3261 Sacri
393 3216 468 3278 ergo
495 3201 645 3259 auctores
667 3216 873 3277 nequaquam
894 3195 1126 3261 siluissentin-

57 3293 189 3376 fantiam,
204 3295 329 3361 natalis
341 3295 483 3377 Virginis
500 3294 761 3359 circumstantias
778 3300 849 3372 010,
862 3295 924 3358 nisi
938 3296 1127 3378 mysterium

59 3395 178 3479 aliquod
205 3394 352 3460 indicare
380 3393 565 3460 voluissent.
608 3392 800 3476 Mysterinm
821 3400 946 3471 autem,
976 3394 1064 3476 qnod
1084 3395 1126 3459 si-

60 3492 146 3560 lentio
174 3517 233 3560 suo
256 3494 400 3562 indicare
428 3493 571 3558 intendit
591 3515 615 3557 s.
638 3493 861 3576 Evangelista,
890 3493 1016 3559 nullum
1037 3495 1127 3560 aliud

61 3602 189 3674 putatur,
208 3588 313 3678 quam'
324 3601 362 3659 ut
379 3594 520 3659 Matris
537 3593 609 3657 Dei
630 3592 753 3658 indicet
771 3593 1010 3672 excellentiam
1032 3600 1127 3658 tanta
1252 3651 1258 3663 .

62 3699 103 3756 est
121 3695 211 3772 enim,
230 3700 269 3758 ut
289 3693 437 3758 omnibus
460 3693 604 3776 quamvis
626 3691 818 3756 sublimibus
839 3692 968 3757 abunde
990 3689 1127 3757 sufficiat

62 3787 196 3856 laudibus
219 3798 254 3856 et
275 3793 437 3856 encomiis.

117 4006 135 4072 ¹)
150 4006 228 4061 Hom.
246 4009 279 4061 47
297 4007 332 4062 (10
348 4007 439 4064 Nativ.
457 4006 534 4074 Virg.
562 4017 564 4022 '
