2730 4564
605 377 663 436 163

89 538 249 602 vivente
277 533 403 598 adhuc
431 533 462 598 b.
490 534 655 617 Virgine
686 535 864 602 formatum
891 537 971 618 fuit3
1005 560 1080 622 ergo
1109 542 1172 605 vir-

88 636 263 720 ginitatem
284 633 399 697 Matris
423 633 601 699 Salvatoris
622 642 816 719 perpetuam
844 644 882 702 nt
902 639 1076 705 articulum
1097 639 1173 706 fidei

88 734 236 800 nondum
264 752 445 814 proponere
474 738 669 814 potuerunt,
700 736 778 818 quia
806 737 887 801 alias
916 738 1015 802 etiarn
1043 740 1173 822 virgini-

89 840 197 898 tatem
235 830 380 914 ejusdem
415 829 561 895 futuram
597 838 636 896 ut
668 833 861 898 credendam
897 856 1078 918 proponere
1118 838 1173 903 de-

89 933 250 1010 buissent,
274 929 361 1013 quod
381 951 446 994 non
468 930 599 995 videtur
620 933 829 997 conveniens!

153 1029 399 1112 Respondemus
431 1049 504 1091 cnm
534 1029 707 1094 cardinale
740 1030 785 1094 de
816 1031 931 1114 Lugo,
943 1033 967 1115 1)
999 1033 1173 1117 Apostolos

90 1129 218 1214 Spiritu
246 1133 359 1192 sancto
389 1126 533 1192 dictante
563 1129 684 1210 optime
713 1129 878 1209 calluisse,
909 1131 1084 1216 Deiparam
1111 1135 1173 1198 vir·

89 1229 200 1312 ginem
221 1226 291 1292 fore
312 1232 513 1308 perpetuam,
536 1233 574 1292 ut
595 1227 676 1292 adeo
698 1227 782 1292 hano
801 1229 973 1295 veritatem
994 1233 1062 1297 sine
1085 1235 1173 1298 omni

88 1327 236 1412 periculo
263 1325 419 1390 falsitatis
447 1327 619 1408 potuerint
645 1326 797 1392 fidelibus
825 1349 1006 1410 proponere
1036 1337 1073 1395 nt
1104 1353 1172 1396 cre-

90 1425 241 1491 dendam.
286 1424 337 1488 Sic
365 1424 465 1488 etiam
487 1425 589 1489 Isaias
611 1425 694 1491 hanc
721 1427 893 1493 veritatem
914 1435 952 1493 ut
973 1428 1118 1495 futuram
1139 1439 1173 1496 et
1273 1422 1278 1433 ⁸

88 1533 129 1592 ut
151 1524 253 1590 talem
280 1523 474 1588 credendam
494 1524 667 1606 praedixit.
711 1525 815 1608 ,Ecce
836 1526 934 1610 Virgo
957 1530 1118 1612 concipiet
1139 1537 1173 1596 et

88 1623 230 1709 pariet.“
241 1623 268 1705 2)
311 1622 465 1706 Adeoque
489 1623 656 1706 virginitas
677 1631 838 1707 perpetua
861 1626 907 1690 sic
927 1632 1015 1691 reete
1033 1630 1172 1711 proponi

88 1729 227 1887 potllldn
249 1826 358 1904 potest
379 1820 537 1903 assignari
563 1821 689 1904 regula,
721 1821 809 1885 dicet
834 1820 973 1888 forsitan
1000 1824 1170 1908 quispiam,

90 1922 206 2006 quales
233 1920 364 1985 articuli
395 1919 472 1984 fidei
503 1920 569 1985 sint
601 1920 641 1984 de
672 1920 906 2005 necessitate³)
939 1922 1046 2005 quoad
1074 1922 1171 1987 fidem

158 2122 179 2190 ¹)
203 2121 245 2175 De
270 2117 324 2172 fide
349 2117 458 2186 disp.,3
482 2121 549 2173 sect.
573 2119 590 2170 4
612 2135 638 2172 n.
660 2120 706 2185 753
732 2118 782 2173 cfr.
806 2118 950 2187 Sedlmayr
973 2120 991 2174 l.
1016 2136 1040 2176 o.
1065 2125 1116 2175 art.
1138 2122 1184 2177 X..
1215 2161 1219 2168 .

87 2207 111 2274 ²)
136 2205 200 2259 Isai.
225 2204 293 2269 Vll,
322 2204 358 2256 14.
401 2199 421 2267 8)
445 2199 592 2266 Duplicem
618 2200 793 2268 distinguunt
817 2200 940 2270 theologi
965 2204 1172 2260 necessitatem:

89 2307 175 2344 unam
199 2287 312 2353 medii,
336 2283 516 2354 praecepti
540 2283 662 2336 alteram.
695 2282 888 2337 Necessarium
905 2286 1069 2339 necessitate
1086 2286 1172 2340 medii

89 2369 296 2436 diciturillud,
320 2368 379 2420 sine
404 2379 458 2434 quo
481 2365 526 2418 vel
552 2381 587 2418 ex
603 2370 703 2418 natura
720 2365 762 2418 rei
785 2365 829 2419 vel
847 2382 881 2418 ex
899 2367 1012 2420 alterius
1029 2368 1171 2422 voluntate

88 2455 153 2509 finis
176 2453 298 2507 obtineri
315 2448 424 2518 nequit,
449 2448 488 2500 ita
511 2451 542 2501 ut
565 2448 689 2502 carentia
712 2448 786 2501 illius
811 2449 895 2502 etiam
920 2450 1060 2517 inculpata
1080 2451 1173 2505 obstet

88 2526 258 2592 assecutioni
279 2533 351 2586 finis.
384 2531 577 2584 Necessarium
595 2547 662 2585 vero
685 2532 849 2586 necessitate
866 2534 1009 2601 praecepti
1033 2538 1076 2587 est
1091 2534 1170 2601 illud,

87 2620 167 2689 cujus
191 2615 348 2672 voluntaria
371 2612 552 2681 transgressio
574 2612 666 2666 obstat
687 2613 799 2681 quidem
823 2614 990 2668 assecutioni
1012 2613 1091 2681 finis,
1116 2633 1171 2670 non

87 2710 185 2759 tamen
201 2699 344 2765 inculpata
360 2696 496 2750 carentis:
513 2694 555 2749 sic
573 2712 597 2749 v.
615 2713 642 2763 g.
659 2695 803 2764 inculpata
819 2697 892 2750 sacri
909 2697 1020 2750 omissio
1038 2696 1082 2750 die
1100 2697 1171 2753 festo

87 2803 146 2840 non
162 2771 246 2838 nocet
263 2777 429 2835 assecutioni
445 2777 508 2836 finis
525 2778 543 2831 i.
561 2793 584 2830 e.
601 2777 675 2831 vitae
694 2782 830 2832 aeternae.

155 2864 329 2920 Necessitate
346 2860 449 2914 medii
466 2860 622 2914 necessario
641 2864 669 2913 et
683 2861 816 2929 explicite
834 2860 967 2915 credendi
981 2866 1045 2916 sunt
1059 2863 1171 2917 articuli

88 2951 124 3005 de
149 2950 209 3002 Deo
233 2951 265 3000 ut
290 2945 462 2998 existente
487 2947 516 2996 et
539 2947 571 2996 ut
593 2949 857 2997 remuneratore
883 2947 1003 2997 testante
1027 2961 1047 2997 s.
1073 2945 1171 3002 Paulo:

88 3033 192 3101 „Sine
217 3029 291 3084 fide
315 3026 541 3096 impossibile
568 3032 621 3080 cst
646 3027 787 3094 plaeere
814 3027 892 3081 Deo.
935 3026 1172 3082 decedentem

88 3117 177 3172 enim
201 3113 241 3167 ad
262 3113 367 3167 Deum
391 3113 532 3178 oportet
554 3109 693 3163 credere
715 3110 795 3178 quis
818 3113 878 3174 est,
899 3113 934 3164 et
956 3109 1044 3178 quod
1066 3111 1172 3179 inqui-

88 3197 252 3254 rentibus
283 3210 319 3248 se
349 3197 593 3248 remunerator
624 3192 697 3246 sit.“
740 3191 837 3258 (Hebr.
862 3190 916 3257 Xl,
941 3191 976 3259 6.)
1018 3193 1106 3260 Quare
1136 3195 1171 3250 ab

88 3283 205 3336 Innoc.
228 3277 281 3343 XI,
306 3276 435 3331 damnata
460 3281 502 3330 est
518 3277 686 3345 propositio:
714 3274 848 3341 „Nonnisi
872 3274 941 3328 fides
958 3275 1038 3351 unius
1055 3275 1106 3330 Dei
1124 3294 1171 3331 ne·

88 3363 208 3420 cessaria
231 3361 344 3415 videtur
361 3360 526 3414 necessitate
543 3359 643 3424 medii,
669 3375 725 3412 non
749 3362 842 3412 autem
865 3359 998 3426 explicita
1015 3376 1172 3414 remunera·

87 3448 185 3504 toris.“
220 3445 300 3512 „Non
318 3444 407 3497 solum
424 3446 466 3496 est
482 3443 669 3496 necessarium
687 3441 813 3508 credere,
832 3440 906 3510 quod
923 3440 996 3495 Deus
1014 3442 1062 3507 sit,
1081 3442 1173 3511 inquit

88 3550 109 3587 s.
127 3529 275 3585 Thomas
300 3527 374 3592 (lect.
391 3525 409 3580 2
426 3525 462 3578 ad
478 3529 547 3580 text.
565 3524 666 3594 Pauli),
690 3525 739 3579 sed
757 3525 831 3594 quod
848 3524 1171 3592 habeatprovidentiam

88 3615 124 3670 de
150 3613 247 3678 rebus3
275 3609 356 3664 aliter
381 3609 472 3662 nullus
497 3609 553 3663 iret
578 3607 613 3661 ad
638 3609 743 3676 ipsum,
769 3609 792 3662 si
817 3625 873 3661 non
899 3611 1025 3675 speraret
1052 3609 1171 3677 aliquam

87 3694 340 3753 remunerationem
357 3692 392 3747 ab
410 3690 497 3760 ipso.“
1081 3747 1085 3758 ,

153 3777 328 3832 Necessitate
351 3773 535 3844 praecepti
561 3773 755 3842 cognoscenda
780 3777 857 3829 eunt:
884 3777 907 3832 1.
929 3773 1030 3828 Omnes
1053 3775 1171 3841 symboli

88 3861 287 3930 Apostolorum
305 3858 429 3922 articuli,
455 3857 553 3910 saltem
571 3857 661 3925 quoad
678 3857 867 3912 substantiam.
900 3859 925 3913 2.
950 3857 1103 3926 Praecepta
1121 3858 1172 3912 Dei

88 3963 138 4000 sen
154 3940 311 4010 decalogus.
345 3943 369 3996 3.
393 3941 419 3995 S.
437 3940 623 4007 Sacramenta,
637 3957 707 4008 quae
723 3943 854 3994 tenentur
871 3941 915 3993 vel
931 3942 1029 3995 volunt
1044 3941 1170 4008 recipere
1251 3993 1259 4010 ,

88 4027 195 4082 fideles.
217 4023 323 4093 Quibus
337 4023 521 4080 communiter
535 4024 696 4092 adjungitur
711 4025 736 4078 4.
745 4023 846 4077 notitia
860 4022 993 4086 orationis
1007 4020 1171 4078 dominicae.

972 4105 1021 4160 11*
