<?xml version="1.0" encoding="UTF-8"?>
<!DOCTYPE html PUBLIC "-//W3C//DTD XHTML 1.0 Transitional//EN"
    "http://www.w3.org/TR/xhtml1/DTD/xhtml1-transitional.dtd">
<html xmlns="http://www.w3.org/1999/xhtml" xml:lang="en" lang="en">
 <head>
  <title>
</title>
<meta http-equiv="Content-Type" content="text/html;charset=utf-8" />
  <meta name='ocr-system' content='tesseract 3.04.00' />
  <meta name='ocr-capabilities' content='ocr_page ocr_carea ocr_par ocr_line ocrx_word'/>
</head>
<body>
  <div class='ocr_page' id='page_1' title='image "./mariologiaseupo00stamgoog_0333.png"; bbox 0 0 2718 4556; ppageno 0'>
   <div class='ocr_carea' id='block_1_1' title="bbox 535 375 595 437">
    <p class='ocr_par' dir='ltr' id='par_1_1' title="bbox 535 375 595 437">
     <span class='ocr_line' id='line_1_1' title="bbox 535 375 595 437; baseline -0.033 0"><span class='ocrx_word' id='word_1_1' title='bbox 535 375 595 437; x_wconf 81' lang='lat'>307</span> 
     </span>
    </p>
   </div>
   <div class='ocr_carea' id='block_1_2' title="bbox 31 533 1183 3994">
    <p class='ocr_par' dir='ltr' id='par_1_2' title="bbox 33 533 1105 996">
     <span class='ocr_line' id='line_1_2' title="bbox 33 533 1103 628; baseline 0.013 -31"><span class='ocrx_word' id='word_1_2' title='bbox 33 533 87 598; x_wconf 90' lang='lat' dir='ltr'>nisi</span> <span class='ocrx_word' id='word_1_3' title='bbox 107 534 141 598; x_wconf 92' lang='lat' dir='ltr'>in</span> <span class='ocrx_word' id='word_1_4' title='bbox 161 533 363 618; x_wconf 73' lang='lat' dir='ltr'>perfectione</span> <span class='ocrx_word' id='word_1_5' title='bbox 385 555 459 613; x_wconf 91' lang='lat' dir='ltr'>sua,</span> <span class='ocrx_word' id='word_1_6' title='bbox 489 535 618 600; x_wconf 89' lang='lat' dir='ltr'>etiamsi</span> <span class='ocrx_word' id='word_1_7' title='bbox 648 557 719 600; x_wconf 91' lang='lat' dir='ltr'>eam</span> <span class='ocrx_word' id='word_1_8' title='bbox 746 559 912 622; x_wconf 92' lang='lat' dir='ltr'>nunquam</span> <span class='ocrx_word' id='word_1_9' title='bbox 940 544 1103 628; x_wconf 89' lang='lat' dir='ltr'>attingere</span> 
     </span>
     <span class='ocr_line' id='line_1_3' title="bbox 34 632 1102 718; baseline 0.012 -22"><span class='ocrx_word' id='word_1_10' title='bbox 34 632 144 698; x_wconf 89' lang='lat' dir='ltr'>debeat</span> <span class='ocrx_word' id='word_1_11' title='bbox 171 632 237 711; x_wconf 80' lang='lat' dir='ltr'>rel,</span> <span class='ocrx_word' id='word_1_12' title='bbox 267 640 306 698; x_wconf 93' lang='lat' dir='ltr'>ut</span> <span class='ocrx_word' id='word_1_13' title='bbox 332 632 381 698; x_wconf 91' lang='lat' dir='ltr'>ita</span> <span class='ocrx_word' id='word_1_14' title='bbox 409 633 528 712; x_wconf 88' lang='lat' dir='ltr'>dicam,</span> <span class='ocrx_word' id='word_1_15' title='bbox 561 641 696 717; x_wconf 88' lang='lat' dir='ltr'>propter</span> <span class='ocrx_word' id='word_1_16' title='bbox 724 638 897 718; x_wconf 88' lang='lat' dir='ltr'>speciem</span> <span class='ocrx_word' id='word_1_17' title='bbox 926 647 1102 708; x_wconf 83' lang='lat' dir='ltr'>externam.</span> 
     </span>
     <span class='ocr_line' id='line_1_4' title="bbox 34 730 1105 826; baseline 0.011 -31"><span class='ocrx_word' id='word_1_18' title='bbox 34 730 109 796; x_wconf 91' lang='lat' dir='ltr'>Usus</span> <span class='ocrx_word' id='word_1_19' title='bbox 132 731 217 795; x_wconf 92' lang='lat' dir='ltr'>enim</span> <span class='ocrx_word' id='word_1_20' title='bbox 240 738 275 796; x_wconf 93' lang='lat' dir='ltr'>et</span> <span class='ocrx_word' id='word_1_21' title='bbox 290 732 490 826; x_wconf 87' lang='lat' dir='ltr'>consuetudo</span> <span class='ocrx_word' id='word_1_22' title='bbox 513 733 689 815; x_wconf 90' lang='lat' dir='ltr'>postulant,</span> <span class='ocrx_word' id='word_1_23' title='bbox 707 741 747 799; x_wconf 93' lang='lat' dir='ltr'>ut</span> <span class='ocrx_word' id='word_1_24' title='bbox 764 737 873 817; x_wconf 84' lang='lat' dir='ltr'>sponsi</span> <span class='ocrx_word' id='word_1_25' title='bbox 893 737 1025 822; x_wconf 89' lang='lat' dir='ltr'>longum</span> <span class='ocrx_word' id='word_1_26' title='bbox 1045 764 1105 824; x_wconf 88' lang='lat' dir='ltr'>per</span> 
     </span>
     <span class='ocr_line' id='line_1_5' title="bbox 34 831 1104 918; baseline 0.008 -22"><span class='ocrx_word' id='word_1_27' title='bbox 34 838 153 914; x_wconf 87' lang='lat' dir='ltr'>tempus</span> <span class='ocrx_word' id='word_1_28' title='bbox 184 831 271 896; x_wconf 89' lang='lat' dir='ltr'>uniti</span> <span class='ocrx_word' id='word_1_29' title='bbox 296 832 345 895; x_wconf 83' lang='lat' dir='ltr'>vir</span> <span class='ocrx_word' id='word_1_30' title='bbox 373 837 407 898; x_wconf 88' lang='lat' dir='ltr'>ct</span> <span class='ocrx_word' id='word_1_31' title='bbox 434 853 517 897; x_wconf 89' lang='lat' dir='ltr'>uxor</span> <span class='ocrx_word' id='word_1_32' title='bbox 544 832 742 914; x_wconf 80' lang='lat' dir='ltr'>habeantur,</span> <span class='ocrx_word' id='word_1_33' title='bbox 777 836 922 918; x_wconf 89' lang='lat' dir='ltr'>quamvis</span> <span class='ocrx_word' id='word_1_34' title='bbox 949 837 1104 905; x_wconf 86' lang='lat' dir='ltr'>libertate</span> 
     </span>
     <span class='ocr_line' id='line_1_6' title="bbox 34 930 659 996; baseline 0.003 -3"><span class='ocrx_word' id='word_1_35' title='bbox 34 931 224 996; x_wconf 86' lang='lat' dir='ltr'>matrimonii</span> <span class='ocrx_word' id='word_1_36' title='bbox 244 931 432 995; x_wconf 89' lang='lat' dir='ltr'>nullatenus</span> <span class='ocrx_word' id='word_1_37' title='bbox 452 931 504 996; x_wconf 90' lang='lat' dir='ltr'>usi</span> <span class='ocrx_word' id='word_1_38' title='bbox 527 930 659 996; x_wconf 82' lang='lat' dir='ltr'>luerint.</span> 
     </span>
    </p>

    <p class='ocr_par' dir='ltr' id='par_1_3' title="bbox 31 1023 1108 1989">
     <span class='ocr_line' id='line_1_7' title="bbox 88 1023 1103 1124; baseline 0.004 -28"><span class='ocrx_word' id='word_1_39' title='bbox 88 1031 118 1096; x_wconf 87' lang='lat' dir='ltr'>S.</span> <span class='ocrx_word' id='word_1_40' title='bbox 131 1031 238 1095; x_wconf 89' lang='lat' dir='ltr'>Lucas</span> <span class='ocrx_word' id='word_1_41' title='bbox 253 1030 284 1094; x_wconf 91' lang='lat' dir='ltr'>b.</span> <span class='ocrx_word' id='word_1_42' title='bbox 296 1030 430 1113; x_wconf 87' lang='lat' dir='ltr'>Virgini,</span> <span class='ocrx_word' id='word_1_43' title='bbox 446 1031 538 1114; x_wconf 89' lang='lat' dir='ltr'>cujus</span> <span class='ocrx_word' id='word_1_44' title='bbox 554 1037 683 1113; x_wconf 89' lang='lat' dir='ltr'>tempus</span> <span class='ocrx_word' id='word_1_45' title='bbox 700 1053 800 1114; x_wconf 90' lang='lat' dir='ltr'>quum</span> <span class='ocrx_word' id='word_1_46' title='bbox 816 1023 1103 1124; x_wconf 80' lang='lat' dir='ltr'>appropinquaret,</span> 
     </span>
     <span class='ocr_line' id='line_1_8' title="bbox 34 1129 1103 1212; baseline 0.007 -19"><span class='ocrx_word' id='word_1_47' title='bbox 34 1130 156 1194; x_wconf 91' lang='lat' dir='ltr'>nomina</span> <span class='ocrx_word' id='word_1_48' title='bbox 187 1131 364 1212; x_wconf 84' lang='lat' dir='ltr'>,sponsae“</span> <span class='ocrx_word' id='word_1_49' title='bbox 399 1137 433 1195; x_wconf 90' lang='lat' dir='ltr'>et</span> <span class='ocrx_word' id='word_1_50' title='bbox 460 1129 611 1212; x_wconf 78' lang='lat' dir='ltr'>,uxoris“</span> <span class='ocrx_word' id='word_1_51' title='bbox 644 1131 825 1196; x_wconf 86' lang='lat' dir='ltr'>attribuere</span> <span class='ocrx_word' id='word_1_52' title='bbox 857 1154 922 1197; x_wconf 93' lang='lat' dir='ltr'>non</span> <span class='ocrx_word' id='word_1_53' title='bbox 952 1134 1103 1201; x_wconf 88' lang='lat' dir='ltr'>haesitat</span> 
     </span>
     <span class='ocr_line' id='line_1_9' title="bbox 35 1227 1105 1318; baseline 0.009 -28"><span class='ocrx_word' id='word_1_54' title='bbox 35 1229 180 1312; x_wconf 79' lang='lat' dir='ltr'>Appellat</span> <span class='ocrx_word' id='word_1_55' title='bbox 215 1249 288 1293; x_wconf 90' lang='lat' dir='ltr'>eam</span> <span class='ocrx_word' id='word_1_56' title='bbox 320 1227 455 1311; x_wconf 76' lang='lat' dir='ltr'>losephi</span> <span class='ocrx_word' id='word_1_57' title='bbox 493 1229 684 1310; x_wconf 84' lang='lat' dir='ltr'>,uxorem,“</span> <span class='ocrx_word' id='word_1_58' title='bbox 721 1230 798 1312; x_wconf 90' lang='lat' dir='ltr'>quia</span> <span class='ocrx_word' id='word_1_59' title='bbox 835 1237 914 1296; x_wconf 89' lang='lat' dir='ltr'>tunc</span> <span class='ocrx_word' id='word_1_60' title='bbox 948 1236 1105 1318; x_wconf 88' lang='lat' dir='ltr'>temporis</span> 
     </span>
     <span class='ocr_line' id='line_1_10' title="bbox 31 1327 1106 1416; baseline 0.007 -24"><span class='ocrx_word' id='word_1_61' title='bbox 31 1327 150 1416; x_wconf 13' lang='lat' dir='ltr'>&#39;Mariae</span> <span class='ocrx_word' id='word_1_62' title='bbox 179 1334 214 1393; x_wconf 89' lang='lat' dir='ltr'>et</span> <span class='ocrx_word' id='word_1_63' title='bbox 234 1327 333 1410; x_wconf 91' lang='lat' dir='ltr'>proli,</span> <span class='ocrx_word' id='word_1_64' title='bbox 364 1347 462 1411; x_wconf 88' lang='lat' dir='ltr'>quarn</span> <span class='ocrx_word' id='word_1_65' title='bbox 482 1328 631 1411; x_wconf 86' lang='lat' dir='ltr'>paritura</span> <span class='ocrx_word' id='word_1_66' title='bbox 653 1336 739 1408; x_wconf 86' lang='lat' dir='ltr'>erat,</span> <span class='ocrx_word' id='word_1_67' title='bbox 769 1331 983 1398; x_wconf 89' lang='lat' dir='ltr'>inscribendis</span> <span class='ocrx_word' id='word_1_68' title='bbox 1005 1355 1029 1399; x_wconf 73' lang='lat' dir='ltr'>s,</span> <span class='ocrx_word' id='word_1_69' title='bbox 1050 1336 1106 1400; x_wconf 85' lang='lat' dir='ltr'>Jo-</span> 
     </span>
     <span class='ocr_line' id='line_1_11' title="bbox 35 1427 1106 1512; baseline 0.005 -20"><span class='ocrx_word' id='word_1_70' title='bbox 35 1428 126 1510; x_wconf 89' lang='lat' dir='ltr'>sepho</span> <span class='ocrx_word' id='word_1_71' title='bbox 147 1427 366 1492; x_wconf 89' lang='lat' dir='ltr'>incumbebat.</span> <span class='ocrx_word' id='word_1_72' title='bbox 410 1427 504 1505; x_wconf 82' lang='lat' dir='ltr'>Quod</span> <span class='ocrx_word' id='word_1_73' title='bbox 526 1433 638 1492; x_wconf 89' lang='lat' dir='ltr'>tamen</span> <span class='ocrx_word' id='word_1_74' title='bbox 663 1427 735 1492; x_wconf 91' lang='lat' dir='ltr'>fieri</span> <span class='ocrx_word' id='word_1_75' title='bbox 755 1430 925 1512; x_wconf 89' lang='lat' dir='ltr'>nequibat,</span> <span class='ocrx_word' id='word_1_76' title='bbox 954 1431 1017 1496; x_wconf 91' lang='lat' dir='ltr'>nisi</span> <span class='ocrx_word' id='word_1_77' title='bbox 1037 1433 1106 1497; x_wconf 92' lang='lat' dir='ltr'>Ma-</span> 
     </span>
     <span class='ocr_line' id='line_1_12' title="bbox 35 1525 1108 1600; baseline 0.007 -10"><span class='ocrx_word' id='word_1_78' title='bbox 35 1526 110 1592; x_wconf 87' lang='lat' dir='ltr'>n&#39;am</span> <span class='ocrx_word' id='word_1_79' title='bbox 129 1534 169 1592; x_wconf 92' lang='lat' dir='ltr'>ut</span> <span class='ocrx_word' id='word_1_80' title='bbox 189 1547 282 1592; x_wconf 90' lang='lat' dir='ltr'>suam</span> <span class='ocrx_word' id='word_1_81' title='bbox 302 1547 436 1592; x_wconf 87' lang='lat' dir='ltr'>uxorem</span> <span class='ocrx_word' id='word_1_82' title='bbox 458 1533 492 1592; x_wconf 92' lang='lat' dir='ltr'>et</span> <span class='ocrx_word' id='word_1_83' title='bbox 513 1525 672 1600; x_wconf 89' lang='lat' dir='ltr'>infantem</span> <span class='ocrx_word' id='word_1_84' title='bbox 698 1534 736 1591; x_wconf 90' lang='lat' dir='ltr'>ut</span> <span class='ocrx_word' id='word_1_85' title='bbox 757 1549 852 1592; x_wconf 91' lang='lat' dir='ltr'>suum</span> <span class='ocrx_word' id='word_1_86' title='bbox 872 1529 1108 1598; x_wconf 83' lang='lat' dir='ltr'>introduxisset</span> 
     </span>
     <span class='ocr_line' id='line_1_13' title="bbox 34 1623 1107 1713; baseline 0.007 -25"><span class='ocrx_word' id='word_1_87' title='bbox 34 1623 137 1690; x_wconf 87' lang='lat' dir='ltr'>filium.</span> <span class='ocrx_word' id='word_1_88' title='bbox 180 1625 304 1690; x_wconf 84' lang='lat' dir='ltr'>Eodem</span> <span class='ocrx_word' id='word_1_89' title='bbox 330 1646 405 1690; x_wconf 85' lang='lat' dir='ltr'>vero</span> <span class='ocrx_word' id='word_1_90' title='bbox 427 1631 574 1708; x_wconf 89' lang='lat' dir='ltr'>tempore</span> <span class='ocrx_word' id='word_1_91' title='bbox 603 1647 628 1689; x_wconf 92' lang='lat' dir='ltr'>s.</span> <span class='ocrx_word' id='word_1_92' title='bbox 650 1625 861 1708; x_wconf 84' lang='lat' dir='ltr'>Evangelista</span> <span class='ocrx_word' id='word_1_93' title='bbox 887 1628 918 1692; x_wconf 90' lang='lat' dir='ltr'>b.</span> <span class='ocrx_word' id='word_1_94' title='bbox 940 1629 1107 1713; x_wconf 84' lang='lat' dir='ltr'>Virginem</span> 
     </span>
     <span class='ocr_line' id='line_1_14' title="bbox 35 1715 1106 1808; baseline 0.005 -19"><span class='ocrx_word' id='word_1_95' title='bbox 35 1726 173 1790; x_wconf 90' lang='lat' dir='ltr'>nominat</span> <span class='ocrx_word' id='word_1_96' title='bbox 192 1724 326 1808; x_wconf 87' lang='lat' dir='ltr'>Josephi</span> <span class='ocrx_word' id='word_1_97' title='bbox 354 1715 520 1806; x_wconf 85' lang='lat' dir='ltr'>sponsam,</span> <span class='ocrx_word' id='word_1_98' title='bbox 549 1723 637 1789; x_wconf 90' lang='lat' dir='ltr'>inter</span> <span class='ocrx_word' id='word_1_99' title='bbox 665 1744 747 1806; x_wconf 86' lang='lat' dir='ltr'>quos</span> <span class='ocrx_word' id='word_1_100' title='bbox 774 1746 839 1790; x_wconf 94' lang='lat' dir='ltr'>non</span> <span class='ocrx_word' id='word_1_101' title='bbox 868 1727 1017 1793; x_wconf 86' lang='lat' dir='ltr'>extiterit</span> <span class='ocrx_word' id='word_1_102' title='bbox 1042 1730 1106 1794; x_wconf 90' lang='lat' dir='ltr'>nisi</span> 
     </span>
     <span class='ocr_line' id='line_1_15' title="bbox 36 1824 1106 1907; baseline 0.005 -19"><span class='ocrx_word' id='word_1_103' title='bbox 36 1826 269 1890; x_wconf 89' lang='lat' dir='ltr'>matrimonium</span> <span class='ocrx_word' id='word_1_104' title='bbox 306 1824 461 1907; x_wconf 86' lang='lat' dir='ltr'>simplex,</span> <span class='ocrx_word' id='word_1_105' title='bbox 498 1824 741 1889; x_wconf 89' lang='lat' dir='ltr'>matrimonium</span> <span class='ocrx_word' id='word_1_106' title='bbox 779 1832 888 1890; x_wconf 89' lang='lat' dir='ltr'>ratum</span> <span class='ocrx_word' id='word_1_107' title='bbox 926 1848 990 1891; x_wconf 94' lang='lat' dir='ltr'>non</span> <span class='ocrx_word' id='word_1_108' title='bbox 1031 1850 1106 1893; x_wconf 94' lang='lat' dir='ltr'>oon-</span> 
     </span>
     <span class='ocr_line' id='line_1_16' title="bbox 38 1931 234 1989; baseline -0.01 -1"><span class='ocrx_word' id='word_1_109' title='bbox 38 1931 234 1989; x_wconf 89' lang='lat' dir='ltr'>summatum.</span> 
     </span>
    </p>

    <p class='ocr_par' dir='ltr' id='par_1_4' title="bbox 37 2022 1183 3900">
     <span class='ocr_line' id='line_1_17' title="bbox 93 2022 1107 2107; baseline 0.002 -17"><span class='ocrx_word' id='word_1_110' title='bbox 93 2024 335 2090; x_wconf 90' lang='lat' dir='ltr'>Matrimonium</span> <span class='ocrx_word' id='word_1_111' title='bbox 363 2023 390 2088; x_wconf 91' lang='lat' dir='ltr'>si</span> <span class='ocrx_word' id='word_1_112' title='bbox 418 2045 438 2087; x_wconf 92' lang='lat' dir='ltr'>a</span> <span class='ocrx_word' id='word_1_113' title='bbox 467 2022 679 2088; x_wconf 83' lang='lat' dir='ltr'>sanctissimis</span> <span class='ocrx_word' id='word_1_114' title='bbox 700 2022 765 2087; x_wconf 89' lang='lat' dir='ltr'>illis</span> <span class='ocrx_word' id='word_1_115' title='bbox 792 2025 940 2107; x_wconf 90' lang='lat' dir='ltr'>personis</span> <span class='ocrx_word' id='word_1_116' title='bbox 963 2027 1107 2092; x_wconf 92' lang='lat' dir='ltr'>nondum</span> 
     </span>
     <span class='ocr_line' id='line_1_18' title="bbox 37 2121 1105 2206; baseline 0.007 -22"><span class='ocrx_word' id='word_1_117' title='bbox 37 2121 143 2189; x_wconf 88' lang='lat' dir='ltr'>fuisset</span> <span class='ocrx_word' id='word_1_118' title='bbox 170 2129 390 2202; x_wconf 87' lang='lat' dir='ltr'>contractum,</span> <span class='ocrx_word' id='word_1_119' title='bbox 419 2122 562 2206; x_wconf 84' lang='lat' dir='ltr'>Angelus</span> <span class='ocrx_word' id='word_1_120' title='bbox 590 2143 655 2186; x_wconf 94' lang='lat' dir='ltr'>non</span> <span class='ocrx_word' id='word_1_121' title='bbox 676 2123 864 2204; x_wconf 84' lang='lat' dir='ltr'>praecipere</span> <span class='ocrx_word' id='word_1_122' title='bbox 892 2125 1054 2206; x_wconf 89' lang='lat' dir='ltr'>potuisset</span> <span class='ocrx_word' id='word_1_123' title='bbox 1082 2149 1105 2190; x_wconf 90' lang='lat' dir='ltr'>s.</span> 
     </span>
     <span class='ocr_line' id='line_1_19' title="bbox 38 2222 1183 2308; baseline 0.003 -22"><span class='ocrx_word' id='word_1_124' title='bbox 38 2222 185 2306; x_wconf 84' lang='lat' dir='ltr'>loseph0‚</span> <span class='ocrx_word' id='word_1_125' title='bbox 214 2222 352 2287; x_wconf 90' lang='lat' dir='ltr'>Mariam</span> <span class='ocrx_word' id='word_1_126' title='bbox 380 2223 527 2305; x_wconf 90' lang='lat' dir='ltr'>accipere</span> <span class='ocrx_word' id='word_1_127' title='bbox 557 2222 762 2305; x_wconf 89' lang='lat' dir='ltr'>conjugem</span> <span class='ocrx_word' id='word_1_128' title='bbox 792 2243 914 2301; x_wconf 92' lang='lat' dir='ltr'>suam,</span> <span class='ocrx_word' id='word_1_129' title='bbox 947 2223 978 2287; x_wconf 94' lang='lat' dir='ltr'>b.</span> <span class='ocrx_word' id='word_1_130' title='bbox 1008 2224 1109 2308; x_wconf 89' lang='lat' dir='ltr'>Virgo</span> <span class='ocrx_word' id='word_1_131' title='bbox 1182 2253 1183 2256; x_wconf 41' lang='lat'>¹</span> 
     </span>
     <span class='ocr_line' id='line_1_20' title="bbox 40 2315 1108 2407; baseline 0.005 -23"><span class='ocrx_word' id='word_1_132' title='bbox 40 2342 59 2384; x_wconf 89' lang='lat' dir='ltr'>s.</span> <span class='ocrx_word' id='word_1_133' title='bbox 89 2315 271 2407; x_wconf 56' lang='lat' dir='ltr'>losephum&#39;</span> <span class='ocrx_word' id='word_1_134' title='bbox 296 2343 362 2386; x_wconf 92' lang='lat' dir='ltr'>non</span> <span class='ocrx_word' id='word_1_135' title='bbox 398 2322 522 2386; x_wconf 84' lang='lat' dir='ltr'>virum</span> <span class='ocrx_word' id='word_1_136' title='bbox 559 2341 668 2386; x_wconf 87' lang='lat' dir='ltr'>suum</span> <span class='ocrx_word' id='word_1_137' title='bbox 703 2343 762 2386; x_wconf 92' lang='lat' dir='ltr'>nec</span> <span class='ocrx_word' id='word_1_138' title='bbox 793 2322 1002 2406; x_wconf 88' lang='lat' dir='ltr'>Evangelista</span> <span class='ocrx_word' id='word_1_139' title='bbox 1033 2345 1108 2389; x_wconf 89' lang='lat' dir='ltr'>eum</span> 
     </span>
     <span class='ocr_line' id='line_1_21' title="bbox 39 2419 1107 2504; baseline 0.004 -20"><span class='ocrx_word' id='word_1_140' title='bbox 39 2419 179 2486; x_wconf 86' lang='lat' dir='ltr'>Mariae</span> <span class='ocrx_word' id='word_1_141' title='bbox 216 2422 344 2485; x_wconf 89' lang='lat' dir='ltr'>virum</span> <span class='ocrx_word' id='word_1_142' title='bbox 379 2422 609 2485; x_wconf 88' lang='lat' dir='ltr'>nominassent.</span> <span class='ocrx_word' id='word_1_143' title='bbox 663 2420 777 2485; x_wconf 84' lang='lat' dir='ltr'>Altera</span> <span class='ocrx_word' id='word_1_144' title='bbox 812 2441 887 2485; x_wconf 87' lang='lat' dir='ltr'>vero</span> <span class='ocrx_word' id='word_1_145' title='bbox 920 2428 1014 2504; x_wconf 90' lang='lat' dir='ltr'>parte</span> <span class='ocrx_word' id='word_1_146' title='bbox 1046 2424 1107 2488; x_wconf 90' lang='lat' dir='ltr'>hoc</span> 
     </span>
     <span class='ocr_line' id='line_1_22' title="bbox 41 2519 1108 2604; baseline 0.005 -22"><span class='ocrx_word' id='word_1_147' title='bbox 41 2520 272 2585; x_wconf 86' lang='lat' dir='ltr'>matrimonium</span> <span class='ocrx_word' id='word_1_148' title='bbox 300 2519 431 2603; x_wconf 87' lang='lat' dir='ltr'>penitus</span> <span class='ocrx_word' id='word_1_149' title='bbox 459 2519 640 2584; x_wconf 89' lang='lat' dir='ltr'>sufficiebat</span> <span class='ocrx_word' id='word_1_150' title='bbox 668 2519 710 2584; x_wconf 92' lang='lat' dir='ltr'>ad</span> <span class='ocrx_word' id='word_1_151' title='bbox 738 2519 949 2584; x_wconf 88' lang='lat' dir='ltr'>tribuendum</span> <span class='ocrx_word' id='word_1_152' title='bbox 981 2523 1108 2604; x_wconf 90' lang='lat' dir='ltr'>sponsis</span> 
     </span>
     <span class='ocr_line' id='line_1_23' title="bbox 41 2617 1108 2702; baseline 0.003 -21"><span class='ocrx_word' id='word_1_153' title='bbox 41 2620 169 2688; x_wconf 86' lang='lat' dir='ltr'>nomina¹</span> <span class='ocrx_word' id='word_1_154' title='bbox 191 2618 272 2702; x_wconf 85' lang='lat' dir='ltr'>,viri</span> <span class='ocrx_word' id='word_1_155' title='bbox 306 2625 339 2683; x_wconf 92' lang='lat' dir='ltr'>et</span> <span class='ocrx_word' id='word_1_156' title='bbox 370 2617 517 2702; x_wconf 79' lang='lat' dir='ltr'>uxoris,“</span> <span class='ocrx_word' id='word_1_157' title='bbox 556 2639 656 2701; x_wconf 90' lang='lat' dir='ltr'>quum</span> <span class='ocrx_word' id='word_1_158' title='bbox 689 2617 797 2682; x_wconf 89' lang='lat' dir='ltr'>ideam</span> <span class='ocrx_word' id='word_1_159' title='bbox 828 2618 1012 2684; x_wconf 91' lang='lat' dir='ltr'>nominibus</span> <span class='ocrx_word' id='word_1_160' title='bbox 1042 2620 1108 2684; x_wconf 91' lang='lat' dir='ltr'>illis</span> 
     </span>
     <span class='ocr_line' id='line_1_24' title="bbox 43 2709 1149 2800; baseline 0.004 -20"><span class='ocrx_word' id='word_1_161' title='bbox 43 2737 214 2799; x_wconf 87' lang='lat' dir='ltr'>expressam</span> <span class='ocrx_word' id='word_1_162' title='bbox 236 2717 362 2800; x_wconf 89' lang='lat' dir='ltr'>sponsis</span> <span class='ocrx_word' id='word_1_163' title='bbox 383 2717 443 2782; x_wconf 90' lang='lat' dir='ltr'>sub</span> <span class='ocrx_word' id='word_1_164' title='bbox 466 2709 606 2800; x_wconf 89' lang='lat' dir='ltr'>quodam</span> <span class='ocrx_word' id='word_1_165' title='bbox 628 2716 744 2782; x_wconf 90' lang='lat' dir='ltr'>saltem</span> <span class='ocrx_word' id='word_1_166' title='bbox 764 2723 915 2800; x_wconf 88' lang='lat' dir='ltr'>respectu</span> <span class='ocrx_word' id='word_1_167' title='bbox 937 2719 1108 2784; x_wconf 88' lang='lat' dir='ltr'>convenire</span> <span class='ocrx_word' id='word_1_168' title='bbox 1146 2753 1149 2761; x_wconf 94' lang='lat'>·</span> 
     </span>
     <span class='ocr_line' id='line_1_25' title="bbox 42 2815 1109 2900; baseline 0.003 -21"><span class='ocrx_word' id='word_1_169' title='bbox 42 2816 202 2882; x_wconf 79' lang='lat' dir='ltr'>rideamus.</span> <span class='ocrx_word' id='word_1_170' title='bbox 252 2817 304 2881; x_wconf 91' lang='lat' dir='ltr'>lta</span> <span class='ocrx_word' id='word_1_171' title='bbox 338 2815 369 2880; x_wconf 90' lang='lat' dir='ltr'>b.</span> <span class='ocrx_word' id='word_1_172' title='bbox 404 2817 503 2900; x_wconf 87' lang='lat' dir='ltr'>Virgo</span> <span class='ocrx_word' id='word_1_173' title='bbox 537 2838 560 2880; x_wconf 91' lang='lat' dir='ltr'>s.</span> <span class='ocrx_word' id='word_1_174' title='bbox 593 2815 771 2898; x_wconf 84' lang='lat' dir='ltr'>Josephum</span> <span class='ocrx_word' id='word_1_175' title='bbox 802 2816 967 2898; x_wconf 90' lang='lat' dir='ltr'>appellare</span> <span class='ocrx_word' id='word_1_176' title='bbox 999 2818 1109 2900; x_wconf 91' lang='lat' dir='ltr'>potuit</span> 
     </span>
     <span class='ocr_line' id='line_1_26' title="bbox 44 2914 1108 2998; baseline 0.002 -20"><span class='ocrx_word' id='word_1_177' title='bbox 44 2921 177 2996; x_wconf 91' lang='lat' dir='ltr'>,patrem</span> <span class='ocrx_word' id='word_1_178' title='bbox 193 2916 292 2980; x_wconf 80' lang='lat' dir='ltr'>Jesu“</span> <span class='ocrx_word' id='word_1_179' title='bbox 309 2951 349 2960; x_wconf 94' lang='lat'>-</span> <span class='ocrx_word' id='word_1_180' title='bbox 367 2935 457 2998; x_wconf 82' lang='lat' dir='ltr'>„ego</span> <span class='ocrx_word' id='word_1_181' title='bbox 480 2921 519 2979; x_wconf 90' lang='lat' dir='ltr'>et</span> <span class='ocrx_word' id='word_1_182' title='bbox 539 2921 654 2998; x_wconf 89' lang='lat' dir='ltr'>pater</span> <span class='ocrx_word' id='word_1_183' title='bbox 675 2920 767 2979; x_wconf 89' lang='lat' dir='ltr'>tuus</span> <span class='ocrx_word' id='word_1_184' title='bbox 789 2914 972 2979; x_wconf 88' lang='lat' dir='ltr'>dolentes</span> <span class='ocrx_word' id='word_1_185' title='bbox 995 2937 1108 2998; x_wconf 92' lang='lat' dir='ltr'>quae-</span> 
     </span>
     <span class='ocr_line' id='line_1_27' title="bbox 44 3012 1109 3096; baseline 0.004 -22"><span class='ocrx_word' id='word_1_186' title='bbox 44 3013 212 3080; x_wconf 87' lang='lat' dir='ltr'>rebamus</span> <span class='ocrx_word' id='word_1_187' title='bbox 243 3013 313 3079; x_wconf 77' lang='lat' dir='ltr'>te.“</span> <span class='ocrx_word' id='word_1_188' title='bbox 354 3013 425 3078; x_wconf 86' lang='lat' dir='ltr'>Hoc</span> <span class='ocrx_word' id='word_1_189' title='bbox 453 3034 571 3078; x_wconf 92' lang='lat' dir='ltr'>nomen</span> <span class='ocrx_word' id='word_1_190' title='bbox 599 3012 696 3078; x_wconf 87' lang='lat' dir='ltr'>titulo</span> <span class='ocrx_word' id='word_1_191' title='bbox 722 3013 805 3096; x_wconf 89' lang='lat' dir='ltr'>juris</span> <span class='ocrx_word' id='word_1_192' title='bbox 832 3013 882 3077; x_wconf 89' lang='lat' dir='ltr'>illi</span> <span class='ocrx_word' id='word_1_193' title='bbox 910 3013 1109 3095; x_wconf 83' lang='lat' dir='ltr'>debebatur3</span> 
     </span>
     <span class='ocr_line' id='line_1_28' title="bbox 45 3111 1110 3196; baseline 0.006 -23"><span class='ocrx_word' id='word_1_194' title='bbox 45 3112 88 3174; x_wconf 82' lang='lat' dir='ltr'>vir</span> <span class='ocrx_word' id='word_1_195' title='bbox 106 3115 186 3179; x_wconf 89' lang='lat' dir='ltr'>enim</span> <span class='ocrx_word' id='word_1_196' title='bbox 217 3112 331 3178; x_wconf 88' lang='lat' dir='ltr'>matris</span> <span class='ocrx_word' id='word_1_197' title='bbox 362 3111 459 3196; x_wconf 87' lang='lat' dir='ltr'>hujus</span> <span class='ocrx_word' id='word_1_198' title='bbox 490 3111 626 3178; x_wconf 91' lang='lat' dir='ltr'>infantis</span> <span class='ocrx_word' id='word_1_199' title='bbox 656 3111 737 3191; x_wconf 90' lang='lat' dir='ltr'>fuit,</span> <span class='ocrx_word' id='word_1_200' title='bbox 761 3119 844 3176; x_wconf 75' lang='lat' dir='ltr'>‘eum</span> <span class='ocrx_word' id='word_1_201' title='bbox 876 3112 1045 3195; x_wconf 84' lang='lat' dir='ltr'>adoptavit</span> <span class='ocrx_word' id='word_1_202' title='bbox 1076 3121 1110 3180; x_wconf 89' lang='lat' dir='ltr'>et</span> 
     </span>
     <span class='ocr_line' id='line_1_29' title="bbox 45 3210 1109 3295; baseline 0.004 -21"><span class='ocrx_word' id='word_1_203' title='bbox 45 3214 176 3280; x_wconf 82' lang='lat' dir='ltr'>nutrivit.</span> <span class='ocrx_word' id='word_1_204' title='bbox 231 3215 332 3278; x_wconf 86' lang='lat' dir='ltr'>Deest</span> <span class='ocrx_word' id='word_1_205' title='bbox 364 3212 496 3295; x_wconf 91' lang='lat' dir='ltr'>quidem</span> <span class='ocrx_word' id='word_1_206' title='bbox 523 3210 648 3294; x_wconf 90' lang='lat' dir='ltr'>aliquid</span> <span class='ocrx_word' id='word_1_207' title='bbox 682 3211 776 3287; x_wconf 86' lang='lat' dir='ltr'>ideae</span> <span class='ocrx_word' id='word_1_208' title='bbox 809 3211 913 3294; x_wconf 87' lang='lat' dir='ltr'>patris</span> <span class='ocrx_word' id='word_1_209' title='bbox 933 3211 1109 3294; x_wconf 86' lang='lat' dir='ltr'>perfectae,</span> 
     </span>
     <span class='ocr_line' id='line_1_30' title="bbox 46 3309 1111 3396; baseline 0.003 -24"><span class='ocrx_word' id='word_1_210' title='bbox 46 3311 100 3374; x_wconf 88' lang='lat' dir='ltr'>sed</span> <span class='ocrx_word' id='word_1_211' title='bbox 113 3313 183 3379; x_wconf 88' lang='lat' dir='ltr'>ideo</span> <span class='ocrx_word' id='word_1_212' title='bbox 204 3335 271 3378; x_wconf 93' lang='lat' dir='ltr'>non</span> <span class='ocrx_word' id='word_1_213' title='bbox 298 3311 447 3396; x_wconf 80' lang='lat' dir='ltr'>oportuit</span> <span class='ocrx_word' id='word_1_214' title='bbox 467 3310 517 3374; x_wconf 91' lang='lat' dir='ltr'>illi</span> <span class='ocrx_word' id='word_1_215' title='bbox 543 3309 666 3374; x_wconf 84' lang='lat' dir='ltr'>auferri</span> <span class='ocrx_word' id='word_1_216' title='bbox 693 3330 812 3375; x_wconf 89' lang='lat' dir='ltr'>nomen</span> <span class='ocrx_word' id='word_1_217' title='bbox 831 3310 937 3393; x_wconf 92' lang='lat' dir='ltr'>patris</span> <span class='ocrx_word' id='word_1_218' title='bbox 957 3311 1111 3376; x_wconf 91' lang='lat' dir='ltr'>honorifi-</span> 
     </span>
     <span class='ocr_line' id='line_1_31' title="bbox 47 3409 1111 3494; baseline 0.004 -22"><span class='ocrx_word' id='word_1_219' title='bbox 47 3413 261 3480; x_wconf 88' lang='lat' dir='ltr'>centissimum.</span> <span class='ocrx_word' id='word_1_220' title='bbox 303 3413 340 3477; x_wconf 91' lang='lat' dir='ltr'>B.</span> <span class='ocrx_word' id='word_1_221' title='bbox 362 3411 460 3494; x_wconf 89' lang='lat' dir='ltr'>Virgo</span> <span class='ocrx_word' id='word_1_222' title='bbox 482 3410 524 3475; x_wconf 92' lang='lat' dir='ltr'>ab</span> <span class='ocrx_word' id='word_1_223' title='bbox 545 3409 669 3493; x_wconf 89' lang='lat' dir='ltr'>Angelo</span> <span class='ocrx_word' id='word_1_224' title='bbox 690 3431 793 3492; x_wconf 83' lang='lat' dir='ltr'>,uxor</span> <span class='ocrx_word' id='word_1_225' title='bbox 812 3409 981 3492; x_wconf 80' lang='lat' dir='ltr'>Josephi,“</span> <span class='ocrx_word' id='word_1_226' title='bbox 1010 3431 1034 3475; x_wconf 91' lang='lat' dir='ltr'>s.</span> <span class='ocrx_word' id='word_1_227' title='bbox 1055 3411 1111 3476; x_wconf 81' lang='lat' dir='ltr'>Jo-</span> 
     </span>
     <span class='ocr_line' id='line_1_32' title="bbox 47 3509 1109 3595; baseline 0.002 -24"><span class='ocrx_word' id='word_1_228' title='bbox 47 3511 115 3592; x_wconf 90' lang='lat' dir='ltr'>seph</span> <span class='ocrx_word' id='word_1_229' title='bbox 143 3514 183 3578; x_wconf 92' lang='lat' dir='ltr'>ab</span> <span class='ocrx_word' id='word_1_230' title='bbox 216 3511 423 3595; x_wconf 87' lang='lat' dir='ltr'>Evangelista</span> <span class='ocrx_word' id='word_1_231' title='bbox 455 3510 525 3593; x_wconf 81' lang='lat' dir='ltr'>,uir</span> <span class='ocrx_word' id='word_1_232' title='bbox 554 3509 698 3573; x_wconf 81' lang='lat' dir='ltr'>Mariae“</span> <span class='ocrx_word' id='word_1_233' title='bbox 729 3509 891 3573; x_wconf 88' lang='lat' dir='ltr'>nominari</span> <span class='ocrx_word' id='word_1_234' title='bbox 920 3515 1109 3592; x_wconf 90' lang='lat' dir='ltr'>potuerunt,</span> 
     </span>
     <span class='ocr_line' id='line_1_33' title="bbox 47 3605 1113 3678; baseline 0.004 -10"><span class='ocrx_word' id='word_1_235' title='bbox 47 3605 116 3676; x_wconf 88' lang='lat' dir='ltr'>licet</span> <span class='ocrx_word' id='word_1_236' title='bbox 144 3612 387 3678; x_wconf 87' lang='lat' dir='ltr'>matrimonium</span> <span class='ocrx_word' id='word_1_237' title='bbox 422 3629 487 3674; x_wconf 93' lang='lat' dir='ltr'>non</span> <span class='ocrx_word' id='word_1_238' title='bbox 505 3608 625 3673; x_wconf 79' lang='lat' dir='ltr'>&#39;fuerit</span> <span class='ocrx_word' id='word_1_239' title='bbox 655 3614 922 3673; x_wconf 88' lang='lat' dir='ltr'>consummatum.</span> <span class='ocrx_word' id='word_1_240' title='bbox 974 3606 1113 3672; x_wconf 89' lang='lat' dir='ltr'>Nomina</span> 
     </span>
     <span class='ocr_line' id='line_1_34' title="bbox 48 3705 1111 3790; baseline 0 -18"><span class='ocrx_word' id='word_1_241' title='bbox 48 3705 95 3772; x_wconf 85' lang='lat' dir='ltr'>illa</span> <span class='ocrx_word' id='word_1_242' title='bbox 113 3711 191 3786; x_wconf 90' lang='lat' dir='ltr'>reali</span> <span class='ocrx_word' id='word_1_243' title='bbox 213 3718 247 3776; x_wconf 90' lang='lat' dir='ltr'>et</span> <span class='ocrx_word' id='word_1_244' title='bbox 265 3710 368 3775; x_wconf 90' lang='lat' dir='ltr'>solido</span> <span class='ocrx_word' id='word_1_245' title='bbox 390 3709 580 3773; x_wconf 88' lang='lat' dir='ltr'>nitebantur</span> <span class='ocrx_word' id='word_1_246' title='bbox 600 3707 822 3787; x_wconf 82' lang='lat' dir='ltr'>fundamento,</span> <span class='ocrx_word' id='word_1_247' title='bbox 842 3706 969 3772; x_wconf 84' lang='lat' dir='ltr'>vinculo</span> <span class='ocrx_word' id='word_1_248' title='bbox 995 3727 1111 3790; x_wconf 90' lang='lat' dir='ltr'>nempe</span> 
     </span>
     <span class='ocr_line' id='line_1_35' title="bbox 49 3807 1068 3900; baseline 0.003 -33"><span class='ocrx_word' id='word_1_249' title='bbox 49 3810 232 3876; x_wconf 88' lang='lat' dir='ltr'>matrimonii</span> <span class='ocrx_word' id='word_1_250' title='bbox 251 3811 286 3874; x_wconf 90' lang='lat' dir='ltr'>in</span> <span class='ocrx_word' id='word_1_251' title='bbox 306 3809 390 3874; x_wconf 84' lang='lat' dir='ltr'>facie</span> <span class='ocrx_word' id='word_1_252' title='bbox 413 3829 593 3892; x_wconf 88' lang='lat' dir='ltr'>synagogae</span> <span class='ocrx_word' id='word_1_253' title='bbox 615 3807 784 3873; x_wconf 86' lang='lat' dir='ltr'>contracti.</span> <span class='ocrx_word' id='word_1_254' title='bbox 839 3817 843 3826; x_wconf 82' lang='lat'>&#39;</span> <span class='ocrx_word' id='word_1_255' title='bbox 1065 3895 1068 3900; x_wconf 29' lang='lat'><em>„</em></span> 
     </span>
    </p>

    <p class='ocr_par' dir='ltr' id='par_1_5' title="bbox 99 3905 1110 3994">
     <span class='ocr_line' id='line_1_36' title="bbox 99 3905 1110 3994; baseline -0.003 -22"><span class='ocrx_word' id='word_1_256' title='bbox 99 3908 183 3975; x_wconf 90' lang='lat' dir='ltr'>Haec</span> <span class='ocrx_word' id='word_1_257' title='bbox 228 3910 268 3974; x_wconf 89' lang='lat' dir='ltr'>de</span> <span class='ocrx_word' id='word_1_258' title='bbox 308 3907 544 3994; x_wconf 87' lang='lat' dir='ltr'>significatione</span> <span class='ocrx_word' id='word_1_259' title='bbox 582 3908 796 3974; x_wconf 90' lang='lat' dir='ltr'>terminorum</span> <span class='ocrx_word' id='word_1_260' title='bbox 839 3905 1110 3988; x_wconf 78' lang='lat' dir='ltr'>,desponsata</span> 
     </span>
    </p>
   </div>
   <div class='ocr_carea' id='block_1_3' title="bbox 51 4002 1195 4157">
    <p class='ocr_par' dir='ltr' id='par_1_6' title="bbox 51 4002 1195 4157">
     <span class='ocr_line' id='line_1_37' title="bbox 51 4002 1195 4093; baseline 0 -24"><span class='ocrx_word' id='word_1_261' title='bbox 51 4025 141 4089; x_wconf 87' lang='lat' dir='ltr'>uxor,</span> <span class='ocrx_word' id='word_1_262' title='bbox 167 4016 298 4093; x_wconf 89' lang='lat' dir='ltr'>nupta,</span> <span class='ocrx_word' id='word_1_263' title='bbox 329 4009 396 4088; x_wconf 81' lang='lat' dir='ltr'>uir,</span> <span class='ocrx_word' id='word_1_264' title='bbox 424 4007 612 4072; x_wconf 79' lang='lat' dir='ltr'>maritus“</span> <span class='ocrx_word' id='word_1_265' title='bbox 635 4005 754 4070; x_wconf 88' lang='lat' dir='ltr'>dixisse</span> <span class='ocrx_word' id='word_1_266' title='bbox 776 4003 921 4070; x_wconf 88' lang='lat' dir='ltr'>sufficiat.</span> <span class='ocrx_word' id='word_1_267' title='bbox 964 4002 1037 4070; x_wconf 88' lang='lat' dir='ltr'>Vox</span> <span class='ocrx_word' id='word_1_268' title='bbox 1058 4003 1112 4069; x_wconf 90' lang='lat' dir='ltr'>dc·</span> <span class='ocrx_word' id='word_1_269' title='bbox 1187 4068 1195 4078; x_wconf 85' lang='grc'>,</span> 
     </span>
     <span class='ocr_line' id='line_1_38' title="bbox 911 4101 960 4157; baseline 0.02 -1"><span class='ocrx_word' id='word_1_270' title='bbox 911 4101 960 4157; x_wconf 80' lang='lat'>20*</span> 
     </span>
    </p>
   </div>
   <div class='ocr_carea' id='block_1_4' title="bbox 0 0 1381 4556">
    <p class='ocr_par' dir='ltr' id='par_1_7' title="bbox 0 0 1381 4556">
     <span class='ocr_line' id='line_1_39' title="bbox 0 0 1381 4556; baseline 0 0"><span class='ocrx_word' id='word_1_271' title='bbox 0 0 1381 4556; x_wconf 95' lang='lat' dir='ltr'> </span> 
     </span>
    </p>
   </div>
  </div>
 </body>
</html>
