2730 4564
556 370 595 430 75

50 525 157 590 Mariae
177 525 392 592 festivitatem
412 529 567 608 restituit,
587 528 653 594 diei
673 530 853 610 collectam,
875 530 933 597 ubi
949 531 1116 616 Virginem

51 626 196 691 triennem
217 627 251 691 in
272 628 395 710 templo
415 627 516 694 fuisse
539 629 683 694 oblatam
703 630 882 714 legebatur,
903 631 1115 710 emendasset,

52 726 74 788 si
90 726 164 791 haec
184 725 325 792 historia
352 726 512 793 vindicem
541 735 574 793 et
594 735 769 811 patronum
793 728 963 794 habuisset
988 751 1012 794 s.
1034 728 1117 796 Evo-

51 824 140 889 dium:
170 825 287 890 deinde
309 825 397 910 quod
419 826 573 892 credibile
599 833 749 907 nonest,
779 828 918 893 Mariam
937 827 1038 893 fuisse
1058 850 1118 912 per

50 924 185 989 undecim
213 947 314 990 annos
342 927 446 990 instar
473 927 641 992 columbae
674 927 715 992 ab
744 928 868 1010 angelis
895 929 1055 993 nutritam
1083 936 1116 994 et

50 1024 206 1089 educatam
234 1025 268 1088 in
295 1025 433 1108 templo,
466 1026 500 1089 in
528 1033 640 1091 sancto
669 1033 872 1105 sanctorum,
903 1049 966 1110 quo
995 1029 1117 1106 nemini

49 1125 221 1189 mortalium
248 1124 358 1207 patuit
389 1113 533 1207 unquam
565 1125 708 1203 aditus,
728 1132 960 1208 praeterquam
991 1148 1116 1192 summo

49 1221 184 1288 Pontifici
212 1231 246 1288 et
274 1223 406 1306 quidem
434 1224 533 1288 semel
561 1225 595 1288 in
623 1245 723 1303 auno,
756 1230 795 1289 ut
822 1246 972 1308 expresse
999 1232 1117 1292 notant

47 1321 245 1414 'Apostolus·¹)
268 1329 302 1387 et
322 1322 567 1405 Josephus.“2).
642 1331 660 1361 ='

101 1424 133 1488 Si
154 1444 240 1506 ergo,
265 1443 348 1505 quae
370 1444 394 1486 s.
415 1422 571 1506 Gregorio
593 1422 796 1492 Nazianzeno
819 1429 853 1488 et
874 1422 997 1489 Evodio
1019 1425 1117 1489 ascri-

49 1520 173 1600 buntur,
194 1521 349 1604 figmenta
370 1521 562 1600 habeamus,
592 1522 746 1604 quidnam
766 1522 932 1605 prohibet,
958 1544 1000 1587 ne
1021 1523 1118 1588 Prae-

50 1621 251 1686 sentationem
281 1620 312 1684 b.
341 1620 483 1703 Virginis
520 1625 636 1685 contra
667 1621 927 1704 Mariomastiges
964 1621 1118 1705 antiquos

51 1727 77 1782 et
98 1718 265 1784 modernos
292 1718 525 1783 defendamus?
556 1719 623 1785 Cur
649 1742 673 1784 s.
696 1720 857 1802 Deiparae
885 1727 1038 1803 parentes
1064 1742 1117 1785 ve-

51 1823 159 1882 tustam
185 1817 276 1882 illam
302 1818 442 1896 Annam,
473 1818 718 1882 celeberrimam
738 1819 879 1884 Elcanae
904 1839 1040 1883 uxorem
1062 1819 1117 1884 Sa-

50 1917 214 1999 muelisque
251 1922 404 1994 matrem,
444 1937 510 1981 non
546 1917 667 1981 imitari
703 1924 855 2000 potuere,
896 1937 979 2000 quae
1017 1939 1118 2000 quum

52 2016 155 2081 sterilis
187 2023 274 2080 esset
304 2014 493 2100 prolemque
526 2037 727 2098 summopere
760 2022 905 2099 optaret,
938 2022 1013 2081 voto
1046 2036 1116 2080 sese

54 2113 207 2194 obstrixit,
231 2115 421 2179 devoturam
442 2135 490 2192 se,
515 2135 611 2196 quern
631 2114 780 2196 paritura
801 2121 900 2194 esset,
922 2114 1026 2180 filium
1047 2114 1116 2180 Deo

52 2212 239 2298 intemplo?
272 2213 373 2296 ,Noa
403 2213 511 2295 inquit
538 2213 743 2277 doctissimus
772 2213 925 2294 Suarcz,
934 2215 960 2298 ³)
993 2214 1050 2297 qui
1065 2235 1116 2278 -ne

54 2313 202 2377 tantillum
222 2313 355 2396 quidem
376 2333 396 2377 a
417 2311 579 2377 communi
594 2311 759 2376 Ecclesiae
781 2313 945 2378 sententia
964 2312 1117 2378 recedere

53 2411 194 2491 uolumus,
226 2413 375 2491 dicimus,
404 2412 537 2476 beatam
562 2411 729 2494 Virginem
756 2412 788 2475 in
817 2413 939 2495 templo
966 2433 1117 2495 praesen-

56 2515 143 2575 tatam
168 2532 254 2589 esse,
284 2518 322 2575 ut
349 2513 396 2576 ibi
416 2511 499 2576 bene
529 2511 736 2591 educaretur3
766 2512 854 2594 quod
874 2513 908 2575 in
936 2511 1117 2596 veteri-Te·

54 2613 199 2675 stamento
231 2631 297 2676 nou
329 2617 379 2676 est
409 2610 594 2675 inauditum
625 2616 684 2674 aut
714 2631 840 2675 novum.
889 2609 973 2676 Nam
997 2609 1119 2676 Josaba

53 2703 107 2771 filia
131 2711 215 2793 regis
235 2710 361 2788 doram,
393 2731 484 2775 soror
512 2709 685 2788 Ochoziae,
716 2716 754 2774 ut
781 2731 801 2773 a
827 2708 938 2773 furore
964 2707 1115 2773 Athaliae

55 2805 221 2891 subriperet
253 2808 413 2874 Ochoziae
449 2807 604 2891 filium,4)
644 2807 836 2891 ,abscondit
869 2828 944 2872 eum
980 2829 1000 2872 a
1033 2806 1118 2872 facie
1160 2840 1165 2850 ·

55 2903 200 2987 lthaliae,
236 2915 275 2974 ut
309 2930 375 2974 non
409 2908 683 2988 interficeretur,“
718 2929 892 2991 secumque
928 2929 985 2972 sex
1016 2928 1117 2972 annos

55 3001 151 3071 habuit
170 3009 205 3071 in
227 3008 358 3092 templo.
403 3007 496 3086 Quod
516 3030 629 3073 rursus
656 3014 809 3072 narratur
835 3006 870 3070 in
889 3007 973 3072 libro
995 3005 1117 3070 Parali-

55 3107 239 3190 pomenon,⁵)
262 3113 299 3171 ut
321 3107 463 3172 advertit
483 3107 811 3190 Tillemontius.⁶)

103 3205 192 3288 Apud
224 3229 248 3270 s.
281 3206 439 3290 Lucaml)
472 3207 624 3290 legimus:
665 3207 797 3288 ,Anna
832 3205 1115 3289 prophetissa,

56 3297 131 3368 lilia
156 3297 341 3384 Phanuel,
369 3306 487 3370 vidua
515 3327 589 3370 non
619 3305 854 3371 discedebat
883 3304 928 3368 de
957 3303 1115 3386 templo,

53 3397 200 3483 jejuniis
236 3411 276 3469 et
315 3405 665 3470 obsecrationibus
707 3405 884 3471 serviens
922 3409 1037 3468 nocte
1074 3425 1117 3468 ao

57 3497 134 3564 die.“
182 3504 284 3569 Juxta
320 3504 480 3588 Serryss)
520 3505 640 3570 locutio
676 3503 903 3587 Evangelistae
941 3504 1117 3568 asserentis

62 3659 237 3672 5-—

112 3751 129 3814 ¹)
145 3750 227 3806 Hebr.
245 3751 292 3818 IX,
310 3755 335 3806 7.
368 3753 391 3818 ²)
408 3752 516 3807 Contra
530 3752 685 3820 Appionem
702 3751 751 3805 lib.
766 3750 802 3816 ll,
823 3755 851 3804 et
867 3751 916 3804 lib.
930 3748 1008 3815 Vlll,
1023 3750 1117 3818 Antiq.

57 3842 91 3896 cp.
107 3830 137 3887 ll.
176 3835 196 3900 ³)
214 3833 246 3887 ln
270 3833 324 3900 111,
347 3851 374 3902 p.
391 3840 456 3888 tom.
474 3834 515 3900 ll,
539 3834 609 3902 disp.
627 3837 642 3886 7
660 3835 822 3902 quaestus.
861 3836 883 3901 ⁴)
899 3837 916 3886 4
932 3833 1001 3900 Reg.
1019 3831 1069 3896 lll,
1093 3835 1117 3886 3.

57 3911 73 3974 ⁵)
87 3915 102 3964 2
117 3913 226 3985 Paralip.
244 3917 332 3984 XXll,
352 3920 391 3971 12.
427 3919 449 3983 ⁶)
467 3917 512 3971 Ad
528 3919 614 3970 vitam
632 3916 663 3970 B.
682 3916 719 3971 Μ.
741 3916 774 3970 V.
791 3934 818 3972 n.
835 3920 852 3970 6
868 3933 930 3986 pag.
947 3917 1004 3971 463.
1043 3916 1063 3981 1)
1081 3913 1117 3981 ll,

59 3993 84 4045 36
99 4011 132 4064 sq.
162 3998 230 4065 8)Ιι.
248 4015 270 4053 c.
289 3999 405 4054 exercit.
424 4001 498 4054 1911.
516 4002 540 4053 7.
640 4011 642 4016 ’
