<?xml version="1.0" encoding="UTF-8"?>
<!DOCTYPE html PUBLIC "-//W3C//DTD XHTML 1.0 Transitional//EN"
    "http://www.w3.org/TR/xhtml1/DTD/xhtml1-transitional.dtd">
<html xmlns="http://www.w3.org/1999/xhtml" xml:lang="en" lang="en">
 <head>
  <title>
</title>
<meta http-equiv="Content-Type" content="text/html;charset=utf-8" />
  <meta name='ocr-system' content='tesseract 3.04.00' />
  <meta name='ocr-capabilities' content='ocr_page ocr_carea ocr_par ocr_line ocrx_word'/>
</head>
<body>
  <div class='ocr_page' id='page_1' title='image "./mariologiaseupo00stamgoog_0307.png"; bbox 0 0 2718 4556; ppageno 0'>
   <div class='ocr_carea' id='block_1_1' title="bbox 554 363 613 422">
    <p class='ocr_par' dir='ltr' id='par_1_1' title="bbox 554 363 613 422">
     <span class='ocr_line' id='line_1_1' title="bbox 554 363 613 422; baseline 0 0"><span class='ocrx_word' id='word_1_1' title='bbox 554 363 613 422; x_wconf 77' lang='lat'><strong>281</strong></span> 
     </span>
    </p>
   </div>
   <div class='ocr_carea' id='block_1_2' title="bbox 53 522 1142 2885">
    <p class='ocr_par' dir='ltr' id='par_1_2' title="bbox 53 522 1123 1595">
     <span class='ocr_line' id='line_1_2' title="bbox 55 522 1121 603; baseline 0.003 -16"><span class='ocrx_word' id='word_1_2' title='bbox 55 544 110 587; x_wconf 91' lang='lat' dir='ltr'><strong>non</strong></span> <span class='ocrx_word' id='word_1_3' title='bbox 129 523 232 587; x_wconf 88' lang='lat' dir='ltr'><strong>minus</strong></span> <span class='ocrx_word' id='word_1_4' title='bbox 253 543 372 587; x_wconf 83' lang='lat' dir='ltr'><strong>novum</strong></span> <span class='ocrx_word' id='word_1_5' title='bbox 401 527 466 601; x_wconf 86' lang='lat' dir='ltr'><strong>est,</strong></span> <span class='ocrx_word' id='word_1_6' title='bbox 496 522 596 586; x_wconf 91' lang='lat' dir='ltr'><strong>etiam</strong></span> <span class='ocrx_word' id='word_1_7' title='bbox 624 528 856 588; x_wconf 71' lang='lat' dir='ltr'>renascentem.</span> <span class='ocrx_word' id='word_1_8' title='bbox 902 523 1121 603; x_wconf 76' lang='lat' dir='ltr'><strong>Conferamus</strong></span> 
     </span>
     <span class='ocr_line' id='line_1_3' title="bbox 56 620 1123 705; baseline 0.003 -20"><span class='ocrx_word' id='word_1_9' title='bbox 56 623 79 685; x_wconf 90' lang='lat' dir='ltr'><strong>si</strong></span> <span class='ocrx_word' id='word_1_10' title='bbox 98 622 214 704; x_wconf 85' lang='lat' dir='ltr'><strong>placet,</strong></span> <span class='ocrx_word' id='word_1_11' title='bbox 244 620 304 685; x_wconf 89' lang='lat' dir='ltr'><strong>has</strong></span> <span class='ocrx_word' id='word_1_12' title='bbox 331 620 412 686; x_wconf 90' lang='lat' dir='ltr'><strong>duas</strong></span> <span class='ocrx_word' id='word_1_13' title='bbox 433 627 555 686; x_wconf 89' lang='lat' dir='ltr'><strong>matres</strong></span> <span class='ocrx_word' id='word_1_14' title='bbox 583 628 617 686; x_wconf 91' lang='lat' dir='ltr'><strong>et</strong></span> <span class='ocrx_word' id='word_1_15' title='bbox 637 622 808 705; x_wconf 88' lang='lat' dir='ltr'><strong>utriusque</strong></span> <span class='ocrx_word' id='word_1_16' title='bbox 837 623 1004 704; x_wconf 85' lang='lat' dir='ltr'><strong>generatio</strong></span> <span class='ocrx_word' id='word_1_17' title='bbox 1025 622 1123 688; x_wconf 89' lang='lat' dir='ltr'><strong>fidem</strong></span> 
     </span>
     <span class='ocr_line' id='line_1_4' title="bbox 55 720 1122 786; baseline 0.003 -3"><span class='ocrx_word' id='word_1_18' title='bbox 55 727 185 786; x_wconf 88' lang='lat' dir='ltr'><strong>nostram</strong></span> <span class='ocrx_word' id='word_1_19' title='bbox 213 721 248 784; x_wconf 93' lang='lat' dir='ltr'><strong>in</strong></span> <span class='ocrx_word' id='word_1_20' title='bbox 277 720 437 784; x_wconf 87' lang='lat' dir='ltr'><strong>alterutra</strong></span> <span class='ocrx_word' id='word_1_21' title='bbox 466 720 699 785; x_wconf 72' lang='lat' dir='ltr'><strong>corroborabit.</strong></span> <span class='ocrx_word' id='word_1_22' title='bbox 743 721 881 785; x_wconf 89' lang='lat' dir='ltr'><strong>Mariam</strong></span> <span class='ocrx_word' id='word_1_23' title='bbox 909 728 1035 786; x_wconf 89' lang='lat' dir='ltr'><strong>secreto</strong></span> <span class='ocrx_word' id='word_1_24' title='bbox 1063 723 1122 786; x_wconf 93' lang='lat' dir='ltr'><strong>im-</strong></span> 
     </span>
     <span class='ocr_line' id='line_1_5' title="bbox 54 819 1123 903; baseline 0.001 -20"><span class='ocrx_word' id='word_1_25' title='bbox 54 821 142 902; x_wconf 86' lang='lat' dir='ltr'><strong>plevit</strong></span> <span class='ocrx_word' id='word_1_26' title='bbox 161 820 281 903; x_wconf 87' lang='lat' dir='ltr'><strong>illapsu</strong></span> <span class='ocrx_word' id='word_1_27' title='bbox 310 819 415 883; x_wconf 90' lang='lat' dir='ltr'><strong>sancti</strong></span> <span class='ocrx_word' id='word_1_28' title='bbox 436 819 577 901; x_wconf 77' lang='lat' dir='ltr'><strong>Spiritus</strong></span> <span class='ocrx_word' id='word_1_29' title='bbox 607 819 813 884; x_wconf 81' lang='lat' dir='ltr'><strong>obumbratio</strong></span> <span class='ocrx_word' id='word_1_30' title='bbox 843 827 877 884; x_wconf 92' lang='lat' dir='ltr'><strong>et</strong></span> <span class='ocrx_word' id='word_1_31' title='bbox 899 820 1068 885; x_wconf 89' lang='lat' dir='ltr'><strong>ecclesiam</strong></span> <span class='ocrx_word' id='word_1_32' title='bbox 1088 821 1123 884; x_wconf 94' lang='lat' dir='ltr'><strong>in</strong></span> 
     </span>
     <span class='ocr_line' id='line_1_6' title="bbox 54 918 1123 1001; baseline 0.003 -20"><span class='ocrx_word' id='word_1_33' title='bbox 54 918 133 984; x_wconf 88' lang='lat' dir='ltr'><strong>fonte</strong></span> <span class='ocrx_word' id='word_1_34' title='bbox 153 919 326 984; x_wconf 90' lang='lat' dir='ltr'><strong>benedicto</strong></span> <span class='ocrx_word' id='word_1_35' title='bbox 356 918 461 982; x_wconf 89' lang='lat' dir='ltr'><strong>sancti</strong></span> <span class='ocrx_word' id='word_1_36' title='bbox 483 918 625 1001; x_wconf 75' lang='lat' dir='ltr'><strong>Spiritus</strong></span> <span class='ocrx_word' id='word_1_37' title='bbox 652 919 820 984; x_wconf 74' lang='lat' dir='ltr'><strong>maritavit</strong></span> <span class='ocrx_word' id='word_1_38' title='bbox 845 918 975 983; x_wconf 82' lang='lat' dir='ltr'><strong>infusio.</strong></span> <span class='ocrx_word' id='word_1_39' title='bbox 1018 919 1123 984; x_wconf 88' lang='lat' dir='ltr'><strong>Maria</strong></span> 
     </span>
     <span class='ocr_line' id='line_1_7' title="bbox 55 1016 1121 1100; baseline 0.003 -21"><span class='ocrx_word' id='word_1_40' title='bbox 55 1017 144 1082; x_wconf 90' lang='lat' dir='ltr'><strong>filium</strong></span> <span class='ocrx_word' id='word_1_41' title='bbox 164 1019 233 1082; x_wconf 92' lang='lat' dir='ltr'><strong>sine</strong></span> <span class='ocrx_word' id='word_1_42' title='bbox 254 1023 389 1100; x_wconf 89' lang='lat' dir='ltr'><strong>peccato</strong></span> <span class='ocrx_word' id='word_1_43' title='bbox 419 1017 532 1100; x_wconf 86' lang='lat' dir='ltr'><strong>genuit</strong></span> <span class='ocrx_word' id='word_1_44' title='bbox 554 1023 588 1081; x_wconf 96' lang='lat' dir='ltr'><strong>et</strong></span> <span class='ocrx_word' id='word_1_45' title='bbox 610 1016 746 1082; x_wconf 84' lang='lat' dir='ltr'><strong>eeclesia</strong></span> <span class='ocrx_word' id='word_1_46' title='bbox 772 1018 806 1080; x_wconf 89' lang='lat' dir='ltr'><strong>in</strong></span> <span class='ocrx_word' id='word_1_47' title='bbox 828 1017 893 1095; x_wconf 86' lang='lat' dir='ltr'><strong>his,</strong></span> <span class='ocrx_word' id='word_1_48' title='bbox 924 1039 1005 1100; x_wconf 90' lang='lat' dir='ltr'><strong>quos</strong></span> <span class='ocrx_word' id='word_1_49' title='bbox 1026 1021 1121 1100; x_wconf 67' lang='lat' dir='ltr'><strong>geness</strong></span> 
     </span>
     <span class='ocr_line' id='line_1_8' title="bbox 55 1115 1122 1200; baseline 0.003 -22"><span class='ocrx_word' id='word_1_50' title='bbox 55 1118 139 1195; x_wconf 82' lang='lat' dir='ltr'><strong>ravit,</strong></span> <span class='ocrx_word' id='word_1_51' title='bbox 160 1123 296 1199; x_wconf 90' lang='lat' dir='ltr'><strong>peccata</strong></span> <span class='ocrx_word' id='word_1_52' title='bbox 318 1116 526 1198; x_wconf 79' lang='lat' dir='ltr'><strong>consumpsit.</strong></span> <span class='ocrx_word' id='word_1_53' title='bbox 569 1116 632 1180; x_wconf 92' lang='lat' dir='ltr'><strong>Per</strong></span> <span class='ocrx_word' id='word_1_54' title='bbox 652 1115 791 1180; x_wconf 90' lang='lat' dir='ltr'><strong>Mariam</strong></span> <span class='ocrx_word' id='word_1_55' title='bbox 811 1123 925 1182; x_wconf 90' lang='lat' dir='ltr'><strong>natum</strong></span> <span class='ocrx_word' id='word_1_56' title='bbox 947 1123 1010 1195; x_wconf 88' lang='lat' dir='ltr'><strong>est,</strong></span> <span class='ocrx_word' id='word_1_57' title='bbox 1034 1117 1122 1200; x_wconf 88' lang='lat' dir='ltr'><strong>quod</strong></span> 
     </span>
     <span class='ocr_line' id='line_1_9' title="bbox 54 1213 1121 1298; baseline 0.001 -21"><span class='ocrx_word' id='word_1_58' title='bbox 54 1215 81 1277; x_wconf 89' lang='lat' dir='ltr'><strong>iu</strong></span> <span class='ocrx_word' id='word_1_59' title='bbox 98 1216 253 1298; x_wconf 88' lang='lat' dir='ltr'><strong>principio</strong></span> <span class='ocrx_word' id='word_1_60' title='bbox 278 1221 365 1294; x_wconf 89' lang='lat' dir='ltr'><strong>erat;</strong></span> <span class='ocrx_word' id='word_1_61' title='bbox 395 1236 454 1296; x_wconf 93' lang='lat' dir='ltr'><strong>per</strong></span> <span class='ocrx_word' id='word_1_62' title='bbox 483 1213 652 1279; x_wconf 90' lang='lat' dir='ltr'><strong>ecclesiam</strong></span> <span class='ocrx_word' id='word_1_63' title='bbox 673 1221 840 1294; x_wconf 86' lang='lat' dir='ltr'><strong>renatum,</strong></span> <span class='ocrx_word' id='word_1_64' title='bbox 870 1216 958 1298; x_wconf 90' lang='lat' dir='ltr'><strong>quod</strong></span> <span class='ocrx_word' id='word_1_65' title='bbox 979 1217 1012 1279; x_wconf 90' lang='lat' dir='ltr'><strong>in</strong></span> <span class='ocrx_word' id='word_1_66' title='bbox 1033 1217 1121 1298; x_wconf 90' lang='lat' dir='ltr'><strong>priu-</strong></span> 
     </span>
     <span class='ocr_line' id='line_1_10' title="bbox 55 1314 1119 1398; baseline 0.002 -22"><span class='ocrx_word' id='word_1_67' title='bbox 55 1314 125 1396; x_wconf 88' lang='lat' dir='ltr'><strong>cipio</strong></span> <span class='ocrx_word' id='word_1_68' title='bbox 156 1316 310 1398; x_wconf 90' lang='lat' dir='ltr'><strong>perierat.</strong></span> <span class='ocrx_word' id='word_1_69' title='bbox 364 1314 425 1378; x_wconf 87' lang='lat' dir='ltr'><strong>Illa</strong></span> <span class='ocrx_word' id='word_1_70' title='bbox 456 1314 604 1396; x_wconf 87' lang='lat' dir='ltr'><strong>plurimis</strong></span> <span class='ocrx_word' id='word_1_71' title='bbox 642 1315 823 1397; x_wconf 83' lang='lat' dir='ltr'><strong>generavit,</strong></span> <span class='ocrx_word' id='word_1_72' title='bbox 861 1314 942 1378; x_wconf 91' lang='lat' dir='ltr'><strong>haec</strong></span> <span class='ocrx_word' id='word_1_73' title='bbox 973 1315 1119 1396; x_wconf 90' lang='lat' dir='ltr'><strong>populos.</strong></span> 
     </span>
     <span class='ocr_line' id='line_1_11' title="bbox 53 1411 1119 1495; baseline 0.003 -22"><span class='ocrx_word' id='word_1_74' title='bbox 53 1411 115 1491; x_wconf 86' lang='lat' dir='ltr'><strong>Illa,</strong></span> <span class='ocrx_word' id='word_1_75' title='bbox 144 1420 182 1478; x_wconf 91' lang='lat' dir='ltr'><strong>ut</strong></span> <span class='ocrx_word' id='word_1_76' title='bbox 202 1413 363 1489; x_wconf 77' lang='lat' dir='ltr'><strong>norimuS,</strong></span> <span class='ocrx_word' id='word_1_77' title='bbox 393 1413 482 1494; x_wconf 81' lang='lat' dir='ltr'><strong>virgo</strong></span> <span class='ocrx_word' id='word_1_78' title='bbox 504 1434 710 1495; x_wconf 88' lang='lat' dir='ltr'><strong>permanens,</strong></span> <span class='ocrx_word' id='word_1_79' title='bbox 739 1413 838 1477; x_wconf 91' lang='lat' dir='ltr'><strong>semel</strong></span> <span class='ocrx_word' id='word_1_80' title='bbox 858 1413 987 1495; x_wconf 87' lang='lat' dir='ltr'><strong>peperit</strong></span> <span class='ocrx_word' id='word_1_81' title='bbox 1007 1412 1119 1492; x_wconf 87' lang='lat' dir='ltr'><strong>filium,</strong></span> 
     </span>
     <span class='ocr_line' id='line_1_12' title="bbox 53 1510 842 1595; baseline 0.004 -23"><span class='ocrx_word' id='word_1_82' title='bbox 53 1510 122 1576; x_wconf 91' lang='lat' dir='ltr'><strong>haec</strong></span> <span class='ocrx_word' id='word_1_83' title='bbox 142 1535 269 1595; x_wconf 89' lang='lat' dir='ltr'><strong>semper</strong></span> <span class='ocrx_word' id='word_1_84' title='bbox 290 1512 378 1595; x_wconf 88' lang='lat' dir='ltr'><strong>parit</strong></span> <span class='ocrx_word' id='word_1_85' title='bbox 399 1533 458 1594; x_wconf 91' lang='lat' dir='ltr'><strong>per</strong></span> <span class='ocrx_word' id='word_1_86' title='bbox 479 1511 636 1594; x_wconf 84' lang='lat' dir='ltr'><strong>virginem</strong></span> <span class='ocrx_word' id='word_1_87' title='bbox 658 1512 842 1593; x_wconf 83' lang='lat' dir='ltr'><strong>sponsum.“</strong></span> 
     </span>
    </p>

    <p class='ocr_par' dir='ltr' id='par_1_3' title="bbox 54 1609 1142 2668">
     <span class='ocr_line' id='line_1_13' title="bbox 105 1609 1120 1694; baseline 0.001 -20"><span class='ocrx_word' id='word_1_88' title='bbox 105 1632 129 1674; x_wconf 91' lang='lat' dir='ltr'><strong>e.</strong></span> <span class='ocrx_word' id='word_1_89' title='bbox 162 1611 304 1694; x_wconf 90' lang='lat' dir='ltr'><strong>Deipara</strong></span> <span class='ocrx_word' id='word_1_90' title='bbox 332 1609 396 1674; x_wconf 82' lang='lat' dir='ltr'><strong>fuit</strong></span> <span class='ocrx_word' id='word_1_91' title='bbox 426 1609 623 1692; x_wconf 85' lang='lat' dir='ltr'><strong>desponsata</strong></span> <span class='ocrx_word' id='word_1_92' title='bbox 652 1616 686 1674; x_wconf 90' lang='lat' dir='ltr'><strong>et</strong></span> <span class='ocrx_word' id='word_1_93' title='bbox 713 1611 819 1693; x_wconf 83' lang='lat' dir='ltr'><strong>virgo,</strong></span> <span class='ocrx_word' id='word_1_94' title='bbox 849 1611 941 1693; x_wconf 88' lang='lat' dir='ltr'><strong>quia</strong></span> <span class='ocrx_word' id='word_1_95' title='bbox 968 1611 1007 1674; x_wconf 94' lang='lat' dir='ltr'><strong>in</strong></span> <span class='ocrx_word' id='word_1_96' title='bbox 1037 1632 1120 1693; x_wconf 88' lang='lat' dir='ltr'><strong>per-</strong></span> 
     </span>
     <span class='ocr_line' id='line_1_14' title="bbox 55 1709 1120 1798; baseline 0.004 -28"><span class='ocrx_word' id='word_1_97' title='bbox 55 1729 137 1773; x_wconf 89' lang='lat' dir='ltr'><strong>sona</strong></span> <span class='ocrx_word' id='word_1_98' title='bbox 162 1710 298 1798; x_wconf 85' lang='lat' dir='ltr'><strong>ipsius</strong></span> <span class='ocrx_word' id='word_1_99' title='bbox 318 1715 357 1773; x_wconf 90' lang='lat' dir='ltr'><strong>et</strong></span> <span class='ocrx_word' id='word_1_100' title='bbox 376 1709 592 1790; x_wconf 79' lang='lat' dir='ltr'><strong>virginitas</strong></span> <span class='ocrx_word' id='word_1_101' title='bbox 620 1715 658 1773; x_wconf 93' lang='lat' dir='ltr'><strong>et</strong></span> <span class='ocrx_word' id='word_1_102' title='bbox 685 1709 978 1774; x_wconf 88' lang='lat' dir='ltr'><strong>matrimonium</strong></span> <span class='ocrx_word' id='word_1_103' title='bbox 1004 1711 1120 1774; x_wconf 90' lang='lat' dir='ltr'><strong>hono-</strong></span> 
     </span>
     <span class='ocr_line' id='line_1_15' title="bbox 54 1808 1142 1890; baseline 0.004 -22"><span class='ocrx_word' id='word_1_104' title='bbox 54 1813 161 1870; x_wconf 86' lang='lat' dir='ltr'><strong>ratur.</strong></span> <span class='ocrx_word' id='word_1_105' title='bbox 216 1808 458 1890; x_wconf 82' lang='lat' dir='ltr'><strong>Speciosissimo</strong></span> <span class='ocrx_word' id='word_1_106' title='bbox 496 1808 557 1872; x_wconf 87' lang='lat' dir='ltr'><strong>hoc</strong></span> <span class='ocrx_word' id='word_1_107' title='bbox 593 1808 799 1872; x_wconf 89' lang='lat' dir='ltr'><strong>matrimonio</strong></span> <span class='ocrx_word' id='word_1_108' title='bbox 836 1808 1142 1874; x_wconf 85' lang='lat' dir='ltr'><strong>confundebantur</strong></span> 
     </span>
     <span class='ocr_line' id='line_1_16' title="bbox 55 1905 1119 1993; baseline 0.004 -26"><span class='ocrx_word' id='word_1_109' title='bbox 55 1905 222 1972; x_wconf 84' lang='lat' dir='ltr'><strong>Manichaei</strong></span> <span class='ocrx_word' id='word_1_110' title='bbox 243 1908 389 1993; x_wconf 52' lang='lat' dir='ltr'><strong>nuptias&lt;</strong></span> <span class='ocrx_word' id='word_1_111' title='bbox 399 1908 590 1973; x_wconf 90' lang='lat' dir='ltr'><strong>damnantes</strong></span> <span class='ocrx_word' id='word_1_112' title='bbox 612 1929 671 1972; x_wconf 91' lang='lat' dir='ltr'><strong>nec</strong></span> <span class='ocrx_word' id='word_1_113' title='bbox 692 1929 757 1971; x_wconf 92' lang='lat' dir='ltr'><strong>non</strong></span> <span class='ocrx_word' id='word_1_114' title='bbox 778 1908 842 1986; x_wconf 89' lang='grc'><strong>1111,</strong></span> <span class='ocrx_word' id='word_1_115' title='bbox 873 1909 929 1991; x_wconf 93' lang='lat' dir='ltr'><strong>qui</strong></span> <span class='ocrx_word' id='word_1_116' title='bbox 950 1909 1035 1972; x_wconf 88' lang='lat' dir='ltr'><strong>solas</strong></span> <span class='ocrx_word' id='word_1_117' title='bbox 1056 1909 1119 1971; x_wconf 83' lang='lat' dir='ltr'><strong>vir-</strong></span> 
     </span>
     <span class='ocr_line' id='line_1_17' title="bbox 55 2005 1118 2089; baseline 0.003 -22"><span class='ocrx_word' id='word_1_118' title='bbox 55 2005 131 2085; x_wconf 83' lang='lat' dir='ltr'><strong>gines</strong></span> <span class='ocrx_word' id='word_1_119' title='bbox 158 2007 276 2072; x_wconf 83' lang='lat' dir='ltr'><strong>salvari</strong></span> <span class='ocrx_word' id='word_1_120' title='bbox 303 2028 398 2089; x_wconf 90' lang='lat' dir='ltr'><strong>posse</strong></span> <span class='ocrx_word' id='word_1_121' title='bbox 428 2028 573 2071; x_wconf 85' lang='lat' dir='ltr'><strong>asserere</strong></span> <span class='ocrx_word' id='word_1_122' title='bbox 601 2007 776 2072; x_wconf 87' lang='lat' dir='ltr'><strong>audebant.</strong></span> <span class='ocrx_word' id='word_1_123' title='bbox 827 2007 920 2079; x_wconf 90' lang='lat' dir='ltr'><strong>Unde</strong></span> <span class='ocrx_word' id='word_1_124' title='bbox 953 2007 982 2071; x_wconf 91' lang='lat' dir='ltr'><strong>d.</strong></span> <span class='ocrx_word' id='word_1_125' title='bbox 1011 2008 1118 2071; x_wconf 90' lang='lat' dir='ltr'><strong>Basi-</strong></span> 
     </span>
     <span class='ocr_line' id='line_1_18' title="bbox 55 2103 1119 2190; baseline 0.005 -26"><span class='ocrx_word' id='word_1_126' title='bbox 55 2103 167 2189; x_wconf 80' lang='lat' dir='ltr'><strong>lius:1)</strong></span> <span class='ocrx_word' id='word_1_127' title='bbox 199 2107 318 2188; x_wconf 77' lang='lat' dir='ltr'><strong>„Virgo</strong></span> <span class='ocrx_word' id='word_1_128' title='bbox 343 2111 413 2171; x_wconf 88' lang='lat' dir='ltr'><strong>erat</strong></span> <span class='ocrx_word' id='word_1_129' title='bbox 436 2113 469 2170; x_wconf 94' lang='lat' dir='ltr'><strong>et</strong></span> <span class='ocrx_word' id='word_1_130' title='bbox 489 2107 558 2170; x_wconf 91' lang='lat' dir='ltr'><strong>viro</strong></span> <span class='ocrx_word' id='word_1_131' title='bbox 586 2107 782 2188; x_wconf 87' lang='lat' dir='ltr'><strong>desponsata</strong></span> <span class='ocrx_word' id='word_1_132' title='bbox 804 2113 838 2171; x_wconf 94' lang='lat' dir='ltr'><strong>et</strong></span> <span class='ocrx_word' id='word_1_133' title='bbox 859 2114 937 2189; x_wconf 85' lang='lat' dir='ltr'><strong>apta</strong></span> <span class='ocrx_word' id='word_1_134' title='bbox 958 2106 1119 2190; x_wconf 82' lang='lat' dir='ltr'><strong>conjugali</strong></span> 
     </span>
     <span class='ocr_line' id='line_1_19' title="bbox 56 2201 1117 2289; baseline 0.007 -25"><span class='ocrx_word' id='word_1_135' title='bbox 56 2201 143 2268; x_wconf 87' lang='lat' dir='ltr'><strong>officio</strong></span> <span class='ocrx_word' id='word_1_136' title='bbox 171 2204 319 2269; x_wconf 89' lang='lat' dir='ltr'><strong>obeundo</strong></span> <span class='ocrx_word' id='word_1_137' title='bbox 347 2212 478 2288; x_wconf 87' lang='lat' dir='ltr'><strong>putata,</strong></span> <span class='ocrx_word' id='word_1_138' title='bbox 508 2212 547 2270; x_wconf 94' lang='lat' dir='ltr'><strong>ut</strong></span> <span class='ocrx_word' id='word_1_139' title='bbox 576 2213 610 2270; x_wconf 90' lang='lat' dir='ltr'><strong>et</strong></span> <span class='ocrx_word' id='word_1_140' title='bbox 635 2207 803 2289; x_wconf 83' lang='lat' dir='ltr'><strong>virginitas</strong></span> <span class='ocrx_word' id='word_1_141' title='bbox 832 2207 1013 2270; x_wconf 91' lang='lat' dir='ltr'><strong>inhonore</strong></span> <span class='ocrx_word' id='word_1_142' title='bbox 1041 2214 1117 2271; x_wconf 89' lang='lat' dir='ltr'><strong>ante</strong></span> 
     </span>
     <span class='ocr_line' id='line_1_20' title="bbox 56 2304 1118 2388; baseline 0.006 -26"><span class='ocrx_word' id='word_1_143' title='bbox 56 2304 148 2368; x_wconf 89' lang='lat' dir='ltr'><strong>omnia</strong></span> <span class='ocrx_word' id='word_1_144' title='bbox 172 2305 352 2370; x_wconf 86' lang='lat' dir='ltr'><strong>haberetur</strong></span> <span class='ocrx_word' id='word_1_145' title='bbox 381 2311 414 2370; x_wconf 92' lang='lat' dir='ltr'><strong>et</strong></span> <span class='ocrx_word' id='word_1_146' title='bbox 440 2305 683 2370; x_wconf 86' lang='lat' dir='ltr'><strong>matrimonium</strong></span> <span class='ocrx_word' id='word_1_147' title='bbox 711 2327 776 2370; x_wconf 89' lang='lat' dir='ltr'><strong>non</strong></span> <span class='ocrx_word' id='word_1_148' title='bbox 797 2312 972 2388; x_wconf 89' lang='lat' dir='ltr'><strong>propterea</strong></span> <span class='ocrx_word' id='word_1_149' title='bbox 1000 2305 1118 2387; x_wconf 90' lang='lat' dir='ltr'><strong>impro-</strong></span> 
     </span>
     <span class='ocr_line' id='line_1_21' title="bbox 55 2399 1118 2487; baseline 0.006 -25"><span class='ocrx_word' id='word_1_150' title='bbox 55 2399 201 2468; x_wconf 82' lang='lat' dir='ltr'><strong>baretur.“</strong></span> <span class='ocrx_word' id='word_1_151' title='bbox 245 2404 394 2470; x_wconf 86' lang='lat' dir='ltr'><strong>Christus</strong></span> <span class='ocrx_word' id='word_1_152' title='bbox 417 2404 483 2468; x_wconf 76' lang='lat' dir='ltr'><strong>&#39;sibi</strong></span> <span class='ocrx_word' id='word_1_153' title='bbox 504 2410 643 2468; x_wconf 92' lang='lat' dir='ltr'><strong>matrem</strong></span> <span class='ocrx_word' id='word_1_154' title='bbox 665 2403 776 2486; x_wconf 87' lang='lat' dir='ltr'><strong>elegit,</strong></span> <span class='ocrx_word' id='word_1_155' title='bbox 807 2425 890 2487; x_wconf 89' lang='lat' dir='ltr'><strong>quae</strong></span> <span class='ocrx_word' id='word_1_156' title='bbox 911 2405 1000 2486; x_wconf 86' lang='lat' dir='ltr'><strong>virgo</strong></span> <span class='ocrx_word' id='word_1_157' title='bbox 1022 2404 1118 2468; x_wconf 88' lang='lat' dir='ltr'><strong>simul</strong></span> 
     </span>
     <span class='ocr_line' id='line_1_22' title="bbox 58 2503 1117 2593; baseline 0.005 -31"><span class='ocrx_word' id='word_1_158' title='bbox 58 2507 83 2563; x_wconf 88' lang='lat' dir='ltr'><strong>et</strong></span> <span class='ocrx_word' id='word_1_159' title='bbox 107 2503 297 2586; x_wconf 83' lang='lat' dir='ltr'><strong>desponsata</strong></span> <span class='ocrx_word' id='word_1_160' title='bbox 326 2511 413 2584; x_wconf 85' lang='lat' dir='ltr'><strong>erat;</strong></span> <span class='ocrx_word' id='word_1_161' title='bbox 442 2505 600 2587; x_wconf 89' lang='lat' dir='ltr'><strong>numquid</strong></span> <span class='ocrx_word' id='word_1_162' title='bbox 622 2504 740 2569; x_wconf 90' lang='lat' dir='ltr'><strong>clarius</strong></span> <span class='ocrx_word' id='word_1_163' title='bbox 768 2504 915 2593; x_wconf 84' lang='lat' dir='ltr'><strong>potuerit</strong></span> <span class='ocrx_word' id='word_1_164' title='bbox 936 2503 1117 2586; x_wconf 90' lang='lat' dir='ltr'><strong>approbare</strong></span> 
     </span>
     <span class='ocr_line' id='line_1_23' title="bbox 57 2589 706 2668; baseline 0.009 -8"><span class='ocrx_word' id='word_1_165' title='bbox 57 2603 302 2668; x_wconf 77' lang='lat' dir='ltr'><strong>matrimonium?</strong></span> <span class='ocrx_word' id='word_1_166' title='bbox 386 2589 388 2595; x_wconf 14' lang='grc' dir='ltr'><em>Α</em></span> <span class='ocrx_word' id='word_1_167' title='bbox 704 2661 706 2666; x_wconf 93' lang='grc'>.</span> 
     </span>
    </p>

    <p class='ocr_par' dir='ltr' id='par_1_4' title="bbox 57 2701 1118 2885">
     <span class='ocr_line' id='line_1_24' title="bbox 105 2701 1117 2786; baseline 0.002 -23"><span class='ocrx_word' id='word_1_168' title='bbox 105 2701 149 2764; x_wconf 86' lang='lat' dir='ltr'><strong>Ex</strong></span> <span class='ocrx_word' id='word_1_169' title='bbox 163 2724 266 2786; x_wconf 88' lang='lat' dir='ltr'><strong>usque</strong></span> <span class='ocrx_word' id='word_1_170' title='bbox 282 2703 379 2766; x_wconf 92' lang='lat' dir='ltr'><strong>modo</strong></span> <span class='ocrx_word' id='word_1_171' title='bbox 397 2703 580 2785; x_wconf 87' lang='lat' dir='ltr'><strong>disputatis,</strong></span> <span class='ocrx_word' id='word_1_172' title='bbox 591 2703 894 2785; x_wconf 87' lang='lat' dir='ltr'><strong>praeclarissimum</strong></span> <span class='ocrx_word' id='word_1_173' title='bbox 910 2701 1117 2766; x_wconf 87' lang='lat' dir='ltr'><strong>beatissimae</strong></span> 
     </span>
     <span class='ocr_line' id='line_1_25' title="bbox 57 2795 1118 2885; baseline 0.005 -26"><span class='ocrx_word' id='word_1_174' title='bbox 57 2795 180 2881; x_wconf 83' lang='lat' dir='ltr'><strong>Virginis</strong></span> <span class='ocrx_word' id='word_1_175' title='bbox 213 2808 247 2866; x_wconf 93' lang='lat' dir='ltr'><strong>et</strong></span> <span class='ocrx_word' id='word_1_176' title='bbox 283 2823 307 2866; x_wconf 91' lang='lat' dir='ltr'><strong>s.</strong></span> <span class='ocrx_word' id='word_1_177' title='bbox 333 2802 473 2885; x_wconf 74' lang='lat' dir='ltr'><strong>‚Josephi</strong></span> <span class='ocrx_word' id='word_1_178' title='bbox 505 2803 748 2868; x_wconf 91' lang='lat' dir='ltr'><strong>matrimonium</strong></span> <span class='ocrx_word' id='word_1_179' title='bbox 780 2803 1118 2867; x_wconf 89' lang='lat' dir='ltr'><strong>convenientissimum</strong></span> 
     </span>
    </p>
   </div>
   <div class='ocr_carea' id='block_1_3' title="bbox 57 2892 1117 3073">
    <p class='ocr_par' dir='ltr' id='par_1_5' title="bbox 57 2892 1117 3073">
     <span class='ocr_line' id='line_1_26' title="bbox 57 2892 1117 2983; baseline 0.01 -29"><span class='ocrx_word' id='word_1_180' title='bbox 57 2892 148 2976; x_wconf 85' lang='lat' dir='ltr'><strong>fuisse,</strong></span> <span class='ocrx_word' id='word_1_181' title='bbox 161 2921 200 2964; x_wconf 85' lang='lat' dir='ltr'><strong>ex</strong></span> <span class='ocrx_word' id='word_1_182' title='bbox 218 2921 410 2983; x_wconf 89' lang='lat' dir='ltr'><strong>quacunque</strong></span> <span class='ocrx_word' id='word_1_183' title='bbox 429 2907 524 2983; x_wconf 88' lang='lat' dir='ltr'><strong>parte</strong></span> <span class='ocrx_word' id='word_1_184' title='bbox 542 2900 624 2965; x_wconf 82' lang='lat' dir='ltr'><strong>illud</strong></span> <span class='ocrx_word' id='word_1_185' title='bbox 643 2901 892 2980; x_wconf 88' lang='lat' dir='ltr'><strong>consideremus,</strong></span> <span class='ocrx_word' id='word_1_186' title='bbox 906 2902 978 2966; x_wconf 89' lang='lat' dir='ltr'><strong>luce</strong></span> <span class='ocrx_word' id='word_1_187' title='bbox 996 2902 1117 2966; x_wconf 90' lang='lat' dir='ltr'><strong>clarius</strong></span> 
     </span>
     <span class='ocr_line' id='line_1_27' title="bbox 57 2997 173 3073; baseline 0.034 -16"><span class='ocrx_word' id='word_1_188' title='bbox 57 2997 173 3073; x_wconf 88' lang='lat' dir='ltr'><strong>patebit.</strong></span> 
     </span>
    </p>
   </div>
   <div class='ocr_carea' id='block_1_4' title="bbox 529 3187 620 3274">
    <p class='ocr_par' dir='ltr' id='par_1_6' title="bbox 529 3187 620 3274">
     <span class='ocr_line' id='line_1_28' title="bbox 529 3187 620 3274; baseline 0.011 -20"><span class='ocrx_word' id='word_1_189' title='bbox 529 3191 561 3274; x_wconf 70' lang='lat' dir='ltr'><strong>s.</strong></span> <span class='ocrx_word' id='word_1_190' title='bbox 584 3187 620 3255; x_wconf 85' lang='lat'><strong>4.</strong></span> 
     </span>
    </p>
   </div>
   <div class='ocr_carea' id='block_1_5' title="bbox 73 3336 1095 3527">
    <p class='ocr_par' dir='ltr' id='par_1_7' title="bbox 73 3336 1095 3527">
     <span class='ocr_line' id='line_1_29' title="bbox 73 3336 1095 3429; baseline 0.011 -31"><span class='ocrx_word' id='word_1_191' title='bbox 73 3336 353 3406; x_wconf 78' lang='lat' dir='ltr'><strong>Matrimonium</strong></span> <span class='ocrx_word' id='word_1_192' title='bbox 381 3343 640 3408; x_wconf 89' lang='lat' dir='ltr'><strong>beatissimae</strong></span> <span class='ocrx_word' id='word_1_193' title='bbox 665 3345 842 3429; x_wconf 85' lang='lat' dir='ltr'><strong>Virginis</strong></span> <span class='ocrx_word' id='word_1_194' title='bbox 871 3367 955 3409; x_wconf 91' lang='lat' dir='ltr'><strong>cum</strong></span> <span class='ocrx_word' id='word_1_195' title='bbox 983 3367 1007 3409; x_wconf 92' lang='lat' dir='ltr'><strong>s.</strong></span> <span class='ocrx_word' id='word_1_196' title='bbox 1035 3345 1095 3409; x_wconf 89' lang='lat' dir='ltr'><strong>Jo-</strong></span> 
     </span>
     <span class='ocr_line' id='line_1_30' title="bbox 309 3441 836 3527; baseline 0.004 -22"><span class='ocrx_word' id='word_1_197' title='bbox 309 3442 404 3523; x_wconf 88' lang='lat' dir='ltr'><strong>scph</strong></span> <span class='ocrx_word' id='word_1_198' title='bbox 430 3441 720 3527; x_wconf 88' lang='lat' dir='ltr'><strong>perfectissimum</strong></span> <span class='ocrx_word' id='word_1_199' title='bbox 748 3443 836 3508; x_wconf 88' lang='lat' dir='ltr'><strong>fuit.</strong></span> 
     </span>
    </p>
   </div>
   <div class='ocr_carea' id='block_1_6' title="bbox 59 3585 1117 3874">
    <p class='ocr_par' dir='ltr' id='par_1_8' title="bbox 59 3585 1117 3874">
     <span class='ocr_line' id='line_1_31' title="bbox 107 3585 1117 3663; baseline 0.006 -10"><span class='ocrx_word' id='word_1_200' title='bbox 107 3585 328 3663; x_wconf 80' lang='lat' dir='ltr'><strong>Quaestionem</strong></span> <span class='ocrx_word' id='word_1_201' title='bbox 358 3592 397 3655; x_wconf 91' lang='lat' dir='ltr'><strong>de</strong></span> <span class='ocrx_word' id='word_1_202' title='bbox 419 3591 619 3655; x_wconf 88' lang='lat' dir='ltr'><strong>matrimonii</strong></span> <span class='ocrx_word' id='word_1_203' title='bbox 639 3591 779 3656; x_wconf 87' lang='lat' dir='ltr'><strong>Mariani</strong></span> <span class='ocrx_word' id='word_1_204' title='bbox 805 3593 1030 3658; x_wconf 80' lang='lat' dir='ltr'><strong>convenientia</strong></span> <span class='ocrx_word' id='word_1_205' title='bbox 1050 3595 1117 3660; x_wconf 93' lang='lat' dir='ltr'><strong>alia</strong></span> 
     </span>
     <span class='ocr_line' id='line_1_32' title="bbox 59 3688 1115 3777; baseline 0.012 -33"><span class='ocrx_word' id='word_1_206' title='bbox 59 3688 201 3767; x_wconf 89' lang='lat' dir='ltr'><strong>quaestio,</strong></span> <span class='ocrx_word' id='word_1_207' title='bbox 238 3690 278 3754; x_wconf 92' lang='lat' dir='ltr'><strong>de</strong></span> <span class='ocrx_word' id='word_1_208' title='bbox 308 3691 377 3774; x_wconf 90' lang='lat' dir='ltr'><strong>ejus</strong></span> <span class='ocrx_word' id='word_1_209' title='bbox 408 3690 533 3754; x_wconf 90' lang='lat' dir='ltr'><strong>scilicet</strong></span> <span class='ocrx_word' id='word_1_210' title='bbox 560 3690 777 3772; x_wconf 64' lang='lat' dir='ltr'><strong>perfectione,</strong></span> <span class='ocrx_word' id='word_1_211' title='bbox 816 3693 944 3775; x_wconf 84' lang='lat' dir='ltr'><strong>excipit.</strong></span> <span class='ocrx_word' id='word_1_212' title='bbox 1001 3693 1115 3777; x_wconf 88' lang='lat' dir='ltr'><strong>Neque</strong></span> 
     </span>
     <span class='ocr_line' id='line_1_33' title="bbox 59 3776 1115 3874; baseline 0.014 -35"><span class='ocrx_word' id='word_1_213' title='bbox 59 3776 131 3847; x_wconf 87' lang='lat' dir='ltr'><strong>illam</strong></span> <span class='ocrx_word' id='word_1_214' title='bbox 157 3787 283 3855; x_wconf 91' lang='lat' dir='ltr'><strong>silentio</strong></span> <span class='ocrx_word' id='word_1_215' title='bbox 311 3789 491 3872; x_wconf 85' lang='lat' dir='ltr'><strong>praeterire</strong></span> <span class='ocrx_word' id='word_1_216' title='bbox 517 3789 658 3872; x_wconf 87' lang='lat' dir='ltr'><strong>juvabit,</strong></span> <span class='ocrx_word' id='word_1_217' title='bbox 687 3791 880 3873; x_wconf 89' lang='lat' dir='ltr'><strong>praesertim</strong></span> <span class='ocrx_word' id='word_1_218' title='bbox 909 3813 1009 3874; x_wconf 91' lang='lat' dir='ltr'><strong>quum</strong></span> <span class='ocrx_word' id='word_1_219' title='bbox 1036 3812 1115 3856; x_wconf 91' lang='lat' dir='ltr'><strong>non-</strong></span> 
     </span>
    </p>
   </div>
   <div class='ocr_carea' id='block_1_7' title="bbox 59 3919 230 3938">
    <p class='ocr_par' dir='ltr' id='par_1_9' title="bbox 59 3919 230 3938">
     <span class='ocr_line' id='line_1_34' title="bbox 59 3919 230 3938; baseline 0.006 -1"><span class='ocrx_word' id='word_1_220' title='bbox 59 3919 230 3938; x_wconf 39' lang='grc' dir='ltr'><strong>Ἁ-</strong></span> 
     </span>
    </p>
   </div>
   <div class='ocr_carea' id='block_1_8' title="bbox 62 3997 762 4071">
    <p class='ocr_par' dir='ltr' id='par_1_10' title="bbox 62 3997 762 4071">
     <span class='ocr_line' id='line_1_35' title="bbox 62 3997 762 4071; baseline 0.009 -18"><span class='ocrx_word' id='word_1_221' title='bbox 62 4039 63 4042; x_wconf 34' lang='lat'><strong>.</strong></span> <span class='ocrx_word' id='word_1_222' title='bbox 112 3997 264 4063; x_wconf 61' lang='grc' dir='ltr'><strong>11Ηο111.111</strong></span> <span class='ocrx_word' id='word_1_223' title='bbox 282 4007 406 4058; x_wconf 84' lang='lat' dir='ltr'><strong>sanctam</strong></span> <span class='ocrx_word' id='word_1_224' title='bbox 425 4002 527 4058; x_wconf 83' lang='lat' dir='ltr'><strong>Christi</strong></span> <span class='ocrx_word' id='word_1_225' title='bbox 544 4004 762 4071; x_wconf 80' lang='lat' dir='ltr'><strong>generationem.</strong></span> 
     </span>
    </p>
   </div>
   <div class='ocr_carea' id='block_1_9' title="bbox 0 0 1367 4556">
    <p class='ocr_par' dir='ltr' id='par_1_11' title="bbox 0 0 1367 4556">
     <span class='ocr_line' id='line_1_36' title="bbox 0 0 1367 4556; baseline 0 0"><span class='ocrx_word' id='word_1_226' title='bbox 0 0 1367 4556; x_wconf 95' lang='lat' dir='ltr'><strong> </strong></span> 
     </span>
    </p>
   </div>
  </div>
 </body>
</html>
