2726 4560
567 325 614 390 XI

192 556 297 625 Quaer.
316 559 356 609 1⁰:
382 555 437 611 Gur
461 553 536 608 Deus
566 570 587 610 a
613 553 729 624 Josephi
754 553 964 612 tribulationem
987 575 1050 628 per·
1080 508 1132 548 m

244 638 356 694 miserit
408 676 1049 698 ............
1082 643 1133 700 389

192 720 298 789 Quaer.
314 723 359 776 2⁰:
383 721 440 776 Gur
463 721 539 774 Deus
562 738 582 775 1.
600 719 753 789 Josephum
777 720 927 776 certiorem
951 722 1051 780 fecerit

242 803 329 872 idque
346 802 475 873 angelica
490 802 661 857 revelatione
696 843 1050 862 .......
1082 807 1132 863 389

57 917 121 987 Gap.
141 917 183 974 11.
218 919 266 974 De
292 915 567 972 circumstantiis
594 913 826 972 Visitationis
848 918 875 974 b.
897 918 1050 989 Virginis
1082 923 1131 978 391

190 1000 260 1070 51.
295 1001 337 1055 De
355 1001 444 1054 causis
461 999 540 1068 hujus
558 998 734 1055 Visitationis
756 1039 1049 1059 ......
1081 1005 1131 1060 391

192 1083 271 1138 Sent.
290 1083 319 1137 1:
344 1082 376 1138 Β,
402 1082 490 1150 Virgo
516 1081 703 1150 experiendae
733 1097 766 1135 ao
796 1083 958 1150 probandae
983 1085 1049 1142 fidei

243 1182 329 1220 causa
345 1165 398 1219 hoc
414 1165 469 1218 iter
486 1164 608 1219 instituit
639 1205 1050 1224 ........
1083 1170 1132 1225 392

190 1248 271 1304 Sene.
289 1248 329 1303 11:
354 1247 385 1302 Β.
401 1247 489 1315 Virgo
506 1263 541 1299 ex
559 1247 672 1313 speciali
690 1247 809 1315 Spiritus
825 1264 845 1303 s.
863 1249 998 1305 instinctu
1013 1249 1050 1305 ad

241 1329 452 1384 inserviendum
470 1346 490 1384 s.
508 1329 688 1384 Elisabethae
705 1329 759 1383 hoc
777 1331 833 1384 iter
849 1331 992 1400 suscepit.
1044 1373 1050 1388 .
1082 1331 1133 1387 394

189 1417 214 1478 5.
234 1416 261 1466 2.
295 1413 335 1466 De
353 1413 487 1466 comitatu
503 1412 530 1465 b.
549 1411 674 1480 Virginis
691 1452 1048 1469 .......
1082 1415 1133 1470 395

191 1496 274 1551 Sent.
292 1496 304 1549 1
310 1512 318 1550 t
343 1495 369 1550 S.
387 1495 492 1564 Joseph
508 1495 537 1549 b.
554 1494 698 1564 Virginem
716 1495 863 1549 comitatus
881 1500 922 1549 est
985 1537 991 1550 .
1042 1536 1050 1551 .
1082 1496 1133 1552 396

190 1577 332 1633 Sentii:
357 1577 802 1647 S.Josephnonfuitcomesb.
821 1578 946 1647 Virginis
985 1620 992 1633 .
1043 1617 1052 1634 .
1082 1581 1133 1635 398

191 1660 216 1729 5.
234 1661 262 1716 3.
294 1660 336 1714 De
353 1661 488 1730 temporis
504 1661 607 1730 spatio,
633 1678 687 1728 qua
711 1660 739 1715 b.
756 1661 844 1730 Virgo
861 1661 891 1713 in
908 1677 931 1714 s.
946 1659 1049 1715 Zacha-

243 1744 304 1796 riae
322 1743 404 1798 domo
420 1745 576 1813 perstiterit
640 1783 1049 1800 ........
1082 1747 1134 1801 400

192 1827 273 1881 Sent.
292 1826 315 1882 1:
342 1828 373 1881 Β.
394 1827 480 1896 Virgo
497 1832 561 1882 ante
578 1845 599 1881 s.
616 1827 732 1882 Joannis
749 1827 923 1882 nativitatem
941 1827 1049 1883 rediit.
1083 1829 1131 1884 401

192 1909 274 1966 Sent
292 1910 332 1966 11:
358 1910 388 1964 Β.
405 1910 493 1978 Virgo
517 1914 582 1980 post
598 1910 774 1963 nativitatem
792 1926 813 1964 s.
830 1909 947 1963 ioannis
964 1909 1051 1964 rediit
1082 1911 1133 1965 403

192 1993 217 2061 5.
235 1993 263 2047 4.
297 1992 337 2046 De
353 1993 432 2058 urbe,
450 2009 532 2060 quam
551 2010 571 2047 1.
589 1992 735 2046 Zacharias
752 1996 879 2072 tempore
896 1990 1050 2046 nativitatis

244 2093 267 2129 s.
284 2076 401 2130 Joannis
417 2075 568 2130 incoluerit
639 2113 1048 2130 ........
1082 2077 1132 2130 407

495 2306 621 2391 Sento
646 2307 691 2388 ll.

67 2461 98 2508 ne
109 2475 129 2510 1.
139 2467 280 2521 neiparee
292 2470 475 2516 maternitate
488 2433 640 2526 conjuncte
653 2479 718 2514 oum
731 2470 936 2524 uirginitate.
985 2493 993 2510 ·
1043 2497 1050 2512 .
1083 2457 1134 2510 414

67 2564 131 2635 Gap.
153 2568 174 2624 1.
215 2570 267 2624 De
293 2569 558 2627 Maternitatis
583 2572 775 2627 Marianae
799 2571 982 2626 realitate
1043 2573 1134 2628 .418
1227 2643 1229 2648 Ι

66 2680 131 2753 Cap.
153 2685 195 2741 11.
238 2687 288 2740 De
315 2687 507 2756 dignitate
535 2687 666 2740 Matris
691 2686 756 2740 Dei
815 2727 1051 2742 .....
1084 2689 1133 2743 427

194 2769 262 2840 51.
296 2769 423 2838 Dignitas
440 2769 539 2823 Matris
557 2769 663 2824 Mariae
681 2770 806 2824 absolute
825 2774 935 2839 sumpta
984 2811 992 2826 .
1042 2812 1049 2827 .
1083 2772 1132 2825 427

194 2852 223 2919 5.
241 2856 265 2906 2.
298 2851 426 2921 Dignitas
445 2852 543 2905 Matris
561 2852 678 2906 relative
696 2851 871 2906 considerata
929 2892 935 2906 .
986 2893 993 2907 .
1044 2893 1051 2909 .
1084 2854 1133 2908 437

194 2935 297 3002 Quaer.
315 2935 355 2989 1⁰:
381 2935 481 2989 Utrum
506 2935 695 2990 Maternitatis
721 2934 845 3004 dignitas
869 2934 1050 3004 inadsequats

248 3020 358 3085 sumpta
375 3035 470 3071 omnes
488 3019 556 3071 alias
575 3018 726 3086 dignitates
743 3022 880 3086 superet.
928 3059 935 3071 .
986 3059 992 3072 .
1043 3059 1050 3074 .
1083 3019 1132 3073 441

196 3100 296 3167 Quaen.
313 3103 356 3154 2⁰:
384 3100 484 3154 Utrum
501 3100 572 3153 haec
589 3100 711 3168 dignitas
728 3101 817 3168 possit
834 3100 892 3153 dici
908 3099 1018 3154 infinita
1044 3142 1050 3155 .
1083 3101 1134 3156 443

199 3183 300 3251 Quaer.
316 3187 358 3236 3⁰:
385 3183 483 3238 Utrum
509 3201 530 3237 s.
547 3185 637 3240 Maria
662 3184 750 3252 pluria
775 3183 888 3248 iecerit,
912 3199 972 3236 esse
990 3183 1050 3238 Vir·

247 3267 342 3335 ginem
361 3266 420 3320 Deo
438 3267 568 3333 dicatam,
586 3283 668 3335 quam
686 3285 745 3320 esse
763 3267 883 3320 Matrem
901 3266 993 3320 Dei.
1043 3307 1050 3321 .
1083 3269 1134 3324 446

71 3373 133 3445 Cap.
151 3379 212 3435 111.
245 3382 295 3436 De
317 3400 338 3436 s
356 3382 540 3451 Deiparae
563 3385 696 3438 merito
717 3385 842 3437 relate
863 3380 1050 3484 adMater·

246 3467 409 3518 nitatem
468 3503 1052 3521 ...........
1084 3467 1134 3521 449

197 3547 262 3614 51.
300 3548 331 3602 Β.
351 3548 438 3616 Virgo
455 3550 663 3603 maternitatem
680 3548 803 3604 divinam
820 3563 877 3601 non
894 3547 997 3602 meruit
1015 3549 1049 3602 de

248 3630 389 3700 condigno
408 3669 880 3686 .........
924 3661 935 3684 ι.
986 3671 993 3684 .
1045 3670 1051 3684 .
1084 3631 1132 3686 451

198 3715 223 3781 5.
239 3719 262 3770 2.
290 3715 320 3769 Β.
335 3715 422 3781 Virgo
440 3715 593 3769 certissime
611 3715 713 3769 meruit
731 3713 935 3782 dispositiones,
953 3713 1052 3782 quibua

248 3814 372 3867 congrue
388 3795 469 3850 fieret
486 3797 578 3851 Mater
596 3797 646 3851 Dei
714 3838 720 3851 .
771 3835 779 3851 .
812 3837 821 3851 .
871 3834 880 3850 .
1045 3796 1135 3850 ,454

199 3879 223 3947 5.
240 3880 264 3935 3.
299 3881 329 3934 Β.
346 3880 435 3949 Virgo
452 3881 622 3949 probabilius
640 3879 742 3936 meruit
759 3880 794 3934 de
811 3895 937 3948 congruo
953 3879 1051 3934 stricto

250 3962 460 4018 Maternitatem
478 3964 601 4018 divinam
661 4002 1051 4018 ........
1084 3961 1134 4017 457
