2726 4560
543 379 659 436 51Ι

38 536 259 616 pretiosissimo
279 535 401 600 Christi
422 537 576 618 sanguine
598 558 669 602 eam
689 535 789 602 fuisse
810 539 1012 625 redemptam
1033 546 1098 611 ela·

37 636 144 702 nissime
160 643 264 718 patet.
298 635 438 718 Speciali
455 636 717 720 privilegiob.
730 637 829 719 Virgo
848 660 867 702 a
883 649 1016 722 peccato
1035 647 1097 728 orig

36 736 119 815 ginali
138 735 204 800 fuit
222 742 439 817 praeservata.
472 734 678 818 Privilegium
700 758 776 801 vero
794 737 913 804 liberat
931 741 971 804 eb
989 733 1096 824 onereg'

36 835 66 896 ed
83 834 170 917 quod
193 833 398 898 subeundum
417 834 641 917 privilegiatus
669 835 800 900 aliunde
825 842 896 901 eret
917 838 1095 922 obligatus3

37 939 72 997 est
98 934 185 998 enim
204 934 258 1015 jus
279 933 475 1014 particulare
504 941 618 998 contra
640 935 693 1017 jus
720 955 888 1000 commune
910 957 1097 1004 concessum

36 1030 204 1114 liberatque
222 1031 264 1095 ab
283 1053 388 1110 onere,
406 1032 448 1096 ad
466 1033 554 1115 quod
570 1033 767 1115 portandum
785 1033 916 1098 aliunde
935 1037 1097 1104 existebat

37 1129 185 1214 obligatio.
219 1131 269 1194 Ex
291 1151 329 1194 eo
352 1152 436 1214 ergo,
454 1132 540 1215 quod
562 1154 585 1196 s.
605 1132 748 1215 Deipara
767 1141 976 1215 praeservata
995 1135 1097 1203 fuerit

37 1229 154 1309 speciali
184 1229 369 1311 privilegio,
407 1251 477 1294 eam
509 1229 655 1294 debitum
688 1230 821 1313 aliquod
852 1232 895 1296 ad
925 1242 1096 1316 peccatum
1131 1249 1135 1258 ”

36 1325 170 1392 babuisse
190 1327 347 1410 originale
369 1329 523 1412 sequitur.

85 1457 110 1511 y.
145 1427 352 1492 Concordant
383 1448 520 1492 omnes
549 1427 706 1493 Patres.
756 1429 850 1494 Unde
878 1452 903 1494 s.
932 1432 1095 1498 Ambro-

37 1525 108 1591 sius
140 1526 270 1590 scribit:
285 1525 308 1606 ¹)
342 1523 429 1606 „Nee
457 1525 590 1603 mirum,
623 1527 651 1589 si
679 1526 836 1592 Dominus
867 1529 1094 1612 redempturus

37 1625 176 1689 nundum
205 1623 427 1706 operationem
460 1645 552 1689 suam
576 1625 740 1689 inchoavit
767 1647 787 1689 a
814 1625 936 1706 Matre,
969 1635 1008 1693 ut
1034 1651 1094 1712 per

37 1743 120 1803 quam
149 1723 236 1788 salus
270 1722 418 1788 omnibus'
445 1723 640 1806 parabatur,
673 1722 787 1788 eadem
813 1725 919 1807 prima
950 1725 1093 1791 fructum

37 1821 135 1886 salotis
154 1822 304 1886 hauriret
325 1843 364 1886 ex
381 1822 546 1904 pignore.“
581 1822 755 1904 „Indiguit
774 1823 881 1905 inquit
901 1825 1094 1908 perpulchre

38 1919 61 1980 d.
85 1920 340 2002 AnselmuS,²)
371 1921 402 1984 b.
432 1920 530 2002 Virgo
558 1920 779 2004 redemptione
808 1930 842 1986 et
871 1922 992 1998 Christi
1020 1946 1092 2008 pas·

38 2017 111 2082 sione
135 2041 200 2083 non
221 2024 357 2101 propter
378 2025 563 2100 peccatum,
593 2019 680 2102 qnod
700 2018 850 2099 infuerit,
881 2022 938 2086 sed
958 2030 1092 2106 propter

39 2125 201 2196 peccatum,
236 2117 323 2200 quod
348 2116 512 2196 infuisset,
544 2118 607 2182 nisi
636 2119 774 2200 ipsemet
802 2141 842 2184 ex
868 2121 1001 2203 speciali
1027 2123 1091 2204 pri·

39 2214 134 2298 vilegio
158 2238 231 2281 eam
252 2217 519 2299 praeservasset.“
563 2217 593 2282 S.
615 2216 885 2283 Bernardinus
907 2219 1091 2286 Senensis

40 2310 155 2394 letetur,
186 2315 274 2398 quod
296 2315 444 2380 Christus
470 2316 693 2398 principaliter
719 2316 826 2382 factus
855 2319 898 2382 sit
926 2319 1021 2386 homo
1049 2321 1091 2386 ad

41 2412 239 2478 redimendam
267 2414 298 2478 b.
326 2415 501 2496 Virginem.
545 2414 712 2495 „Christus
741 2416 911 2495 DominuS,
940 2418 1055 2502 inquit,
1065 2421 1092 2503 ³)

40 2509 97 2589 plns
115 2535 170 2596 pro
193 2514 223 2577 b.
238 2505 370 2595 Virgine
392 2512 580 2578 redimenda
600 2515 696 2592 venit,
720 2536 817 2597 quam
837 2537 896 2598 pro
919 2518 1006 2581 omni
1027 2519 1092 2584 alia

41 2617 183 2690 creature,
218 2613 314 2695 juxta
348 2611 430 2675 illud
464 2611 607 2676 Cantici:
648 2613 853 2693 „Vulnerasti
887 2637 943 2680 cor
973 2637 1089 2696 meum,

41 2727 113 2772 soror
140 2731 212 2774 mea
243 2732 374 2793 sponsa,
407 2710 585 2775 vulnerasti
617 2732 672 2775 cor
703 2714 839 2776 meum.“
888 2714 950 2779 Pro
981 2737 1090 2780 amore

41 2813 84 2870 too
103 2831 226 2876 samem
248 2806 385 2894 sn'mpsi,
416 2817 449 2875 et
469 2811 655 2874 vulneribus
676 2812 789 2894 primis
811 2813 844 2876 in
866 2835 959 2878 cruce
980 2816 1090 2880 vulne-

42 2908 104 2971 rasti
128 2931 182 2974 cor
209 2931 332 2988 meum;
361 2931 435 2974 nam
462 2910 676 2993 primogenita
698 2909 924 2994 Redemptoris
945 2913 1019 2977 Filii
1040 2914 1090 2979 sui

42 3003 102 3070 Jesn
120 3008 180 3075 fuit
200 3010 230 3074 b.
253 3010 382 3092 Virg0.“

88 3107 113 3170 b.
143 3109 345 3186 Debitum,
374 3108 444 3172 ab.
468 3106 631 3190 Virgine
660 3113 923 3188 contractum,
951 3109 1088 3176 fuitne

45 3208 236 3284 proximum
265 3214 333 3272 aut
361 3208 571 3272 remotum?

90 3307 236 3372 ductores
267 3306 397 3370 minime
429 3305 653 3386 consentiunt3
689 3306 835 3372 nonnulli
867 3307 967 3386 enim,
1003 3309 1089 3374 inter

46 3422 106 3482 qnos
124 3406 276 3488 suarem
298 3406 328 3471 b.
351 3404 515 3488 Virginem
540 3404 739 3470 contraxisse
761 3405 962 3471 contendunt
981 3408 1088 3489 proxi·

45 3520 113 3566 num
135 3505 258 3587 peccati
285 3504 444 3583 debitum3
474 3504 569 3586 juxta
589 3503 745 3586 plurimos
773 3524 848 3570 vero
876 3524 996 3588 eosque
1016 3527 1088 3589 gra·

46 3599 166 3668 vissimae
186 3603 390 3670 auctoritatis
411 3601 579 3685 theologos
590 3602 616 3684 5)

46 3696 69 3758 S.
85 3699 240 3785 Deipara
259 3723 333 3767 non
356 3701 566 3780 contraxit,
588 3701 667 3766 nisi
688 3701 865 3766 debitum
886 3709 1085 3769 remotum.

48 3846 215 3862 Ἢ-

99 3931 116 3996 1)
135 3931 165 3987 nn
184 3933 249 3989 nuc.
291 3931 859 4000 2)cnr.1)eushomolib.11.ep.10.
900 3935 920 3996 o
941 3932 1027 3990 serm.
1051 3933 1087 3989 oe
1167 3897 1168 3900 Ὺ

47 4008 153 4083 concept
169 4017 243 4086 Virg.
260 4033 302 4086 cp.
319 4021 343 4072 3.
376 4017 398 4084 4)
414 4016 456 4070 De
472 4031 549 4084 pecc.
563 4015 632 4085 orig.
648 4014 718 4085 disp.
735 4015 784 4083 lx,
801 4019 869 4072 sect.
886 4014 935 4152 lg.
967 4016 988 4084 ⁶)
1006 4016 1086 4073 Gard
1210 4031 1213 4038 ⁴
