2728 4560
564 311 624 372 261

69 474 113 538 vel
142 473 327 538 immediate
360 495 381 537 a
410 473 494 552 Deo,
523 479 700 555 antequam
729 471 991 558 desponsaretur
1009 473 1141 557 Joseph,

69 572 124 649 luit
144 572 418 638 certitudinaliter
439 572 570 638 edocta:
603 570 679 635 Noli
705 571 822 636 timere
841 572 989 654 accipere
1009 572 1141 656 Joseph,

69 673 162 736 virum
179 673 322 755 justum,
351 672 387 736 in
409 672 593 754 conjugem3
626 691 700 735 ecce
730 671 816 734 enim
838 671 980 753 Spiritus
1009 677 1142 737 sanctus

70 771 154 836 dabit
189 793 264 836 eum
300 770 364 835 tibi
401 769 569 835 custodem
606 776 640 834 et
675 775 795 834 testem
830 769 1045 853 virginitatis,
1085 771 1142 853 qni

70 875 166 934 tecum
182 869 256 952 pari
277 875 352 933 voto
375 869 542 933 contineat
564 875 598 933 et
615 868 650 932 in
671 868 783 932 multis
801 868 864 933 tibi
884 868 927 934 ad
944 869 1142 952 virginitatis

72 968 240 1034 custodiam
269 967 522 1050 congruentibus
551 967 781 1049 obsequatur.“
832 967 862 1032 S.
893 969 1037 1051 Deipara
1066 989 1141 1051 ergo

72 1089 126 1132 non
145 1068 260 1132 habuit
281 1066 467 1131 voluntates
490 1066 553 1131 sibi
573 1067 711 1131 invicem
731 1074 968 1149 repugnantes,
998 1067 1056 1132 sed
1077 1088 1143 1132 una

72 1168 235 1251 eademque
257 1151 407 1231 voluntas
426 1165 496 1229 Deo
516 1165 643 1229 omnino
662 1164 726 1229 fuit
745 1165 901 1248 subjecta.
934 1166 1143 1230 Admiramur
1262 1243 1263 1246 Ἴ

71 1267 99 1329 in
125 1267 154 1330 b.
182 1265 315 1349 Virgine
347 1263 638 1328 incontaminatam
669 1264 891 1347 virginitatem
923 1265 1022 1328 etiam
1054 1286 1143 1329 men·

71 1365 174 1444 talem,
204 1385 305 1448 quum
326 1362 463 1447 copulae
484 1369 595 1427 actum
615 1384 782 1446 nunquam
805 1363 1055 1442 desideraverit,
1085 1363 1142 1427 ad·

71 1465 212 1528 mnamur
229 1485 342 1528 verum
359 1462 603 1526 matrimonium
623 1462 658 1525 in
676 1469 791 1526 mutua
811 1462 989 1527 traditione
1008 1461 1143 1527 dominii

74 1563 252 1646 incorpora
274 1562 462 1628 consistens.
1233 1640 1235 1644 y

127 1668 152 1726 3.
184 1662 334 1727 Doctor
360 1660 574 1743 Angelious
603 1661 668 1725 alia
697 1660 804 1742 adhuc
830 1660 1020 1742 suppeditat
1048 1681 1143 1743 argu-

73 1768 185 1841 menta,
215 1783 255 1826 ex
288 1760 405 1843 quibus
437 1761 679 1824 matrimonium
707 1761 739 1824 b.
773 1760 915 1843 Virginis
946 1766 1021 1825 voto
1054 1759 1142 1824 illius

71 1860 243 1926 nullatenus
275 1880 458 1942 repugnare
490 1859 605 1924 elucet.
660 1860 798 1941 ,Forma
837 1859 1052 1938 matrimonii,
1093 1858 1142 1922 in·

73 1960 141 2040 quit,
151 1963 173 2043 ¹)
202 1959 353 2024 consistit
373 1959 407 2022 in
436 1959 577 2042 quadam
604 1959 796 2024 indivisibili
824 1959 1052 2041 conjunctione
1073 1959 1143 2023 ani-

73 2079 199 2137 morum,
232 2079 293 2142 per
325 2079 424 2141 quam
455 2080 539 2122 unus
568 2059 740 2142 conjugum
772 2057 1014 2123 indivisibiliter
1046 2059 1143 2123 alteri

73 2153 157 2226 fidem
186 2177 314 2222 servare
353 2158 515 2221 tenetur.“
569 2157 633 2222 Sed
668 2157 745 2222 talis
778 2153 960 2222 animorum
991 2159 1143 2241 conjunc·

73 2255 111 2320 tio
141 2259 237 2323 etiam
264 2279 338 2322 cum
365 2262 441 2320 voto
474 2257 670 2340 virginitatis
698 2245 875 2337 consistit}
896 2278 973 2321 nam
1004 2257 1031 2321 si
1058 2259 1142 2321 unus

76 2357 235 2440 conjugum
267 2356 365 2422 alteri
395 2355 494 2419 fidem
531 2377 597 2420 uon
635 2362 799 2434 servaret,
839 2362 991 2438 peccaret
1030 2361 1145 2420 contra

73 2453 220 2535 justitiam
249 2463 284 2522 et
305 2456 524 2521 committeret
552 2455 753 2520 adulterium
773 2462 905 2538 praeter
927 2455 1141 2538 sacrilegium,

74 2554 97 2616 si
119 2556 158 2620 ad
184 2557 371 2622 castitatem
400 2554 593 2619 servandam
624 2554 721 2618 simul
755 2561 830 2619 voto
864 2552 982 2618 fuisset
1009 2554 1140 2636 ligatus.

74 2651 303 2720 Matrimonium
338 2675 412 2719 cum
439 2659 514 2718 roto
543 2654 661 2718 initum
690 2674 766 2736 ergo
802 2653 898 2736 juxta
934 2675 958 2716 s.
987 2652 1144 2718 Thomam

75 2751 161 2833 valet,
199 2755 277 2837 quia
314 2750 554 2818 essentialia
591 2754 633 2818 ad
665 2754 908 2818 matrimonium
941 2753 1143 2835 pertinentia

75 2859 177 2917 servat.

126 2950 366 3016 Matrimonium
374 2953 400 3035 ²)
428 2973 526 3035 porro
549 2952 613 3017 duo
636 2952 730 3029 dicit,
761 2971 862 3015 unum
892 2949 933 3014 de
959 2948 1065 3014 forma
1085 2971 1143 3014 seu

75 3051 216 3130 essentia,
251 3071 316 3134 qua
348 3051 489 3133 speciem
521 3051 675 3129 sortitum
708 3049 850 3114 alterum
882 3047 922 3112 de
954 3049 1144 3131 operatione

74 3149 286 3232 contingenter
316 3169 352 3214 se
385 3149 528 3215 habente
560 3150 603 3214 ad
634 3149 773 3215 formam
805 3155 839 3213 et
869 3147 1069 3230 perducente
1101 3148 1144 3212 ad

73 3242 170 3326 finem,
199 3249 256 3332 qui
279 3254 330 3313 est
349 3249 460 3332 proles
482 3249 668 3334 generanda
691 3254 725 3313 et
747 3245 929 3325 educanda,
951 3247 1037 3311 circa
1059 3267 1143 3330 quae

73 3342 127 3409 duo
147 3354 257 3412 votum
278 3348 475 3431 virginitatis
504 3359 570 3412 non
598 3347 736 3430 impedit
756 3346 897 3430 primum
925 3367 983 3411 seu
1003 3345 1142 3411 formam

73 3445 279 3525 essentialem,
309 3447 368 3511 sed
388 3453 520 3512 tantum
541 3447 734 3526 secundum,
765 3444 853 3529 quod
875 3445 915 3509 de
944 3445 1144 3528 contingenti
1207 3479 1210 3486 ·

73 3542 224 3624 sehabet,
248 3546 325 3628 qnia
345 3567 412 3611 non
432 3545 570 3628 impedit
599 3546 862 3611 traditionem
886 3545 990 3627 juris
1019 3545 1053 3608 in
1075 3567 1144 3610 eor·
1244 3554 1248 3563 '

76 3700 259 3714 —————

128 3791 147 3858 ¹)
163 3789 217 3859 III,
239 3810 265 3861 p.
283 3810 309 3861 q.
327 3790 427 3860 XXIX,
448 3809 472 3847 a.
488 3795 513 3849 2.
555 3793 576 3859 ²)
594 3791 649 3847 Cir.
666 3789 718 3858 III,
740 3809 767 3861 p.
789 3809 814 3861 q.
834 3790 938 3857 XXIX,
961 3807 984 3846 a.
1007 3794 1031 3845 2.
1049 3791 1142 3847 Conel.

70 3867 162 3930 bened.
178 3873 254 3941 xlv,
279 3875 319 3929 De
344 3891 486 3928 servorum
510 3874 560 3929 Dei
585 3875 793 3929 beatificatione
816 3879 845 3927 et
866 3874 1009 3927 beatorum
1034 3875 1144 3928 eanoni-

72 3954 166 4011 satione
181 3957 229 4014 lib.
246 3955 297 4024 Ill,
314 3973 359 4028 op.
376 3955 479 4024 XXIV,
496 3957 520 4026 ξ.
538 3957 585 4024 lV,
603 3977 629 4014 n.
647 3961 687 4014 t7.
721 3957 867 4025 Sedlmayr
883 3955 915 4010 L.
934 3971 957 4011 c.
975 3964 1027 4013 art.
1045 3957 1120 4013 VIII.
