2728 4560
751 362 811 423 202

241 524 392 602 Hebraei,
414 529 526 606 patres
546 521 712 587 Ecclesiae
734 523 996 607 recentioresque
1020 523 1225 605 interpretes.
1264 522 1308 588 Jo

241 623 361 707 sephus
376 623 399 705 ¹)
429 621 574 686 oblatam
595 621 630 685 in
650 621 878 687 holocaustum
898 622 1042 705 puellam
1070 621 1204 700 asserit;
1235 621 1309 686 chal-

242 722 343 787 daeus
364 721 597 805 paraphrastes
625 720 827 786 immolatam
853 719 956 785 filiam
983 720 1167 785 inconsulto
1188 719 1309 784 Phineos

242 843 365 886 summo
406 819 574 884 sacerdote
612 819 788 884 contendit.
843 820 955 902 ,Dura
990 819 1180 902 promissio,
1217 819 1310 901 inquit

242 942 266 986 s.
289 918 528 996 Ambrosius,
540 918 565 1000 ²)
594 917 743 982 acerbior
771 918 906 997 solutio,
937 939 1035 1001 quam
1055 940 1188 984 necesse
1208 919 1310 983 habuit

241 1019 352 1101 lugere
374 1018 474 1083 etiam
495 1017 574 1100 ipse,
597 1016 653 1099 qui
675 1016 784 1080 fecit.“

303 1118 392 1182 Tunc
420 1116 577 1199 temporis
603 1137 700 1198 porro
723 1138 800 1180 usus
826 1115 1033 1198 propriorum
1058 1116 1309 1182 holocaustorum

241 1217 380 1300 vigebat,
399 1238 464 1280 non
482 1237 556 1280 vero
575 1215 685 1298 praxis
702 1214 820 1279 talium
837 1215 1047 1297 mysticarum
1064 1215 1310 1280 immolationum

241 1317 381 1380 maxime
402 1317 488 1380 inter
508 1315 659 1393 Judaeos,
683 1315 740 1398 qui
761 1336 801 1379 ex
822 1314 944 1378 semine
966 1335 1024 1379 suo
1046 1314 1200 1378 Messiam
1220 1315 1310 1378 nasci-

242 1422 353 1480 turum
384 1414 569 1498 sperabant.
624 1414 790 1491 Quomodo
824 1435 899 1496 ergo
931 1413 1065 1497 Jephte,
1102 1414 1152 1478 vir
1185 1415 1310 1497 spurius,

240 1513 336 1578 homo
359 1514 519 1592 militaris,
549 1514 583 1577 in
605 1519 695 1578 terra
715 1513 822 1577 aliena
844 1513 1012 1591 educatus,
1036 1513 1075 1577 de
1097 1513 1159 1577 tali
1180 1515 1310 1596 cogitare

241 1613 352 1696 potuit
373 1613 636 1678 consecratione?
667 1613 814 1677 Victoria
834 1618 1004 1694 reportata
1031 1612 1163 1677 domum
1184 1614 1309 1688 rediens,

243 1712 360 1794 ,scidit
374 1712 567 1777 vestimenta
585 1733 653 1791 sua,
670 1734 770 1795 quum
784 1711 853 1775 filia
868 1711 1036 1794 unigenita
1053 1711 1117 1776 sibi
1135 1711 1309 1786 occurrerit,

243 1817 276 1876 et
297 1812 358 1876 ait:
392 1811 486 1894 „Heu
506 1833 567 1889 me,
589 1811 657 1876 fflia
677 1833 758 1889 mea,
781 1811 939 1893 decepisti
962 1832 1014 1875 me
1038 1811 1165 1894 etipsa
1187 1812 1311 1894 decepta

243 1931 277 1975 es
297 1959 303 1974 .
324 1959 331 1974 .
351 1911 380 1974 .“
423 1912 467 1976 At
487 1911 670 1975 nulla-erat
691 1911 777 1975 tanti
799 1910 920 1975 doloris
941 1911 1041 1990 ratio;
1064 1932 1138 1992 spes
1161 1911 1246 1975 enim
1265 1929 1311 1993 po·

242 2009 402 2074 steritatis
423 2016 603 2087 secuturae,
621 2016 733 2074 censet
747 2010 931 2074 Wouters
952 2008 973 2073 l.
991 2031 1027 2087 o,
1045 2030 1106 2092 per
1126 2008 1312 2092 metaphori-

243 2129 314 2172 cam
334 2106 421 2172 filiae
443 2109 720 2173 consecrationem
742 2108 880 2190 abrepta
900 2107 1032 2172 minime
1061 2114 1134 2172 erat
1155 2107 1311 2188 sufficiens,

132 2263 143 2294 ,Ι
242 2227 302 2289 per
322 2206 404 2270 alias
427 2208 513 2271 enim
534 2229 652 2273 uxores
681 2208 721 2272 de
743 2208 929 2290 desiderata
949 2207 1145 2290 posteritate
1167 2207 1229 2272 sibi
1249 2226 1313 2290 pro·

241 2305 351 2369 videre
379 2312 511 2388 poterat
538 2314 673 2390 propter
701 2306 957 2389 metaphoricam
988 2305 1075 2370 filiae
1108 2327 1187 2370 suae
1215 2312 1313 2370 uotam

241 2404 505 2469 immolationem.
549 2406 633 2488 Ergo
656 2405 802 2470 dolorem
822 2405 914 2469 illum
935 2405 1037 2469 sensit
1056 2411 1193 2487 propter
1212 2410 1313 2468 votnm

242 2503 340 2568 realis
361 2504 602 2570 immolationis.

307 2602 417 2684 ,Quae
445 2603 597 2669 feruntur
626 2604 666 2668 de
699 2603 942 2668 consecratione
973 2595 1060 2667 filiae
1093 2608 1193 2685 atque
1221 2599 1313 2683 ipsius

242 2701 285 2766 ad
312 2701 509 2767 coehhatum
537 2703 756 2781 abdicatione,
785 2701 1015 2766 animadvertit
1043 2701 1212 2779 Calmet,
1241 2699 1312 2762 haec

241 2800 337 2864 nobis
372 2801 414 2865 ad
445 2802 618 2868 arbitrium
649 2825 737 2868 mere
773 2803 959 2886 excogitata
993 2803 1187 2880 creduntur,
1222 2817 1314 2883 quum

242 2921 283 2964 ne
305 2900 441 2965 verbum
469 2903 601 2985 quidem
628 2903 662 2967 in
689 2904 759 2986 lege
788 2924 827 2968 ea
856 2903 896 2967 de
922 2924 959 2967 re
987 2907 1138 2966 occurrat
1157 2920 1259 2983 neque
1278 2917 1314 2961 ea

242 2998 441 3064 afferrantur
472 3009 694 3082 monumenta,
728 3023 812 3085 quae
844 3025 913 3067 rem
945 3008 1038 3066 extra
1069 2998 1314 3065 controversiam

241 3100 442 3182 posuerint.“
545 3159 550 3170 ,

304 3199 500 3264 Beatissimo
522 3201 621 3285 Virgo
647 3203 681 3266 in
704 3201 882 3267 emittendo
908 3199 1105 3283 virginitatis
1126 3203 1236 3263 votum
1253 3215 1315 3259 non

242 3298 349 3362 solum
371 3305 443 3364 erat
466 3299 572 3382 prima
596 3307 751 3384 tempore,
775 3301 953 3366 sedetiam
1323 3289 1327 3298 ⁴

305 3397 335 3462 h.
368 3398 474 3481 prima
501 3399 717 3483 dignitate3
744 3399 778 3464 in
797 3398 999 3483 perfectione
1021 3394 1107 3460 enim
1127 3391 1315 3480 virginitatis

242 3518 353 3562 omnes
374 3498 455 3562 alias
477 3505 612 3582 superat
632 3499 781 3581 virgines.
1186 3579 1191 3590 .

306 3595 390 3660 Hinc
418 3595 476 3660 illa
503 3596 829 3680 praeclarissima
856 3595 1056 3679 epitheta,
1086 3615 1171 3677 quae
1191 3587 1316 3658 maximi

189 3759 191 3763 .
243 3693 487 3778 doctissimique
510 3697 540 3760 ei
561 3696 784 3761 attribuerunt
804 3693 957 3777 theologi.
1001 3694 1030 3759 S.
1054 3691 1276 3757 Ambrosius
1289 3687 1314 3768 3)

244 3813 317 3858 eam
337 3800 432 3859 vocat
453 3795 649 3879 virginitatis
677 3795 880 3878 magistram,
909 3792 1070 3876 virginum
1098 3789 1314 3864 vexilliferum,

311 4010 330 4078 ι)
348 4010 442 4080 sntiq.
458 3993 507 4064 ut.
525 4013 541 4065 5
557 4026 599 4080 op.
616 3987 641 4066 i.
672 4009 696 4075 2)
714 4009 765 4066 or.
781 4013 806 4067 a
822 4025 865 4080 op.
885 4013 923 4065 12.
956 4009 977 4078 8)
995 4009 1054 4063 ua
1072 4007 1107 4063 oe
1124 4007 1211 4062 aaa
1226 4003 1300 4070 urg.
