2728 4560
549 371 610 431 223

57 534 184 598 veritatis
206 533 348 616 speciem
368 553 447 614 prae
469 553 503 596 se
525 530 649 610 ferant,
679 532 821 614 penitius
843 538 953 596 tamen
974 533 1122 618 inspecta

57 654 87 696 ao
101 633 276 714 ponderata
298 653 337 696 ea
358 631 389 694 vi
406 630 531 713 pollere
549 650 614 695 non
631 630 791 708 videntur,
811 636 849 695 ut
866 631 901 694 in
918 636 1122 718 paragrapho

57 731 189 813 sequenti
210 729 513 808 demonstrabimus.
547 728 654 806 Quare
672 729 869 812 persuadere
891 751 956 794 non
973 741 1121 814 possunt,

56 829 248 900 acommuni
274 829 438 893 sententia
466 848 657 892 consensum
685 827 879 910 implicitum
907 831 949 894 ad
971 833 1122 914 copulam

57 951 109 993 non
128 929 230 994 solum
252 950 293 993 ex
313 934 407 1010 parte
437 932 641 1006 contractuS,
670 928 727 992 sed
749 929 849 992 etiam
871 949 910 993 ex
931 937 1027 1014 parte
1048 955 1123 997 con-

55 1029 242 1094 trahentium
263 1019 467 1110 postulante,
490 1025 652 1090 recedere.
696 1026 879 1092 Statuimus
900 1051 976 1112 ergo
998 1031 1123 1097 thesin:

535 1217 568 1301 n.
590 1214 624 1282 a

57 1374 264 1440 Consensus
283 1369 508 1454 implicitus
524 1370 573 1434 ad
589 1370 908 1436 commixtionem
924 1375 1123 1442 carnalem

81 1480 155 1537 tum
182 1495 226 1537 ex
252 1476 368 1554 parte
396 1470 730 1548 contrahentium,
760 1492 875 1552 quum
903 1492 947 1534 ex
973 1481 1089 1555 parte

100 1577 329 1637 contractus
351 1569 531 1652 pertinet
551 1568 598 1634 ad
619 1569 794 1634 valorem
814 1571 1067 1638 matrimonii.

107 1720 188 1802 ,Qui
208 1719 370 1784 consentit
391 1718 425 1781 in
454 1716 504 1796 id,
534 1717 622 1800 quod
644 1716 862 1782 essentialiter
890 1719 1061 1785 ordinatur
1081 1723 1123 1787 ad

55 1819 193 1901 copulam
215 1817 387 1893 carnalem,
410 1815 519 1899 iuquit
538 1815 725 1894 Billuart,
737 1817 761 1897 ¹)
783 1817 946 1881 consentit
966 1818 1124 1902 implicite

55 1917 82 1980 in
100 1919 201 1998 illam3
230 1917 324 2000 atqui
351 1915 555 1980 consentiens
583 1915 617 1977 in
638 1914 882 1979 matrimonium
908 1919 1069 1984 consentit
1089 1920 1124 1982 in

54 2018 95 2096 id,
122 2017 208 2101 quod
239 2014 458 2081 essentialiter
486 2013 657 2078 ordinatur
684 2013 727 2077 ad
755 2013 913 2097 copulam.
961 2015 1126 2082 Probatur

54 2117 163 2181 minor:
193 2116 255 2193 Qui
276 2113 439 2178 consentit
459 2113 493 2176 in
521 2112 780 2190 matrimonium,
810 2112 993 2178 formaliter
1015 2121 1048 2180 et
1070 2107 1125 2179 ex-

54 2215 155 2296 plicite
180 2214 343 2280 consentit
371 2213 406 2276 iu
431 2212 484 2295 jus
513 2218 547 2276 et
568 2217 766 2294 potestatem
794 2211 837 2275 ad
858 2213 1007 2295 copulam
1036 2216 1124 2302 etin

55 2334 175 2379 causam
201 2313 306 2378 illius:
339 2312 397 2377 sed
422 2312 475 2394 jus
505 2309 724 2376 essentialiter
751 2309 922 2376 ordinatur
950 2313 992 2377 ad
1020 2337 1124 2394 nsum,

53 2415 191 2495 potentia
212 2414 254 2478 ad
276 2418 394 2491 actum,
417 2432 515 2476 causa
536 2411 579 2475 ad
600 2409 783 2475 effectum.“

106 2515 193 2579 Haec
210 2518 358 2596 potestas
379 2530 437 2574 seu
459 2508 616 2590 obligatio
638 2507 681 2572 ad
698 2508 849 2591 copulam
867 2509 988 2592 duplex
1008 2510 1126 2576 distin-

54 2613 169 2693 guitur:
198 2631 314 2693 nempe
343 2607 535 2673 radicalis
565 2629 622 2672 seu
649 2614 775 2672 remota
804 2613 837 2672 et
863 2609 1039 2674 actualis
1064 2617 1125 2674 seu

54 2712 199 2790 proxima.
237 2709 299 2773 Illa
319 2708 361 2772 ab
382 2707 453 2789 ipso
476 2706 675 2770 matrimonii
692 2704 820 2770 vinculo
844 2708 991 2789 separari
1010 2708 1126 2791 nequit

55 2816 83 2873 et
102 2810 142 2874 ab
172 2831 209 2875 eo
231 2808 359 2873 ratione
388 2805 589 2871 solummodo
619 2804 744 2884 differt,
777 2806 806 2869 si
834 2806 921 2871 enim
947 2806 1126 2871 dominium

55 2908 189 2990 corporis
220 2907 357 2972 alterius
388 2905 486 2970 alicui
517 2904 673 2984 traditur,
706 2904 782 2968 huic
814 2905 911 2970 alteri
942 2907 1125 2971 necessario

55 3012 84 3070 et
103 3006 362 3090 inseparabiliter
387 3005 474 3070 inest
493 3003 645 3068 radicalis
672 3003 828 3086 obligatio
855 3010 1006 3088 respectu
1027 3005 1126 3084 illius,

55 3105 101 3168 cui
122 3105 298 3170 dominium
319 3103 479 3169 traditum
508 3108 566 3167 est.
610 3102 757 3167 Actualis
786 3124 803 3168 e
832 3109 947 3168 contra
968 3103 1127 3186 obligatio

55 3211 100 3268 est
120 3205 318 3288 separabilis.
362 3202 535 3285 Colligitur
555 3202 635 3266 haec
657 3203 777 3266 veritas

113 3308 139 3367 1.
176 3325 215 3368 ex
247 3325 301 3382 eo,
337 3302 454 3385 quodsi
486 3300 638 3384 conjuges
669 3292 745 3383 post
776 3300 1020 3365 matrimonium
1052 3320 1128 3365 con·

54 3410 242 3468 summatum
273 3403 347 3486 pari
378 3422 536 3466 consensu
568 3399 803 3483 professionem
834 3398 972 3478 faciant,
1009 3405 1126 3462 neuter

55 3502 267 3566 actualiter
293 3501 336 3565 ad
357 3500 559 3566 reddendum
580 3498 727 3564 debitum
749 3499 911 3582 obligatus
934 3505 991 3576 est,
1014 3519 1128 3580 quam-

55 3619 149 3680 quam
162 3601 325 3666 vinculum
340 3598 539 3665 matrimonii
556 3597 729 3662 insolubile
745 3599 832 3663 inter
848 3619 902 3662 eos
917 3602 1058 3674 maneat,
1076 3596 1129 3660 uti

56 3716 92 3761 ex
112 3720 230 3764 canone
258 3700 315 3782 ,si
337 3700 408 3784 quis
430 3698 641 3781 conjugatus“
656 3697 786 3782 ,Synodi
813 3703 946 3762 octavae
969 3695 1127 3777 elucetz2)

55 3849 243 3862 -———-—.

118 3929 138 3996 ¹)
158 3931 198 3986 De
220 3933 330 4001 objecto
353 3947 502 3986 consensus
524 3930 696 3986 matrimonii
717 3933 769 3985 art.
786 3929 819 3986 V.
836 3928 913 3996 (tom.
932 3926 1015 3994 XIX.)
1055 3926 1076 3993 2)
1098 3925 1129 3981 C.

54 4011 84 4063 22
101 4012 130 4067 C.
148 4015 258 4083 xxvu,
275 4031 301 4084 q.
317 4017 342 4068 2.
