2782 4554
765 347 836 421 seo,
893 376 896 382 ·

252 521 421 587 decretum
452 520 514 586 hoc
549 519 589 584 de
623 520 760 586 colenda
790 520 852 584 hac
889 518 1071 586 festivitate
1103 543 1192 588 more
1227 522 1329 588 debito

252 641 384 705 quaqua
405 640 533 684 versum
559 619 708 702 potuerit
734 618 949 702 promulgari,
967 619 1167 691 ‚Bonifacins
1187 621 1245 686 lX.
1270 623 1329 704 ejus

252 740 420 785 successor
447 717 530 782 illud
551 717 730 800 publicavit
757 739 841 784 anno
870 739 970 801 supra
996 719 1130 785 citato.“
1172 720 1264 786 Haec
1287 721 1329 787 lo

252 841 354 898 annes
375 819 496 884 Pinius.

316 916 523 986 solemnitati
540 915 636 999 hujus
657 915 736 982 festi
753 916 984 999 propagandae
1006 917 1146 983 multum
1167 919 1329 985 inservisse

254 1017 391 1084 Concilii
422 1015 671 1080 Basileensis
704 1014 881 1094 decretum,
893 1015 917 1097 ¹)
950 1037 1014 1098 quo
1043 1014 1157 1082 fideles
1193 1018 1238 1083 ad
1264 1018 1330 1083 bea·
1371 1039 1372 1044 ¹

252 1117 400 1182 tissimae
421 1115 564 1198 Virginis
586 1113 711 1179 cultum
733 1114 956 1180 excitarentur
977 1136 1107 1198 quoque
1130 1116 1329 1182 visitationis

253 1215 443 1300 mysterium
463 1213 681 1296 pulcherrime
708 1213 946 1293 illustraretur,
975 1235 1071 1279 nemo
1094 1223 1160 1295 est,
1191 1217 1249 1300 qui
1269 1239 1330 1282 nes·

253 1316 329 1380 ciat.
373 1313 547 1396 „Decrevit
568 1311 716 1395 Synodus
746 1312 788 1376 ad
815 1312 971 1378 honorem
994 1312 1056 1378 Dei
1083 1314 1276 1396 Genitricis,
1302 1322 1331 1380 nt

219 1412 222 1417 ’
254 1420 330 1497 post
352 1413 484 1495 expleta
505 1410 766 1476 Resurrectionis
788 1411 995 1491 Dominicae,
1018 1411 1246 1494 Pentecostes,
1276 1414 1332 1498 glo

253 1513 359 1578 riosae
381 1511 560 1589 Trinitatis,
578 1510 731 1592 Corporis
751 1508 883 1590 Christi,
905 1510 1078 1576 beatorum
1097 1512 1236 1578 Joannis
1257 1514 1332 1597 Bap-

215 1599 220 1607 ’
254 1613 353 1678 tistae
375 1617 408 1676 et
429 1608 662 1692 Apostolorum
682 1606 772 1674 Petri
794 1615 829 1673 et
848 1607 944 1673 Pauli
965 1609 1135 1690 solemnia,
1165 1611 1332 1696 inquibus
1371 1621 1372 1654 ³

254 1710 404 1776 Ecclesia
442 1713 518 1792 post
559 1706 801 1772 solemnitatem
839 1707 1108 1774 Annuntiationis
1149 1710 1332 1788 dominicae,
1371 1701 1372 1706 ἵ

255 1831 354 1894 quam
382 1805 533 1891 praefata
560 1805 731 1884 Visitati0,
761 1806 919 1889 temporis
947 1806 1061 1872 ordine
1091 1808 1267 1874 confestim
1293 1831 1334 1875 se·

255 1909 435 1993 quebatur,
464 1912 516 1970 est
537 1911 713 1986 occupata,
744 1926 804 1987 per
833 1906 978 1988 singulas
1000 1906 1265 1973 Christianorum
1291 1930 1334 1974 ec·

254 2006 369 2072 clesias
392 2003 541 2088 quolibet
559 2025 643 2068 anno
663 2010 756 2068 sexto
772 2003 883 2070 Nonas
898 2005 980 2070 Julii
997 2003 1119 2071 festum
1134 2007 1335 2074 Visitationis

253 2105 416 2190 gloriosae
437 2103 581 2186 Virginis
603 2102 817 2168 celebretur.“

316 2204 416 2286 „Quis
436 2209 564 2268 tantam
584 2200 748 2266 laetitiam
768 2202 849 2266 satis
870 2203 997 2285 poterit
1018 2203 1213 2286 explicare“,
1243 2206 1335 2269 inter-

254 2311 372 2388 rogant
396 2309 509 2386 patres
529 2300 751 2379 Basileenses,
775 2301 847 2385 quis
869 2308 965 2367 tanta
991 2303 1149 2386 mysteria
1175 2302 1334 2387 condignis

252 2402 406 2468 laudibus
436 2406 656 2484 prosequatur
687 2401 761 2484 quis
794 2400 876 2467 haec
910 2402 1031 2484 gaudia
1060 2403 1261 2470 sufficienter
1288 2425 1334 2468 ex·

254 2508 371 2586 ponat,
404 2501 482 2566 dum
509 2500 652 2565 Joannes
684 2500 831 2565 nondum
863 2508 962 2566 natus
995 2502 1138 2582 exultat,
1172 2502 1334 2569 Elisabeth

254 2600 430 2666 adventum
447 2598 589 2682 Virginis
612 2599 817 2679 collaetatur,
840 2599 947 2665 Maria
968 2601 1003 2664 in
1023 2601 1189 2685 mysteriis
1210 2601 1331 2686 gaudet,

210 2695 214 2702 ’
254 2699 384 2765 clausus
405 2699 439 2762 in
455 2703 552 2762 utero
572 2697 724 2764 Salvator
741 2719 762 2762 a
779 2720 838 2764 suo
858 2700 1101 2782 recognoscitur
1118 2719 1331 2783 praecursore,

253 2798 423 2864 laetantur
442 2795 575 2880 Angeli‚
605 2797 733 2862 coelum
761 2803 795 2862 et
823 2804 914 2863 terra
941 2799 1179 2881 jucundantur,
1211 2807 1246 2864 et
1270 2805 1333 2864 tota

254 2897 397 2964 Trinitas
432 2897 522 2962 novis
553 2895 706 2961 laudibus
741 2896 965 2981 glorificatur?
1007 2897 1096 2962 Haec
1127 2899 1231 2982 igitur
1263 2919 1332 2981 gau·
1371 2963 1372 2968 ,

254 2996 385 3062 diorum
411 2994 602 3079 magnitudo
632 2995 828 3078 specialibus
855 3003 908 3062 est
936 2997 1123 3062 extollenda
1149 2997 1330 3081 praeconiis.
1371 2987 1372 3054 j

254 3096 344 3162 Haec
372 3095 591 3180 singularibus
623 3095 887 3161 solemnitatibus
916 3096 1128 3176 celebranda,
1157 3098 1193 3161 in
1223 3099 1331 3182 quaet

257 3196 441 3276 Dominum,
460 3194 518 3278 qui
539 3201 688 3275 gestatur
706 3195 740 3258 in
756 3201 862 3274 utero,
883 3201 917 3260 et
934 3196 1100 3278 virginem,
1118 3217 1203 3280 quae
1220 3200 1329 3280 portat

255 3302 289 3362 et
310 3295 466 3372 sterilem,
491 3315 576 3377 quae
598 3294 749 3378 concipit,
770 3299 804 3359 et
824 3315 1080 3378 praecursorem,
1103 3295 1160 3379 qui
1181 3295 1328 3369 visitatur,

257 3391 513 3460 condecentibus
533 3393 689 3477 prosequi
710 3392 865 3459 debemus
886 3392 1097 3463 honoribus.“

319 3493 424 3558 Nimis
445 3492 557 3574 inepte
584 3493 760 3558 acatholici
788 3501 823 3559 et
843 3494 932 3559 inter
958 3515 1013 3560 eos
1033 3494 1209 3576 praecipue
1231 3493 1329 3557 Dres-

256 3592 404 3674 serus2)
441 3612 481 3655 ex
507 3591 597 3656 hisce
624 3591 762 3656 Concilii
789 3592 986 3658 Basileensis
1015 3593 1122 3658 verbis
1148 3591 1328 3662 inferebant

256 3691 378 3757 festum
399 3689 607 3756 Visitationis
628 3691 669 3755 ab
691 3691 752 3756 hoc
775 3691 920 3757 Concilio
949 3692 1140 3776 primitus
1169 3689 1267 3755 fuisse
1286 3687 1329 3751 in·

256 3791 455 3855 stitutum.
499 3788 661 3871 ,Fallitur
680 3789 888 3855 Lutheranus
911 3791 1103 3868 DresseruS,
1134 3789 1241 3874 inquit
1267 3785 1328 3851 ideo

324 4000 343 4067 ¹)
361 4001 613 4059 Sammonion.
632 4018 704 4056 anno
716 4003 778 4057 1441
793 4002 897 4060 habita.
930 4004 951 4072 ²)
969 4004 1003 4059 ln
1019 4021 1068 4060 sno
1085 4004 1182 4060 libello
1198 4004 1233 4060 de
1244 3999 1328 4056 Fau«.
1371 4031 1372 4058 l
