2782 4554
489 349 549 409 489

108 529 207 574 arca
231 507 305 587 illa,
327 507 458 574 tabulas
478 507 560 592 legis
580 508 727 592 lapideas
749 509 927 590 continens,
947 508 1062 576 illaesa

83 609 218 674 abatur
255 629 448 693 summoque
479 609 514 674 in
544 609 667 674 honore
698 609 898 690 habebatur,
936 617 1061 694 quanto

82 731 110 773 u
135 708 212 773 hac
237 707 479 791 pretiosissima
496 708 645 774 decorari
662 707 805 774 debuisti
822 710 1059 793 praerogativa,

83 863 87 870 .
112 807 223 872 illam
255 809 377 874 veteris
405 809 596 874 testamenti
617 830 726 874 arcam
746 808 975 893 praefigurasti
1001 831 1061 876 nec

82 907 223 990 legem,
257 907 317 973 sed
343 908 451 991 ipsum
478 908 700 992 legislatorem
728 909 762 972 in
791 909 973 976 castissimo
1001 915 1060 974 tuo

82 1007 101 1070 a
124 1006 298 1088 utero?¹)

359 1229 361 1234 ·
476 1209 508 1292 s.
531 1204 565 1273 2.

93 1353 285 1432 Quando
317 1353 351 1422 b.
378 1351 506 1437 Virgo
537 1352 674 1418 fuerit
705 1359 931 1435 assumpta.

82 1501 223 1566 taliam
245 1501 309 1568 hac
338 1501 378 1567 de
406 1501 598 1585 quaestione
627 1507 762 1566 tenuere
784 1507 964 1584 tenentque
993 1499 1061 1584 opi·

82 1623 106 1664 r.
152 1601 310 1666 Fuerunt
331 1601 417 1666 enim

97 1700 158 1783 qui
196 1700 230 1763 b.
265 1699 432 1782 Virginem
467 1699 555 1782 ipso
591 1699 725 1764 obitus
761 1697 825 1763 die
860 1704 1062 1782 assumptam

102 1798 325 1878 asseruerint,
354 1821 454 1882 quum
475 1797 622 1864 Ecclesia
644 1798 757 1864 eodem
785 1799 838 1864 die
867 1804 902 1863 et
922 1799 1063 1863 Mortem

82 1899 209 1963 clebret
227 1905 262 1963 et
280 1897 552 1981 assumptionem.
581 1897 634 1962 Ita
649 1898 736 1962 inter
751 1897 833 1963 alios
850 1896 1061 1979 Gretserus.²)

97 1997 165 2061 Alii
193 1997 229 2062 id
257 1996 382 2062 factum
410 1996 512 2062 fuisse
539 2002 660 2079 putant
688 1995 752 2060 die
780 1996 822 2062 ab
851 1997 944 2062 obitu
972 2017 1062 2080 qua·

81 2097 200 2160 esimo
219 2095 285 2160 ie.
304 2095 356 2161 die
374 2099 471 2160 23111.
490 2095 699 2179 Septembris
717 2117 782 2178 quo
801 2096 854 2162 die
870 2096 1061 2161 advertente

81 2195 206 2277 neriol)
239 2185 284 2258 in'
301 2193 496 2280 quibusdam
524 2192 764 2278 martyrologiis
795 2200 946 2259 notatur:
985 2194 1062 2276 „Se-

81 2319 88 2357 1
123 2293 310 2377 Assumptio
346 2300 478 2359 sanotae
514 2293 638 2358 Mariae
670 2292 842 2376 Virginis.“
896 2292 1063 2376 Concepta
1168 2315 1171 2324 ·

81 2415 133 2458 ceo
153 2393 260 2477 opinio
285 2393 328 2460 ad
346 2391 816 2458 similitudinemAsoensionis
833 2391 912 2456 Jesu
930 2389 1061 2470 Christi,

81 2493 114 2556 ie
132 2492 376 2578 quadragesimo
395 2498 471 2576 post
488 2491 772 2558 Resurrectionem
794 2511 886 2556 suam
903 2489 1062 2573 gloriosus

81 2591 133 2656 ulit
158 2592 190 2656 in
218 2592 351 2657 coelum.
394 2591 516 2658 Verum
543 2614 609 2656 uon
637 2591 753 2657 eadem
773 2591 944 2673 utriusque
965 2589 1060 2654 ratio.

81 2691 209 2755 ssarium
230 2690 314 2756 enim
335 2696 394 2755 aut
415 2691 609 2756 conveniens
631 2696 712 2768 erat,
735 2688 900 2754 Christum
925 2687 968 2752 ad
988 2709 1062 2770 pro-

83 2811 130 2852 am
157 2811 244 2854 suam
264 2789 549 2855 Resurrectionem
578 2788 675 2853 etad
696 2787 858 2853 docendos
886 2786 1063 2869 discipulos

81 2889 189 2953 iamdiu
217 2895 289 2972 post
321 2909 392 2953 eam
423 2887 484 2953 hoo
516 2889 550 2952 in
581 2887 702 2952 mundo
735 2886 937 2970 corporalem
970 2907 1063 2950 suam

81 2989 146 3053 bere
164 2988 392 3072 praesentiam3
420 2988 608 3053 nullatenus
629 2994 739 3053 autem
768 2985 981 3051 conveniebat
1003 3006 1063 3050 neo

82 3109 127 3151 sse
154 3095 232 3167 erat,
259 3087 290 3152 b.
312 3087 455 3170 Virginis
483 3108 601 3170 corpus
622 3086 749 3152 tamdiu
770 3105 938 3151 remanere
959 3085 993 3148 in
1014 3105 1063 3149 se-

81 3209 113 3250 ro
133 3186 264 3252 clausum

81 3291 95 3348 l.
127 3285 155 3350 S.
183 3285 315 3368 Birgitta
349 3284 467 3364 refert,
505 3306 623 3368 corpus
654 3284 838 3349 Marianum
873 3304 943 3366 per
978 3281 1063 3348 dies

82 3383 215 3448 ndecim
233 3383 263 3448 in
281 3384 430 3466 sepulcro
448 3383 673 3468 permansisse.
708 3381 920 3465 „Quindecim
938 3381 1061 3462 diebus,

81 3483 127 3547 lat
151 3483 219 3564 ihil)
245 3482 273 3546 b.
297 3482 412 3567 Virgo,
442 3505 560 3566 corpus
587 3502 697 3546 meum
714 3481 820 3564 jacuit
840 3482 873 3544 in
903 3487 993 3546 terra
1014 3502 1063 3546 se-

84 3664 99 3730 ¹)
121 3665 185 3717 Alias
211 3663 325 3718 rationes
355 3663 462 3718 videbis
492 3665 522 3718 in
549 3663 595 3719 1v.
618 3663 782 3735 appendice.
828 3663 850 3729 Β)
876 3662 909 3716 ln
937 3661 986 3716 lib.
1012 3659 1063 3726 111,

81 3752 157 3802 ruent
182 3747 212 3801 od
233 3763 273 3818 op.
298 3747 330 3800 15
356 3745 470 3816 Georgii
498 3745 596 3801 codini
628 3745 663 3800 de
694 3745 800 3800 Officiis
833 3749 862 3799 et
892 3740 1064 3799 Officialibus

81 3830 116 3883 iae
130 3829 427 3897 Constantinopolitanae
444 3827 519 3896 apud
536 3828 733 3882 Kolveneriuro
752 3827 770 3882 l.
787 3844 812 3881 c.
829 3845 856 3896 p.
874 3825 910 3893 11,
927 3843 989 3896 pag.
1008 3825 1067 3882 119.

81 3939 92 3965 ..
110 3927 128 3966 o.
142 3929 165 3981 p.
179 3911 209 3978 ΙΙ,
228 3928 285 3981 pag.
304 3914 360 3968 120.
402 3912 424 3979 ⁴)
440 3910 503 3965 Lib.
521 3911 568 3977 Vl,
585 3912 710 3966 Revelat.
732 3927 775 3976 cp.
793 3912 837 3975 623
863 3908 913 3963 cir.
934 3908 983 3964 lib.
1001 3907 1064 3977 Vll,

86 3996 117 4048 26.
