2814 4548
576 313 635 374 639

71 475 101 534 et
125 470 338 536 Immaculata
367 471 587 554 Conceptione
616 472 696 551 siut,
730 472 818 538 inter
845 473 935 540 facta
964 475 1149 559 dogmatica

66 568 135 650 jure
154 571 271 636 merito
293 570 459 636 accenseri
479 577 626 652 possunt.

124 669 249 735 Idcirco
271 669 460 751 Assumptic
483 669 645 752 Deiparae
669 667 834 751 Corporea
857 693 930 736 cum
953 672 1149 737 Sanctorum

69 767 329 847 canonizatione,
360 769 411 832 vel
431 767 523 833 Petri
544 769 679 833 Romam
709 768 852 834 adventu
881 771 1066 852 comparari
1092 792 1148 835 ne·

68 868 151 948 quit;
189 868 310 951 quippe
343 866 431 949 quod
463 867 547 932 istae
583 867 740 932 veritates
777 867 820 932 ad
852 889 1013 934 summum
1045 870 1148 934 ecole-

67 966 213 1032 siasticae
249 965 457 1032 certitudinis
493 972 585 1044 sunt,
624 965 664 1030 de
702 967 821 1049 quibus
856 973 967 1032 tamen
1001 967 1149 1033 dubitari

67 1065 194 1130 minime
222 1071 348 1148 potest,
379 1065 458 1148 quin
486 1063 568 1129 fides
596 1064 870 1144 labefactaretnr3
900 1065 958 1130 illa
986 1087 1062 1132 vero
1093 1066 1148 1131 de·

66 1162 194 1229 finibilis
217 1164 257 1229 de
278 1163 342 1228 fide
364 1170 430 1241 est,
460 1163 538 1246 quia
566 1163 654 1228 inter
675 1162 765 1227 sacta
793 1162 978 1246 dogmatica
1000 1165 1149 1230 sensibus

66 1281 126 1326 non
147 1262 297 1345 subjecta
320 1268 520 1340 accensetur,
550 1268 651 1344 atque
673 1261 845 1327 traditioni
874 1262 1046 1328 divino-
1071 1285 1149 1347 apo-

66 1361 197 1427 stolicae
220 1362 410 1446 consignata
432 1367 491 1426 est.

122 1459 299 1526 Praeterea
338 1460 446 1542 magni
485 1460 642 1525 momenti
681 1466 732 1525 est
760 1459 1020 1524 animadvertere
1052 1460 1149 1542 juxta

65 1558 260 1623 ordinariam
292 1559 354 1623 Dei
391 1559 613 1624 oeconomiam
651 1559 775 1623 animas
810 1559 990 1642 justorum,
1029 1558 1148 1639 quibus

64 1657 150 1722 nulla
172 1657 316 1739 supersit
335 1664 546 1739 peccatorum
566 1679 673 1740 poena
693 1657 829 1736 luenda,
857 1657 945 1722 illico
966 1662 1043 1738 post
1063 1676 1148 1722 mor-

64 1759 128 1820 tem
160 1755 203 1820 ad
235 1756 422 1821 intuitivam
455 1757 515 1820 Dei
547 1756 705 1820 visionem
736 1756 883 1820 admitti:
918 1761 971 1820 ast
1002 1776 1068 1819 non
1099 1755 1149 1820 ita

64 1872 130 1920 esse
153 1854 194 1918 de
217 1854 417 1936 corporibus,
448 1875 532 1936 quae
554 1860 685 1919 tantum
706 1855 741 1918 in
761 1855 935 1919 novissimo
954 1853 1071 1936 judicii
1095 1853 1148 1918 die

63 1953 262 2036 evigilabunt
281 1958 515 2036 resumptoque
538 1954 663 2035 Spiritu
686 1953 794 2018 divino
816 1953 939 2019 intuitu
961 1952 1122 2017 fruentur.

120 2052 163 2116 Π.
202 2051 317 2135 Neque
353 2051 611 2133 locupletissima
650 2074 691 2116 ss.
729 2051 865 2116 Patrum
901 2051 1092 2116 testimonia
1128 2072 1148 2115 a

61 2156 188 2216 remota
214 2156 326 2216 aetate
358 2150 401 2214 ad
429 2150 656 2214 duodecimum
688 2170 792 2232 usque
822 2149 989 2214 saeculum
1021 2149 1148 2215 deside-

61 2255 185 2326 rantur,
209 2248 338 2331 quinti
360 2255 462 2314 testes
488 2248 615 2313 divinae
638 2249 847 2314 revelationis
869 2249 952 2313 hano
974 2249 1149 2314 veritatem

60 2352 281 2429 propugnant,
311 2354 411 2430 atque
439 2347 473 2410 in
500 2347 665 2411 nonnullis
688 2348 882 2412 Sanctarum
905 2348 1150 2430 Scripturarum

60 2445 202 2511 oraculis
238 2446 339 2510 etiarn
372 2446 534 2510 insinuari
567 2452 750 2510 antumant.
804 2446 1037 2530 Antiquiornm
1071 2468 1147 2512 vero

59 2543 195 2610 Patrum
226 2544 409 2623 silentium,
444 2544 533 2627 quod
564 2546 608 2610 ad
639 2566 802 2610 summurn
837 2551 889 2610 est
920 2552 1149 2628 argumentum

58 2644 255 2727 negativum,
278 2665 298 2708 a
318 2644 538 2726 posteriorum
565 2651 713 2710 aetatum
734 2644 888 2709 Patribus
910 2644 1040 2709 abunde
1062 2666 1148 2712 com-

58 2749 228 2824 pensatur.

118 2841 179 2906 111.
212 2840 280 2905 Neo
309 2841 536 2924 theologorum
566 2841 723 2924 suffragia
751 2863 772 2906 a
799 2842 992 2908 duodecimo
1021 2842 1063 2908 ad
1090 2865 1148 2908 uo·

58 2947 165 3005 strum
196 2961 300 3023 usque
332 2961 448 3004 aevum
484 2939 620 3019 desunt,
659 2940 716 3022 qui
750 2961 809 3022 pro
842 2941 928 3006 virili
960 2961 1020 3006 sua
1052 2947 1148 3024 parte

57 3039 143 3106 hanc
166 3039 338 3104 veritatem
359 3045 577 3121 propugnant.

119 3141 176 3206 IV.
215 3140 277 3205 Pro
306 3140 362 3223 pia
392 3141 557 3205 sententia
585 3139 776 3222 gravissima
805 3158 943 3221 quoque.
963 3137 1149 3220 theologica

57 3241 205 3306 militant
225 3244 399 3317 momenta,
429 3259 514 3321 quae
535 3259 652 3320 nempe
673 3260 694 3304 a
715 3237 834 3303 Divina
854 3236 1060 3319 potissimum
1081 3256 1149 3301 ma·

57 3339 219 3405 ternitate
241 3337 465 3404 desumuntur.
510 3337 545 3403 Si
573 3337 660 3402 enim
682 3335 805 3401 Christi
827 3355 903 3400 caro
925 3355 1000 3399 caro
1023 3333 1148 3398 Mariae

57 3445 124 3519 est,
158 3443 258 3521 prout
284 3437 341 3501 ille
370 3437 614 3520 corruptionem
642 3437 775 3501 minime
803 3435 900 3513 vidit,
933 3435 982 3499 ita
1010 3440 1045 3498 et
1072 3434 1146 3498 ista.

55 3537 275 3604 lmaculata
312 3537 446 3619 insuper
484 3537 661 3620 Conceptio
700 3536 765 3601 huo
804 3536 904 3600 etiam
942 3534 1152 3617 potissimum

56 3642 197 3721 spectat.
242 3635 277 3702 Si
298 3636 385 3700 enim
406 3658 426 3702 a
447 3637 522 3702 labe
544 3636 673 3719 peccati
693 3634 759 3701 fuit
780 3635 949 3713 immunis,
979 3635 1027 3698 ita
1048 3633 1150 3698 etiam

55 3738 98 3802 ab
129 3734 275 3818 ejusdem
296 3736 426 3818 peccati
450 3757 558 3820 poena
586 3735 727 3819 ideoque
756 3757 776 3800 a
805 3734 1014 3817 corruptione
1041 3732 1149 3796 camis

54 3835 213 3900 immunis
243 3855 313 3900 esso
343 3834 466 3900 debuit.
516 3835 631 3900 Multis
664 3835 805 3918 denique
838 3834 911 3899 aliis
941 3832 1068 3898 omissis
1097 3853 1149 3896 ar·

55 3934 239 4018 gumentis,
269 3954 370 4017 quum
398 3955 439 4000 ss.
461 3934 561 4018 Virgo
583 3933 783 4016 Angelorum
804 3934 848 3999 sit
869 3933 1010 4017 Regina,
1038 3931 1148 3996 inccn-
