2728 4560
749 359 810 420 270

235 525 333 600 natus
354 539 443 582 mare
465 517 660 584 latissimum
681 519 855 602 producat,
885 521 982 584 stella
1002 522 1112 604 pariat
1133 523 1235 600 solem,
1253 545 1300 588 vas

237 617 388 683 conficiat
410 639 504 680 suum
525 615 668 698 figulum,
700 617 814 682 domus
837 641 931 683 suum
953 619 1169 684 architectum
1188 622 1299 700 condat,

237 724 385 782 centrum
413 722 519 780 totam
550 715 723 798 sphaeram
752 718 901 796 claudat,
945 725 1105 802 punctum
1136 721 1301 785 universum

237 816 349 882 orbem
370 815 532 880 includat:
565 815 647 880 haec
668 837 751 881 nova
772 839 904 900 magna,
933 840 1051 902 magna
1072 819 1155 884 adeo
1176 828 1252 898 sunt,
1271 827 1302 884 ut

236 916 294 980 illa
315 916 452 998 antiqua
483 936 600 997 magna
628 937 744 998 magno
767 916 939 981 intervallo
962 917 1003 981 ab
1025 917 1077 981 his
1100 919 1302 1000 separentur.“

300 1037 325 1078 c.
362 1013 582 1095 Sapientia.

302 1143 331 1178 a.
363 1113 556 1195 Mysterium
574 1112 823 1191 Incarnationis
846 1135 947 1197 quum
968 1114 1011 1178 sit
1032 1115 1136 1196 totius
1158 1116 1302 1198 religionis

237 1215 435 1280 christianae
473 1219 621 1277 centrum
658 1235 696 1276 ac
733 1212 998 1292 fundamentum,
1040 1235 1078 1278 eo
1116 1216 1210 1280 modo
1243 1235 1303 1296 per·

237 1320 391 1398 ageretur
420 1333 552 1376 necesse
585 1317 672 1389 1111,
709 1334 772 1395 quo
806 1333 916 1377 omnes
947 1313 1190 1378 haereticorum
1219 1320 1248 1378 et
1265 1314 1303 1376 in·

238 1411 445 1477 credulorum
480 1410 611 1492 spuriae
642 1397 739 1493 hujus
775 1410 935 1493 dogmatis
972 1412 1205 1493 explicationes
1234 1433 1303 1476 rese·

237 1516 400 1575 carentur.
451 1509 515 1574 Sed
545 1507 690 1572 medium
721 1509 764 1572 ad
795 1508 896 1573 talem
928 1511 1193 1592 consequendum
1222 1510 1302 1574 finem

238 1608 516 1692 sapientissimum
544 1607 614 1671 sine
643 1607 742 1671 dubio
773 1613 844 1672 erat
864 1607 918 1671 hic
946 1607 1061 1672 modus
1083 1609 1303 1674 lncarnationis

238 1731 259 1774 a
281 1709 350 1773 Deo
377 1708 510 1772 electus.
554 1707 660 1784 Quare
688 1707 803 1770 scribit
830 1728 854 1769 s.
877 1706 1126 1788 Augustinus
1155 1708 1198 1772 ad
1223 1707 1304 1772 Volu-

238 1809 381 1873 sianum:
396 1808 421 1890 l)
463 1807 519 1888 ,Si
561 1806 765 1887 omnipotens
804 1805 892 1869 Deus
932 1805 1097 1869 hominem
1137 1805 1303 1887 ubicunque

237 1908 415 1972 formatum
435 1927 501 1970 non
523 1926 563 1968 ex
583 1910 731 1969 materno
753 1910 848 1968 utero
871 1911 1006 1981 crearet,
1035 1904 1094 1967 sed
1116 1905 1304 1987 repentinum

238 2006 377 2071 inferret
397 2004 598 2087 aspectibus,
629 2024 735 2067 nonne
757 2003 944 2084 opinionem
964 2001 1172 2068 confirmaret
1194 2003 1303 2078 erroris,

238 2126 298 2169 nec
319 2103 483 2168 hominem
503 2124 616 2167 rerum
638 2102 817 2185 suscepisse
838 2101 1024 2166 ullomodo
1047 2103 1252 2168 crederetur?
1279 2105 1305 2164 et

240 2202 318 2266 dum
339 2202 447 2266 omnia
467 2201 663 2266 mirabiliter
683 2200 777 2278 facit,
807 2201 931 2279 aufert,
960 2201 1048 2283 quod
1068 2201 1305 2266 misericorditer

238 2302 327 2367 fecit.
370 2300 466 2365 Nunc
492 2322 567 2364 vero
596 2301 651 2364 ille
672 2301 759 2365 inter
781 2301 886 2365 Deum
915 2307 948 2366 et
970 2300 1135 2365 hominem
1161 2303 1305 2366 mediator

239 2400 409 2484 apparuit,
449 2407 488 2464 ut
524 2401 557 2464 in
596 2401 725 2481 unitate
761 2421 918 2483 personae
956 2399 1113 2483 copulans
1150 2407 1304 2482 utramque

238 2505 392 2564 naturam
413 2499 511 2564 solita
532 2499 725 2564 sublimaret
744 2500 884 2564 insolitis
914 2506 947 2564 et
967 2498 1102 2564 insolita
1123 2501 1305 2583 temperaret

240 2598 377 2664 1111111.α
1312 2669 1314 2676 ,

302 2703 332 2781 β.
372 2697 510 2762 11111111
542 2697 710 2779 Sapientia
742 2697 850 2761 divina
881 2697 916 2760 in
947 2697 1008 2761 hoc
1039 2698 1210 2780 mysterio,
1243 2694 1305 2778 quia

120 2839 123 2844 -
237 2804 312 2863 tota
332 2796 529 2861 nobilitatur
555 2801 674 2860 natura
694 2796 844 2860 humana.
888 2795 1057 2878 „Hominis
1078 2796 1243 2873 liberatio,
1268 2794 1306 2856 in·

240 2898 313 2981 quit
334 2919 368 2975 s.¹
381 2895 637 2979 Augustinus,
648 2896 673 2978 2)
700 2896 735 2958 in
756 2902 895 2978 utroque
918 2916 997 2959 sexu
1019 2895 1134 2960 debuit
1155 2911 1305 2978 apparere.

239 2998 324 3080 Ergo
347 2996 425 3079 quia
445 2996 550 3060 virum
579 2995 754 3077 oportebat
775 2995 953 3077 suscipere,
984 2995 1040 3078 qui
1068 3016 1164 3059 sexus
1184 2995 1305 3058 honora-

239 3096 337 3160 bilior
359 3101 424 3173 est,
454 3095 646 3159 conveniens
669 3101 755 3172 erat,
777 3101 816 3158 ut
835 3093 989 3159 foeminei
1011 3116 1107 3159 sexus
1129 3090 1304 3159 deliberatio

238 3194 315 3258 hinc
337 3199 519 3276 appareret,
543 3194 631 3275 quod
651 3193 706 3258 ille
727 3194 778 3257 vir
799 3193 839 3257 de
860 3193 983 3258 femina
1003 3200 1100 3258 natus
1127 3195 1206 3260 est.‘'‘
1246 3189 1306 3255 Non

239 3299 369 3376 partem
400 3292 519 3357 liberat
551 3293 656 3372 Deus,
690 3292 749 3357 sed
779 3299 895 3358 totum.
948 3293 1067 3358 Totum
1099 3300 1209 3358 autem
1238 3291 1256 3354 i.
1284 3307 1305 3350 e.

239 3397 415 3475 utrumque
444 3413 556 3456 sexum
583 3414 603 3456 a
631 3413 665 3456 se
692 3391 827 3457 liberari
854 3393 904 3456 ita
932 3392 1100 3456 commode
1127 3389 1305 3456 testificatus

241 3495 299 3568 est,
323 3490 357 3554 in
379 3490 483 3555 altero
506 3491 546 3555 de
568 3491 673 3556 altero
695 3491 867 3556 nascendo.
911 3491 1019 3569 Quare
1041 3492 1142 3556 etiam
1163 3491 1305 3554 Ferrar-

241 3588 311 3652 dus
329 3589 542 3654 Diaconus:
553 3591 578 3672 3)
601 3590 669 3672 ,Ut
684 3591 733 3654 vir
749 3612 789 3655 ex
805 3589 951 3669 muliere,
964 3591 1079 3673 inquit,
1094 3590 1304 3671 redempturus

308 3836 328 3904 1)
345 3836 437 3906 upra,
455 3836 619 3901 11111111,
637 3838 703 3892 aas
722 3837 772 3893 111.
805 3839 826 3901 2)
844 3838 1020 3905 1111111.
1038 3839 1083 3905 aa
1102 3838 1157 3893 cfr.
1175 3838 1207 3892 o.
1224 3813 1303 3889 rum.

240 3918 291 3982 111,
311 3939 336 3989 p.
354 3937 379 3988 q.
397 3920 497 3987 XXXI,
516 3926 567 3976 art.
585 3921 633 3976 lv.
668 3921 688 3988 ³)
706 3921 797 3990 Epist.
816 3921 877 3988 Vll,
895 3940 922 3976 n.
937 3924 976 3976 12.
1002 3921 1098 3990 Migne
1117 3921 1175 3975 Pat.
1192 3921 1236 3974 lat.
1252 3921 1303 3970 ton.

241 4001 355 4069 1111111,
374 4003 425 4058 001.
442 4004 499 4059 111.
