2782 4554
758 360 819 419 576

243 521 343 604 eligat
374 519 511 603 signum.
566 520 670 603 Saepe
708 519 838 602 saepius
876 520 1008 602 quidem
1041 522 1129 588 Deus
1168 528 1331 591 concessit
1383 543 1384 596 l

243 620 335 703 signa
372 625 592 703 operatusque
622 626 673 684 est
702 618 862 683 miracula
896 620 939 684 ad
975 619 1161 704 legatorum
1196 645 1330 689 suorum

242 718 342 783 fidem
370 718 543 783 certiorem
571 716 772 781 reddendam
800 716 851 782 vel
879 718 922 783 ad
949 719 1193 786 incredulorum
1223 722 1330 789 devin-

244 820 380 884 cendam
408 817 632 901 pertinaciam.
683 816 783 900 Cujus
812 817 932 899 speciei
960 818 1125 900 permulta
1154 821 1253 887 nobis
1280 844 1330 888 oc·

244 924 381 983 currunt
402 917 551 999 exempla
578 916 612 980 in
641 923 731 981 terra
753 916 907 1002 Aegypti,
938 938 1039 1001 quum
1062 919 1151 984 Deus
1173 922 1330 1004 populum
1383 933 1384 998 t

241 1031 339 1083 'suurn
361 1037 401 1081 ex
430 1015 622 1098 captivitate
643 1015 706 1080 hac
734 1017 860 1098 eripere
888 1016 1038 1081 voluerit.
1081 1019 1241 1086 Homines
1272 1021 1332 1105 ipsi
1383 1011 1384 1090 l

244 1116 434 1200 saepissime
462 1113 676 1199 postulabant
702 1114 795 1197 signa
828 1114 871 1178 ad
905 1114 1109 1197 probandam
1142 1118 1331 1184 missionem
1383 1113 1384 1154 Ὗ

245 1238 338 1281 suam
370 1237 390 1280 a
420 1216 489 1280 Deo
518 1219 703 1296 acceptam,
737 1213 835 1279 sicuti
862 1213 1021 1280 historiae
1051 1215 1173 1298 Moysis
1206 1224 1242 1282 et
1272 1217 1331 1283 Ge·
1383 1241 1384 1290 l

236 1314 357 1379 deonis
388 1314 621 1380 demonstrant.
666 1313 730 1378 Sed
756 1335 823 1378 non
851 1313 915 1378 nisi
943 1336 1009 1379 una
1037 1315 1106 1379 vice
1136 1324 1170 1382 et
1198 1318 1332 1400 quidem

244 1415 316 1480 loco
346 1414 529 1497 praecitato
558 1414 647 1478 Deus
675 1414 745 1496 ipse
772 1413 896 1478 homini
923 1414 1106 1497 praecepit:
1139 1414 1242 1497 ,Pete
1273 1415 1334 1481 tibi

245 1513 404 1597 signum.“

307 1612 415 1678 Acbaz
454 1611 596 1676 divinum
636 1612 697 1679 hoo
734 1619 946 1696 praeceptum
988 1613 1167 1696 adimplere
1211 1615 1332 1679 renuit.
1383 1629 1384 1664 l

246 1711 341 1795 ,Non
358 1718 479 1796 petam,
495 1711 613 1794 inquit,
631 1718 666 1776 et
685 1732 751 1784 non
771 1711 907 1776 tentabo
926 1711 1166 1794 Dominum.“¹)
1207 1713 1334 1791 Quibus
1383 1755 1384 1788 ,

246 1833 286 1876 ex
317 1811 424 1876 verbis
456 1816 608 1894 apparet,
642 1811 784 1894 signum,
818 1811 905 1894 quod
938 1818 1029 1876 vates
1060 1811 1131 1894 regi
1159 1813 1335 1896 proposuit

246 1910 447 1994 eligendum,
477 1910 603 1994 signum
625 1910 789 1994 quoddam
809 1911 911 1975 fuisse
932 1911 1172 1996 prodigiosum,
1204 1913 1335 1996 signum

245 2016 384 2075 naturae
415 2008 503 2092 leges
541 2009 798 2092 supergrediens.
852 2009 905 2076 Ita
940 2031 999 2074 rex
1034 2010 1201 2076 intellexit
1233 2011 1335 2076 verba

245 2108 442 2194 prophetae,
465 2107 547 2174 alias
574 2130 640 2172 non
668 2108 907 2192 respondisset:
940 2109 1034 2190 „Non
1062 2110 1200 2175 tentabo
1224 2111 1335 2176 Domi·

246 2209 361 2288 num;“
394 2208 599 2292 provocando
630 2208 756 2275 scilicet
785 2209 854 2292 ejus
884 2209 1171 2292 omnipotentiam,
1205 2210 1335 2276 bonita-

246 2315 314 2374 tem
333 2315 394 2374 etc.
434 2307 505 2386 Quo
523 2329 679 2391 responso
698 2330 756 2373 rex
773 2308 862 2374 haud
881 2309 980 2374 dubie
998 2329 1091 2374 suam
1109 2308 1334 2375 manifestavit

246 2407 512 2475 incredulitatem
532 2414 705 2474 autumans
729 2407 883 2488 forsitan,
914 2409 1021 2473 Deum
1040 2406 1115 2490 plus
1136 2408 1333 2491 promisisse,

248 2529 347 2592 quam
374 2529 411 2571 re
432 2529 509 2573 vera
537 2507 671 2592 exsequi
690 2508 839 2592 potuerit
860 2509 911 2572 vel
932 2507 1085 2572 timorem
1105 2505 1270 2588 prodidit,
1294 2527 1333 2569 ne

246 2629 358 2692 regem
378 2607 599 2690 Assyriorum,
630 2608 721 2689 cujus
748 2608 923 2692 implorare
952 2607 1143 2674 decreverat
1164 2605 1332 2680 auxi-lium,

224 2705 226 2710 ’
247 2705 396 2790 eligendo
418 2706 545 2790 signum
567 2705 748 2780 offenderet
768 2706 897 2790 sibique
919 2706 1074 2772 redderet
1094 2705 1274 2770 inimicum.

308 2804 417 2870 Achaz
439 2826 516 2888 ergo
545 2827 646 2889 quum
665 2805 870 2870 incredulum
898 2813 969 2872 sese
997 2805 1152 2889 gessisset
1179 2810 1215 2869 et
1235 2804 1333 2888 hypo-

247 2904 366 2972 critam
386 2904 569 2971 simulando
590 2903 730 2970 nominis
751 2904 813 2968 Dei
833 2904 1004 2982 honorem,
1031 2902 1135 2968 Isaias
1156 2901 1201 2966 ad
1223 2923 1332 2968 omnes

248 3002 383 3070 Davidis
404 3009 553 3086 posteros
582 3023 764 3068 samonem
792 3003 905 3087 dirigit
932 3002 1057 3068 dicens:
1089 3001 1234 3084 ,Audite
1256 3021 1331 3083 crgo
1383 3015 1384 3024 ¹

248 3101 363 3169 domus
385 3101 506 3168 David:
535 3101 702 3186 Numquid
730 3125 847 3186 parum
874 3102 966 3168 robis
989 3107 1055 3180 est,
1083 3100 1242 3166 molestos
1263 3119 1330 3164 esse

247 3201 448 3280 hominibuS,
479 3202 557 3286 quia
577 3202 708 3266 molesti
730 3203 809 3267 estis
838 3208 871 3266 et
894 3202 963 3267 Deo
985 3201 1079 3265 meo?
1110 3199 1252 3282 Propter
1271 3199 1330 3262 hoc

248 3299 342 3366 dabit
364 3301 521 3366 Dominus
549 3301 619 3384 ipse
645 3300 737 3366 vobis
766 3301 902 3384 signnm.
945 3300 1030 3366 Ecce
1051 3299 1151 3382 Virgo
1174 3297 1331 3380 concipiet

249 3405 284 3464 et
303 3400 412 3482 pariet
432 3399 565 3480 Filium,
596 3406 631 3464 et
651 3399 822 3466 vocabitur
844 3421 963 3466 nomen
985 3399 1054 3483 ejus
1075 3396 1329 3476 Emmanuel.“²)

249 3498 407 3564 Dominus
439 3501 509 3583 ipse
541 3500 669 3584 signum
699 3499 805 3583 majus
839 3507 881 3566 et·
904 3498 1074 3565 nobilioris
1105 3494 1328 3580 reparationis

248 3597 380 3681 majoris
398 3597 603 3664 liberationis
624 3597 782 3662 indicium
805 3598 916 3663 domui
935 3596 1078 3676 Davidis,
1097 3596 1192 3680 cujus
1213 3594 1329 3662 semine

248 3703 423 3780 procreata
444 3703 494 3763 est
516 3698 615 3781 Virgo
637 3696 694 3761 illa
716 3696 912 3776 clarissima,
934 3695 1094 3780 promisit.
1139 3695 1244 3774 Quam
1264 3713 1327 3758 cer·

248 3803 405 3876 tumeat,
433 3797 542 3880 inquit
568 3803 674 3874 vates,
707 3795 861 3860 Messinm
883 3795 1060 3860 Davidicae
1082 3795 1197 3879 stirpis
1217 3812 1324 3878 propa·

316 4011 336 4078 ¹)
354 4011 388 4066 le.
406 4009 469 4076 Vll,
487 4013 526 4065 12.
560 4013 582 4078 ²)
600 4011 635 4067 Is.
654 4011 717 4079 Vll,
734 4014 765 4066 13
782 4029 822 4084 sq.
