2730 4564
554 379 593 436 83

57 540 222 623 Spartiatae
253 544 286 601 et
314 537 468 601 Messenii
498 538 555 601 diu
587 537 675 602 inter
705 557 739 601 se
771 537 915 603 habuere
942 540 1112 633 amicitias,

56 642 225 704 intantum
253 643 292 701 ut
324 637 365 700 ob
398 637 559 720 quaedam
591 658 684 701 sacra
712 637 811 702 etiam
839 637 978 720 virgines
1007 640 1049 703 ad
1080 661 1114 704 se

55 745 148 802 mutuo
176 738 353 801 mitterent.
398 735 545 812 Quodam
573 736 673 818 igitur
701 742 863 819 ternpore,
893 758 993 818 quum
1022 739 1115 820 quin-

55 839 189 921 quaginta
209 836 350 918 uirgines
371 834 702 899 Lacedaemoniorum
723 834 876 898 Messenii
900 834 1021 899 violare
1043 843 1132 900 111-Ι

53 943 172 1014 1111111,
205 934 246 999 de
278 939 371 998 tanto
404 955 538 997 numero
571 933 613 998 ad
641 940 791 1015 stuprum
822 933 913 997 nulla
941 936 1113 1014 consensit,

53 1037 99 1100 sed
120 1056 228 1100 omnes
256 1023 469 1098 libentissime
496 1053 556 1115 pro
583 1032 744 1115 pudicitia
769 1032 1051 1097 occubuerunt..
1076 1083 1113 1098 ..

53 1136 114 1212 Quis
139 1135 247 1199 valeat
276 1132 405 1197 silentio
432 1132 612 1214 praeterire
641 1136 766 1213 septem
792 1131 937 1196 Milesias
964 1133 1112 1215 virgines,

52 1257 119 1317 quae
139 1234 308 1300 Gallorum
328 1233 453 1314 impetu
477 1238 596 1296 cuneta
616 1237 776 1309 uastante,
797 1253 839 1295 11
862 1231 941 1315 quid
962 1232 1114 1298 indecens

50 1335 84 1397 ab
106 1334 254 1398 hostibus
286 1332 501 1410 sustinerent,
535 1331 776 1414 turpitudinem
804 1338 910 1396 morte
942 1331 1113 1415 fugerunt:
1139 1367 1142 1372 ·

50 1433 217 1516 exemplum
249 1432 299 1496 sui
331 1430 457 1495 cunctis
485 1429 664 1513 virginibus
695 1429 932 1512 relinquentes,
967 1431 1126 1497 honestis·

48 1532 195 1597 mentibus
217 1530 320 1613 magis
341 1529 534 1612 pudicitiam
556 1551 653 1594 curae
676 1549 755 1607 esse,
779 1551 877 1611 quarn
897 1530 1023 1595 vitam.
1046 1580 1053 1594 .
1078 1581 1112 1595 ..

48 1630 175 1696 Narrant
203 1631 377 1712 scriptores
405 1628 522 1694 Graeci
551 1636 585 1693 et
611 1627 788 1693 thebanam
816 1628 986 1710 virginem,
1016 1651 1114 1712 quam

49 1729 137 1795 bostis
157 1729 302 1818 macedo
314 1735 513 1810 corruperat,
540 1726 761 1792 dissimulasse
781 1727 949 1809 paulisper
970 1727 1114 1793 dolorem

49 1837 76 1893 et
94 1830 279 1895 violatorem
299 1827 495 1910 virginitatis
523 1848 601 1892 11111
624 1826 790 1909 jugulasse
811 1832 927 1908 postea
953 1826 1114 1891 dormien-

48 1935 118 2008 tem,
149 1950 249 2012 seque
282 1925 484 1991 interfecisse
507 1927 640 2009 ¹gladio,
675 1932 726 2006 ut
745 1946 804 1988 nec
830 1925 943 1989 uivere
975 1925 1114 1991 voluerit

48 2035 111 2107 post
128 2027 292 2111 perditam
313 2022 502 2090 castitatem
520 2047 579 2090 nec
601 2030 677 2090 ante
699 2025 809 2103 mori,
821 2045 919 2106 quam
940 2025 992 2088 sui
1013 2025 1113 2090 ultrix

49 2127 219 2191 existeret.“

99 2225 290 2290 Castitatem
311 2224 500 2307 virginalem
521 2222 609 2306 apud
627 2223 788 2298 Romanos
810 2223 845 2286 in
866 2223 990 2287 summo
1013 2223 1113 2290 fuisse

48 2322 154 2390 honore
186 2325 288 2390 etiam
316 2345 356 2387 ex
384 2345 422 2388 eo
452 2323 574 2401 elucet,
609 2323 695 2406 quod
724 2323 757 2385 in
785 2322 943 2404 virginem
971 2345 1113 2405 quacun-

49 2445 99 2504 que
128 2446 228 2489 causa
265 2423 387 2487 saevire
422 2421 515 2486 nefas
546 2421 739 2499 haberetur3
778 2422 931 2504 quocirca
964 2423 993 2486 si
1024 2423 1112 2504 virgo

48 2524 131 2587 morti
152 2530 238 2588 esset
260 2521 454 2600 addicenda,
483 2544 548 2587 non
569 2521 660 2604 prius
681 2519 953 2600 interficiebatur,
975 2543 1072 2605 quam
1093 2544 1114 2586 a

48 2621 183 2686 1111111111
205 2622 309 2686 aliove
337 2621 454 2685 vitiata
474 2621 563 2702 virgo
593 2641 662 2684 esse
692 2619 849 2684 desiisset.
895 2620 1001 2697 Quum
1028 2622 1115 2686 tanti

47 2719 170 2786 iecerint
191 2721 313 2786 ethnici
333 2720 562 2802 virginitatem,
580 2741 645 2783 non
667 2725 726 2797 est,
752 2742 809 2783 cur
829 2721 993 2798 miremur,
1016 2720 1111 2801 quod,

47 2822 86 2883 1111
109 2823 180 2885 Dio
210 2821 403 2902 testatur,¹)
436 2819 555 2884 Caesar
576 2819 755 2901 Augustus,
787 2819 843 2901 qui
869 2818 1014 2900 innuptis
1041 2839 1113 2900 gra-

48 2919 154 2984 viorem
175 2920 365 3002 malesane)
388 2919 552 3002 imposuit,
572 2919 683 3002 nuptis
704 2919 850 3001 praemia
870 2919 1050 2997 coustituit,
1071 2940 1112 2982 ne

99 3121 116 3187 ¹)
133 3121 195 3174 Lib.
214 3122 246 3172 54
264 3124 293 3173 et
310 3121 350 3174 56.
392 3120 412 3184 2)
431 3119 507 3174 11111
529 3119 730 3188 Spartanos,
756 3120 913 3188 quicunque
935 3124 992 3173 tres
1009 3120 1113 3174 liberos

47 3207 137 3265 senuit,
162 3205 338 3258 vacationem
355 3203 390 3255 ab
414 3203 539 3256 excubiis
556 3203 723 3256 militaribus
741 3203 876 3270 obtinuit3
902 3203 948 3269 qui
965 3219 1031 3255 vero
1049 3219 1113 3270 qua·

46 3291 108 3351 tuor,
132 3287 169 3340 ab
187 3287 316 3339 omnibus
341 3287 470 3339 oneribus
487 3286 618 3338 immunis
637 3286 689 3339 suit
713 3291 784 3339 teste
802 3287 953 3339 Aristotele
970 3289 986 3338 2
1003 3286 1113 3342 Politia.

47 3382 79 3434 ap.
93 3373 114 3424 7.
147 3370 226 3424 Inter
242 3369 417 3423 'Romanos
441 3385 549 3438 quoque
571 3369 702 3422 mulieres
718 3369 810 3422 'trium
833 3369 986 3422 liberorum
1007 3368 1113 3437 1111111-

45 3448 139 3520 bebant,
159 3452 285 3521 quamvis
303 3455 397 3506 essent
414 3451 443 3504 in
460 3451 549 3519 patris
566 3455 714 3519 potestate,
731 3450 911 3505 nihilominus
929 3449 1113 3504 admitteban-

45 3535 82 3586 tur
96 3535 128 3588 ad
143 3536 221 3589 bona
243 3533 364 3588 filiorum
386 3533 421 3586 sb
444 3534 576 3588 intestato
593 3537 780 3599 mortuorum,
804 3535 877 3587 sicut
899 3533 1018 3586 habetur
1035 3533 1114 3586 insti·

46 3618 183 3672 tutioribus
208 3617 243 3671 de
268 3623 379 3672 senatus
404 3618 531 3672 consulto
555 3617 671 3671 Tertull.
695 3616 719 3685 ξ.
742 3620 772 3684 2;
806 3618 873 3686 quin
897 3618 980 3671 etiam
1005 3620 1113 3670 veteres

47 3697 144 3755 Romani
162 3707 319 3770 praeturas,
333 3706 501 3769 quaesturas,
517 3701 675 3754 consulatus
693 3701 803 3753 nonnisi
817 3701 978 3769 parentibus
993 3700 1114 3768 plurium

46 3779 181 3839 liberorum
204 3785 332 3838 conferre
354 3784 481 3837 solebant
498 3788 570 3837 teste
589 3783 718 3837 Cornelio
737 3783 834 3837 Tacito
852 3783 900 3837 lib.
920 3785 964 3847 15,
990 3783 1113 3849 quamvis

47 3871 126 3928 postea
145 3869 176 3922 id
199 3867 340 3920 sublatum
361 3883 407 3931 eo,
431 3865 506 3934 quod
527 3866 653 3934 plerique
678 3864 820 3920 candidati
843 3865 969 3919 fraudem
989 3864 1113 3918 facerent

47 3962 71 3999 ac
85 3952 229 4006 ementitos
246 3951 350 4004 liberos
367 3953 564 4020 supponerent.
598 3948 739 4015 „Maxima
755 3951 784 4003 in
801 3951 871 4016 vita,
890 3950 981 4017 inquit
996 3949 1113 4002 Hermes

48 4030 227 4104 Trismegistus
244 4035 293 4089 lib.
311 4037 339 4100 9,
365 4039 393 4087 11
415 4034 538 4102 piissima
558 4049 626 4087 cura
649 4037 691 4087 est
707 4033 891 4102 prudentibus
911 4032 1113 4148 1111111111-

916 4115 932 4168 6
