2730 4564
553 376 608 435 101

70 535 221 617 Deiparam
240 535 344 602 forma
365 537 438 620 ipsa
464 558 502 600 ac
529 536 636 619 specie
666 542 795 600 creatae
823 535 1020 617 uirginitatis
1041 557 1123 599 nun-

69 656 151 716 quam
168 657 228 700 non
246 636 432 714 eminuisse3
454 634 559 700 forma
580 641 614 699 et
632 635 755 717 species
775 633 972 716 virginitatis
992 640 1122 699 creatae

68 732 157 797 nullas
175 756 230 798 nec
251 735 351 799 animi
371 756 432 798 nec
454 734 597 816 corporis
619 734 746 816 patitur
767 731 920 796 maculas.
930 733 954 815 ¹)

119 831 229 897 Nomen
257 855 390 914 ,sacra
416 833 555 915 Virgo“
584 839 634 896 est
660 853 778 897 nomen
800 853 824 895 s.
848 832 1009 915 Deiparae
1037 853 1122 914 prc-

66 931 173 1010 prium
199 939 231 996 ct
259 933 563 1014 appellativum,
593 953 727 1009 nomen,
756 930 797 995 de
820 953 883 1014 quo
903 932 971 1014 jam
992 930 1121 996 saeculo

67 1036 163 1110 quarto
199 1051 223 1093 s.
263 1031 511 1114 Epiphanius
551 1030 744 1108 declaravit,
787 1051 855 1094 esse
896 1053 919 1095 s.
960 1031 1121 1112 Deiparae

65 1128 262 1192 essentiale
300 1151 360 1194 nec
399 1129 466 1193 ullo
503 1128 598 1193 modo
638 1130 830 1193 commutari
866 1151 985 1212 posse.¹
1031 1129 1121 1210 ,Quo

64 1233 203 1308 tempore,
230 1228 347 1311 inquit,
356 1230 380 1310 2)
395 1225 397 1230 ’
410 1248 554 1310 unquam
583 1227 725 1306 exstitit,
755 1228 811 1310 qui
838 1235 971 1292 sanctae
997 1227 1121 1292 Mariae

64 1346 162 1390 nomen
182 1327 349 1411 appellare
371 1327 522 1404 auderet,
553 1333 586 1391 et
607 1347 672 1390 non
694 1332 840 1408 rogatus,
870 1327 1008 1391 subinde
1031 1327 1123 1409 ,vir-

63 1424 150 1504 ginis“
169 1426 362 1492 vocabulum
383 1425 562 1508 adjiceret?
593 1424 677 1488 Nam
698 1425 731 1487 in
753 1424 916 1507 adjunctis
937 1425 1122 1507 hujusmodi

62 1524 175 1590 uocibus
195 1525 326 1590 uirtutis
347 1523 468 1588 indicia
489 1523 660 1588 collucent.
698 1524 824 1606 Quippe
844 1524 941 1606 justis
963 1523 1121 1602 omnibus,

62 1645 110 1703 pro
135 1647 167 1689 eo
196 1647 233 1689 ac
262 1623 405 1706 singulos
434 1623 584 1700 decebat,
615 1643 674 1686 sua
703 1623 819 1704 cuique
849 1629 925 1686 sunt
953 1621 1122 1703 dignitatis

62 1723 204 1788 attributa
224 1723 364 1787 nomina.
407 1722 460 1786 Ita
481 1722 666 1785 Abrahamo
689 1721 784 1784 amici
805 1721 867 1785 Dei
891 1720 1008 1785 titulus
1030 1741 1122 1784 aeco-

62 1821 193 1886 modatus
215 1827 266 1886 est
287 1871 294 1884 .
319 1871 325 1883 .
348 1870 355 1884 .
380 1871 386 1883 .
410 1821 456 1885 sic
481 1827 595 1885 sancta
617 1820 721 1884 Maria
742 1819 881 1901 ,Virgo“
903 1825 1121 1901 nuncupatur,

62 1939 108 1981 nec
128 1921 300 2003 appellatio
323 1922 388 1984 ista
409 1919 585 2002 aliquando
607 1919 925 2000 commutabitur.“³)

111 2017 186 2084 Hinc
213 2042 283 2085 mos
311 2019 398 2102 apud
426 2040 536 2084 omnes
565 2019 759 2084 christianos
787 2017 1043 2099 receptissimus,
1074 2021 1121 2093 ut,

62 2117 171 2194 quoties
199 2119 239 2182 de
260 2117 367 2183 Matre
391 2119 522 2182 Domini
549 2119 671 2183 mentio
700 2118 830 2196 incidit,
862 2138 933 2181 eam
961 2123 1019 2180 aut
1047 2115 1122 2178 sim·

62 2212 172 2292 pliciter
196 2216 364 2300 Virginem
390 2223 449 2280 aut
475 2217 641 2298 „beatam
670 2217 891 2294 benedictam,
919 2221 1120 2298 perpetuam,

62 2332 171 2395 semper
190 2315 377 2398 Virginem“
399 2315 575 2380 nominent.
618 2315 678 2380 Est
707 2317 793 2380 enim
819 2316 907 2397 virgo
934 2313 1122 2378 felicissima

62 2419 87 2474 et
103 2414 334 2495 perfectissima
355 2436 414 2478 nec
436 2415 504 2478 ulla
533 2416 563 2479 ei
587 2415 700 2479 similis
724 2435 876 2496 umquam
905 2419 1037 2496 reperta
1057 2411 1123 2476 luit

61 2531 107 2574 nec
125 2515 312 2596 reperietur.
350 2515 458 2598 Virgo,
482 2536 566 2597 quae
587 2514 719 2596 quidem
739 2512 857 2596 gaudia
874 2511 990 2576 Matris
1012 2517 1122 2593 gusta-

22 2679 24 2684 ,
61 2609 103 2686 uit,
123 2610 176 2675 sed
198 2612 268 2694 ejus
290 2613 408 2677 damna
428 2634 493 2676 non
516 2613 631 2691 sensit3
654 2613 753 2696 virgo,
777 2633 860 2694 quae
882 2611 996 2675 matris
1018 2609 1122 2673 officia

61 2707 96 2770 ita
121 2710 272 2792 expleuit,
308 2718 345 2775 ut
376 2713 573 2795 uirginitatis
602 2719 827 2776 ornamentum
859 2732 897 2774 ac
929 2710 1028 2774 decus
1056 2731 1121 2773 non

61 2806 147 2872 solum
166 2811 200 2874 in
222 2831 256 2874 se
278 2812 486 2889 conservarit,
509 2810 566 2875 sed
588 2810 687 2876 etiam
709 2810 854 2874 mirande
876 2809 1012 2873 arrxerit.

108 2907 191 2984 Quae
221 2908 262 2971 de
290 2930 314 2972 s.
344 2909 506 2992 Deiparae
535 2909 721 2992 virginitate
751 2907 846 2972 docet
875 2907 1025 2984 ecclesia,
1059 2905 1120 2970 hac

62 3005 139 3070 unica
165 3006 338 3089 complecti
371 3008 502 3091 quidem
529 3029 696 3090 possemus
729 3007 827 3071 thesi:
862 3006 1121 3088 ,Beatissima

62 3101 116 3166 Dei
140 3113 265 3170 mater
292 3127 444 3189 semper
469 3106 590 3189 Virgo
616 3107 725 3171 luit.“
769 3107 813 3170 At
834 3105 995 3170 claritatis
1016 3106 1122 3187 gratia

111 3354 129 3418 ¹)
153 3353 209 3408 cfr.
241 3350 380 3420 Passaglia
409 3351 444 3406 dc
473 3351 649 3405 immaculato
680 3351 814 3419 Deiparae
844 3351 984 3418 Conceptu
1014 3368 1039 3417 p.
1070 3348 1120 3416 lll,

60 3447 106 3500 pag.
121 3439 191 3490 1050.
233 3435 254 3501 ²)
271 3433 369 3489 Haece.
388 3433 541 3499 LXXVlll,
558 3451 585 3488 n.
602 3437 626 3488 6.
666 3436 688 3499 ³)
706 3433 765 3500 „La
783 3434 889 3499 „sainte
906 3434 1018 3500 vierge“
1036 3436 1078 3486 est
1095 3432 1121 3485 le

60 3529 109 3566 nom
124 3534 224 3586 propre
243 3516 278 3570 de
291 3517 408 3581 Merie,“
425 3517 517 3584 inquit
530 3517 632 3572 Melon.
663 3517 841 3583 (Immaculee
859 3517 1024 3584 conception
1042 3516 1077 3570 de
1093 3516 1123 3571 la

60 3595 241 3655 bienheureuse
254 3600 356 3669 Vierge
371 3599 459 3654 Marte
473 3605 541 3655 tom.
555 3599 577 3666 l,
590 3617 653 3670 pag.
667 3602 734 3666 376).
761 3599 810 3665 „L‘
827 3600 921 3668 Eplise
940 3599 1041 3653 venere
1060 3617 1121 3652 sans

60 3677 126 3735 doute
145 3684 290 3751 beaucoup
313 3681 347 3736 de
369 3683 478 3751 vierges
499 3683 615 3749 saintes,
639 3684 686 3752 qui
709 3692 759 3737 ont
781 3699 815 3736 ou
839 3682 933 3737 arrosa
950 3683 977 3735 lo
993 3687 1069 3736 terre
1087 3682 1121 3736 de

60 3759 107 3815 leur
121 3782 202 3836 sang,
220 3782 256 3819 ou
274 3764 418 3819 embaumd
435 3766 462 3818 le
480 3763 579 3834 champ
597 3765 635 3819 du
652 3766 719 3834 pere
737 3766 772 3820 de
790 3766 907 3828 l'amille,
925 3765 944 3818 l’
962 3765 1067 3833 Eglise,
1084 3765 1122 3818 du

60 3845 147 3908 partum
171 3848 207 3901 de
231 3849 307 3901 leurs
332 3853 436 3914 vertum
462 3847 531 3901 mais
556 3847 576 3901 il
600 3846 662 3901 n'en
688 3854 731 3903 est
756 3865 862 3902 aucune
889 3849 936 3917 qui
958 3849 998 3900 ait
1022 3847 1121 3902 meritc

59 3939 84 3976 oo
105 3929 202 3986 obtenu
226 3932 253 3985 le
270 3947 335 3984 nom
356 3931 391 3985 de
418 3931 462 3997 „la
485 3931 574 3985 sainte
592 3931 712 4000 vierge‘
729 3947 779 3999 par
802 3931 968 3986 excellence.
1004 3929 1041 3983 Ge
1057 3945 1121 3982 nom

60 4013 91 4062 eut
104 4012 208 4071 reserva
227 4014 289 4068 ala
306 4013 381 4067 mere
399 4013 433 4066 de
451 4012 548 4067 Dieu.“
