2728 4554
754 338 816 398 426

243 497 440 588 aeternitate
467 517 527 561 nec
556 496 619 578 ipsi
640 496 757 563 tribuit
785 504 937 562 naturam
965 496 1123 576 divinam,
1153 496 1211 562 sed
1236 495 1313 561 solus

242 595 342 661 Pater
376 599 545 674 aeternns3
588 595 701 678 genuit
732 617 808 660 vero
841 595 934 661 illum
967 597 1003 660 in
1032 602 1182 679 tempore
1219 593 1314 660 dando

244 715 375 777 corpus,
406 693 494 777 quod
515 694 645 761 unitum
666 693 730 760 fnit
751 694 916 760 divinitati
936 695 1047 760 Verbi.
1091 695 1185 760 Unde
1208 693 1316 758 dicitur

244 793 401 876 Deipara,
430 815 496 858 non
526 792 657 877 quidem
682 793 757 859 Filii
778 794 840 858 Dei
868 800 906 860 ut
933 795 994 873 sic,
1024 794 1084 859 sed
1103 793 1180 858 Filii
1202 793 1261 857 Dei
1286 799 1316 855 ut

243 892 414 958 incarnati.
464 892 510 957 Ut
541 899 652 958 autem
684 893 727 960 sit
759 893 1045 959 consubstantialis
1078 893 1179 971 Filio,
1211 912 1316 974 nempe

244 989 390 1070 Christo,
428 989 545 1056 suffieit
576 999 614 1057 ut
646 1012 820 1056 concursus
852 992 922 1074 ejus
953 983 1100 1074 passivus
1133 991 1316 1056 terminatus

243 1088 346 1154 fuerit
366 1110 425 1171 per
445 1089 645 1172 hypostasim
665 1090 766 1155 Verbi
794 1090 903 1154 divini.
947 1090 1054 1168 Quare
1080 1090 1112 1154 b.
1136 1090 1235 1172 Virgo
1261 1110 1316 1153 non

246 1187 367 1252 dicitur
388 1189 677 1278 consubstantialis
698 1188 806 1254 Verbo
828 1189 1006 1254 secundum
1027 1209 1062 1253 se
1095 1194 1242 1270 sumpto,
1269 1185 1317 1251 sed

148 1303 152 1310 ·
243 1286 531 1352 consubstantialis
564 1289 710 1367 Christo,
750 1289 807 1371 qui
837 1289 1044 1371 componitur
1080 1308 1121 1351 ex
1153 1287 1261 1350 anima
1288 1291 1315 1349 et

243 1405 378 1468 corpore
399 1385 501 1451 unitis
522 1407 597 1450 cum
618 1387 797 1452 divinitate.

303 1483 362 1548 His
399 1484 623 1567 similibusque
661 1483 898 1568 objectionibus
935 1482 1213 1566 aggrediebantur
1247 1481 1316 1546 Nes-

127 1607 130 1612 ·
241 1583 363 1649 toriani
389 1583 420 1648 b.
448 1584 591 1667 Virginis
619 1584 866 1649 Maternitatem
893 1581 1066 1648 dividendo
1095 1582 1232 1646 unicum
1258 1581 1316 1663 ejus

241 1680 345 1746 filium
376 1682 410 1746 in
442 1682 522 1747 duos
554 1681 653 1761 filios,
692 1703 831 1765 quorum
863 1682 1006 1746 alterum
1041 1701 1081 1744 ex
1114 1680 1186 1746 Deo
1219 1680 1314 1751 Patre,

242 1780 383 1846 alterum
415 1781 587 1844 err-Maria
618 1781 764 1864 genitum
789 1779 982 1845 asserebant
1010 1778 1229 1863 negandoque
1256 1777 1316 1843 uni·

242 1898 337 1942 onem
364 1874 603 1962 hypostaticam
637 1879 724 1943 inter
756 1878 838 1943 duas
867 1878 990 1944 Christi
1017 1883 1155 1943 naturas
1188 1878 1316 1943 existen-

243 1983 318 2044 tem.
372 1977 522 2057 Admissa
553 1978 760 2061 hypostatica
792 1979 912 2044 unione
944 1978 1168 2060 admissoque,
1206 1996 1316 2042 eamr

241 2077 346 2160 primo
367 2077 489 2142 factam
511 2098 580 2142 esse
602 2083 775 2161 conceptu,
805 2077 997 2142 beatissima
1017 2076 1133 2159 Virgo,
1165 2077 1230 2142 etsi
1250 2074 1317 2140 disi·

242 2175 381 2240 nitatem
402 2196 468 2240 non
486 2175 652 2258 genuerit,
680 2175 794 2240 eodem
820 2176 894 2258 jure
915 2175 1024 2242 Mater
1046 2176 1109 2241 Dei
1130 2173 1316 2259 appellanda

243 2280 302 2352 est,
333 2296 397 2358 quo
419 2275 503 2339 aliae
525 2274 676 2339 mulieres
697 2273 840 2340 filiorum
861 2296 996 2341 suorum
1016 2281 1141 2340 matres
1163 2275 1317 2359 appellan-

241 2379 310 2452 tur,
342 2394 480 2456 quorum
502 2373 627 2438 animas
648 2394 713 2438 non
738 2380 983 2456 generaverunt.
1027 2374 1080 2439 Ita
1108 2375 1197 2439 enim
1219 2371 1316 2457 appel-

241 2471 360 2550 lantur,
380 2473 458 2555 qnia
479 2470 522 2536 ad
539 2493 711 2554 corporum
732 2479 925 2554 conceptum
947 2478 981 2538 et
998 2471 1234 2538 formationem
1254 2491 1316 2536 con·

242 2579 393 2650 currunt,
427 2571 545 2656 quibus
573 2571 722 2637 formatis
754 2572 786 2636 vi
813 2572 916 2636 divini
943 2572 1070 2638 decreti
1097 2573 1229 2638 animae
1257 2570 1316 2636 uui·

198 2723 200 2728 ,
241 2678 350 2736 untur.
393 2670 549 2737 Refertur
571 2691 646 2753 ergo
668 2671 840 2762 conceptio
861 2671 903 2736 ad
924 2671 1079 2736 unionem
1103 2673 1233 2738 animae
1254 2690 1315 2734 oum

242 2789 377 2852 corpore
407 2776 440 2834 et
467 2768 510 2834 ad
537 2789 711 2852 personam
737 2767 805 2833 filii.
849 2768 956 2847 Quum
984 2769 1015 2833 b.
1039 2768 1141 2853 Virgo
1171 2775 1314 2853 operante

242 2868 368 2949 Spiritu
385 2875 497 2933 sancto
517 2890 633 2950 corpus
650 2867 774 2934 Christi
788 2867 862 2950 pari
877 2867 974 2932 modo
993 2869 1191 2952 conceperit,
1211 2886 1314 2950 corpus

241 2965 325 3030 illud
352 2966 384 3030 vi
411 2966 534 3032 decreti
562 2967 663 3031 divini
694 2988 758 3031 non
787 2973 918 3032 tantum
949 2967 1060 3031 anima
1092 2967 1250 3033 rationali
1276 2965 1314 3028 in-

241 3060 389 3141 formari,
420 3064 478 3127 sed
499 3072 532 3128 et
554 3066 650 3130 simul
670 3087 745 3130 cum
765 3065 823 3130 illa
842 3064 945 3130 Verbi
965 3064 1067 3130 divini
1088 3066 1313 3149 personalitate

241 3161 419 3248 terminari,
431 3169 465 3226 et
486 3163 662 3230 subsistere
684 3163 807 3229 debuit.

302 3258 449 3325 Vidimus
478 3281 568 3343 ergo,
598 3263 806 3327 beatissimae
828 3262 955 3345 Virgini
983 3263 1181 3346 dignitatem
1206 3263 1314 3328 Mater-

241 3356 357 3421 nitatis
385 3378 517 3423 revera
539 3367 730 3443 competere.
773 3360 981 3443 Inquiramus
1002 3383 1105 3440 nunc,
1137 3367 1261 3445 quanta
1279 3358 1313 3422 sit

242 3454 463 3520 Maternitatis
484 3456 635 3542 dignitas.
1115 3457 1119 3466 ’
