2718 4556
553 385 611 448 339

53 550 223 631 picturae
239 568 305 611 non
322 547 590 611 contemnendam
603 547 762 613 babentes
777 550 1017 630 auctoritatem,
1035 574 1118 636 qnae

54 669 73 710 s.
92 646 207 730 Joseph
228 646 383 711 exhibent
404 667 522 710 senem.

105 745 214 811 Plures
230 764 306 808 vero
324 743 442 808 adduci
457 749 595 827 possunt
611 746 799 824 rationes,
817 747 902 812 unde
920 753 1118 818 consuetudo

54 844 264 927 proseptum
289 843 484 925 depingendi
512 863 622 908 senem
650 844 838 909 obtinuerit.
883 845 1034 914 Obtinuit
1061 851 1118 917 illa

53 943 87 1006 ad
116 943 348 1008 ostendendam
376 964 403 1005 v.
433 963 461 1024 g.
492 943 561 1024 ejus
594 943 756 1007 castitatis
787 943 950 1008 virtutem.
998 949 1118 1030 ,Aetas
1189 929 1197 944 ⁹

53 1043 128 1104 enim
147 1042 339 1119 senectutis,
361 1041 470 1124 inquit
492 1042 641 1125 Sapiens,
670 1042 737 1106 vita
757 1042 996 1109 immaculata.“
1037 1048 1119 1114 Tum

54 1141 155 1220 ctiam,
196 1141 288 1224 quia,
328 1144 367 1203 ut
405 1140 452 1204 ait
485 1139 670 1219 Morales,
685 1141 709 1222 1)
749 1140 789 1204 ab
827 1142 920 1208 initio
955 1149 1118 1215 nascentis

52 1239 203 1305 Ecclesiae
241 1239 365 1303 Mariae
403 1245 563 1323 perpetua
601 1239 769 1321 virginitas
811 1241 955 1305 nondum
993 1245 1118 1312 radices

51 1338 156 1404 fixerat
190 1339 225 1403 in
264 1337 416 1402 cordibus
451 1336 612 1415 fidelium,
652 1357 692 1400 ne
732 1339 952 1420 suspicaretur
989 1346 1117 1410 carnale

52 1437 164 1520 aliquid
192 1437 232 1502 de
255 1436 378 1520 Joseph
406 1442 440 1500 et
461 1435 574 1499 Maria.
619 1434 690 1513 Qua
717 1437 844 1501 ratione
874 1440 973 1505 etiam
1001 1444 1120 1509 omissa

52 1535 109 1600 luit
136 1536 357 1602 solemnizatio
396 1534 435 1599 de
467 1540 536 1599 tam
570 1533 754 1599 venerando
786 1534 938 1619 laetoque
970 1541 1118 1625 conjugio

52 1657 73 1699 s.
94 1636 247 1719 Deiparae
275 1642 354 1700 ets.
376 1634 524 1717 Josephi‚
554 1634 693 1714 maxime
722 1635 809 1717 quod
830 1636 937 1717 pictus
957 1637 1118 1722 Josephus

52 1734 201 1825 invenitur
228 1737 262 1799 in
287 1733 425 1817 juvenili
453 1739 562 1797 aetate
592 1739 625 1798 et
657 1733 770 1798 erebro
799 1735 930 1817 quidem
958 1738 992 1800 in
1019 1759 1117 1822 regno

52 1833 241 1913 Alemaniae,
275 1840 313 1899 ut
340 1839 505 1898 testantur
532 1831 656 1896 Gerson
689 1838 723 1897 et
752 1833 791 1896 de
819 1833 916 1898 Italia
946 1836 1117 1919 Dionysius

52 1931 231 2015 lsolanus.²)
273 1932 368 1998 Unde
397 1937 539 2010 constat,
568 1932 786 2014 adaequatam
814 1953 955 1998 cessasse
978 1956 1116 2016 oausam,

54 2053 127 2112 quae
146 2031 311 2097 nascentis
334 2031 498 2096 Ecclesiae
520 2037 667 2113 tempore
688 2030 832 2114 vigebat,
859 2039 893 2097 et
914 2034 960 2098 sio
981 2036 1119 2100 cessavit

53 2127 183 2195 effectus.
239 2129 331 2208 Quod
364 2137 397 2195 et
427 2130 618 2194 Parisiensis
651 2130 863 2196 cancellarius
896 2132 1051 2198 Gerson
1084 2135 1118 2199 in

53 2249 103 2292 sua
122 2230 237 2295 cecinit
257 2228 477 2312 Josepbina.³)
521 2229 691 2295 Consentit
711 2230 800 2294 hisce
829 2250 899 2294 ven.
923 2231 1117 2296 Canisius.

53 2327 226 2407 ,Fortasse,
257 2328 410 2410 inquit,⁴)
438 2328 605 2410 ingeniosa
632 2334 777 2394 vetustas
806 2328 897 2392 dedit
924 2329 985 2394 hoo
1005 2330 1119 2413 populi

53 2426 257 2510 simplicitati,
297 2433 334 2491 ut
373 2427 501 2491 etiamsi
538 2427 662 2509 loseph
696 2427 807 2510 junior
844 2425 974 2507 fuisset,
1020 2450 1118 2511 quam

53 2526 196 2609 pingitur,
227 2534 337 2591 tamen
364 2547 424 2609 pro
452 2526 578 2590 seniore
607 2527 701 2610 vulgo
723 2527 916 2605 haberetur,
946 2527 989 2598 ad
1010 2527 1118 2610 depel-

53 2622 167 2690 lendam
195 2623 349 2689 videlicet
376 2624 424 2688 rei
452 2623 631 2689 amatoriae
661 2630 695 2689 et
723 2625 901 2708 conjugalis
929 2647 1117 2709 congressus

54 2723 285 2806 suspicionem.“

105 2822 223 2886 Eadem
254 2819 323 2884 fere
353 2821 477 2902 repetit
509 2821 653 2886 Suarez
691 2821 892 2904 inquiens:⁵)
930 2820 1011 2904 ,Illa
1043 2842 1117 2886 con·

55 2921 177 2985 suetudo
206 2920 354 3002 picturae
375 2927 511 3002 propter
539 2918 714 3003 quamdam
743 2919 926 2986 decentiam
955 2926 989 2986 et
1009 2919 1051 2986 ad
1072 2921 1118 2985 vi-

60 3055 240 3066 ᾖ...

109 3120 126 3186 ¹)
141 3119 172 3173 L.
194 3136 220 3174 c.
240 3119 290 3172 lib.
311 3116 348 3184 ll,
371 3121 454 3170 tract.
472 3116 505 3180 V,
523 3134 550 3170 n.
568 3121 607 3172 12.
650 3120 672 3184 ²)
690 3117 750 3172 Lib.
775 3118 809 3172 de
833 3135 853 3172 s.
871 3117 991 3187 Josepho
1014 3137 1056 3188 cp.
1080 3119 1117 3187 Il,
1153 3118 1156 3126 '

56 3199 72 3261 3)
94 3203 182 3272 „Ergo
199 3197 306 3270 Joseph
322 3203 464 3268 reputasse
482 3215 577 3254 senem
594 3200 694 3254 fecere·
704 3201 805 3254 seniles

94 3282 122 3336 ln
138 3302 166 3338 se
184 3285 314 3338 virtut-es:
331 3283 376 3337 vel
394 3299 446 3336 nec
463 3283 582 3336 carnalis
599 3281 717 3336 haberet

95 3367 223 3436 Suspicio,
242 3366 277 3420 de
295 3369 324 3419 te
342 3365 493 3434 quidquam
511 3365 630 3431 carnale,
647 3364 744 3428 Maria,

94 3447 182 3503 Donec
198 3448 345 3516 virginitas
362 3451 411 3500 tua
426 3446 482 3500 fixa
498 3445 627 3501 fidelibus
645 3451 718 3500 esset

96 3531 232 3598 Cordibus,
250 3531 316 3584 inde
334 3531 426 3584 minor
443 3535 485 3584 est
502 3529 607 3583 mentio
625 3529 660 3582 de
677 3528 782 3598 Joseph
798 3533 873 3584 acta:

95 3613 152 3668 Non
168 3615 261 3669 subito
277 3617 338 3667 toto
356 3630 384 3666 se
401 3615 537 3666 monstrat
553 3612 645 3680 gratia
661 3612 773 3666 mundo.

95 3695 151 3750 Non
168 3714 246 3752 secus
264 3714 322 3750 esse
339 3697 429 3764 decet,
447 3695 513 3748 dum
529 3700 590 3749 toto
608 3695 733 3748 ereditur
750 3694 817 3748 orbe

97 3779 193 3848 Copula
208 3780 336 3850 virginea
351 3779 431 3834 nobis
448 3779 507 3832 sine
524 3779 588 3832 labe
605 3778 703 3832 fuisset

96 3860 201 3929 Munda,
219 3862 330 3928 decens,
349 3865 438 3928 cauta,
456 3861 569 3914 coelesti
586 3877 637 3929 par
654 3863 683 3914 et
699 3857 841 3914 honesta.“

57 3935 75 4070 Ξ]
88 3939 123 3994 De
138 3943 301 4012 corruptelis
317 3944 398 3998 verbi
414 3943 467 3998 Dei
483 3943 530 3997 lib.
548 3944 564 3996 2
581 3958 625 4011 ep.
643 3941 719 3998 XIII.
756 3940 777 4007 Ι5)
794 3941 826 3995 L.
844 3955 868 3994 c.
885 3939 955 4008 disp.
973 3938 1034 4004 Vll,
1051 3944 1119 3995 sect.

94 4041 138 4088 ,n
155 4027 177 4081 5.
920 4101 969 4156 22*
