<?xml version="1.0" encoding="UTF-8"?>
<!DOCTYPE html PUBLIC "-//W3C//DTD XHTML 1.0 Transitional//EN"
    "http://www.w3.org/TR/xhtml1/DTD/xhtml1-transitional.dtd">
<html xmlns="http://www.w3.org/1999/xhtml" xml:lang="en" lang="en">
 <head>
  <title>
</title>
<meta http-equiv="Content-Type" content="text/html;charset=utf-8" />
  <meta name='ocr-system' content='tesseract 3.04.00' />
  <meta name='ocr-capabilities' content='ocr_page ocr_carea ocr_par ocr_line ocrx_word'/>
</head>
<body>
  <div class='ocr_page' id='page_1' title='image "./mariologiaseupo00stamgoog_0419.png"; bbox 0 0 2728 4554; ppageno 0'>
   <div class='ocr_carea' id='block_1_1' title="bbox 553 363 613 446">
    <p class='ocr_par' dir='ltr' id='par_1_1' title="bbox 553 363 613 446">
     <span class='ocr_line' id='line_1_1' title="bbox 553 363 613 446; baseline 0 -23"><span class='ocrx_word' id='word_1_1' title='bbox 553 363 613 446; x_wconf 72' lang='lat' dir='ltr'>aaa</span> 
     </span>
    </p>
   </div>
   <div class='ocr_carea' id='block_1_2' title="bbox 55 521 1140 904">
    <p class='ocr_par' dir='ltr' id='par_1_2' title="bbox 55 521 1140 904">
     <span class='ocr_line' id='line_1_2' title="bbox 55 521 1124 607; baseline -0.001 -18"><span class='ocrx_word' id='word_1_2' title='bbox 55 524 90 589; x_wconf 89' lang='lat' dir='ltr'>ab</span> <span class='ocrx_word' id='word_1_3' title='bbox 120 545 158 589; x_wconf 90' lang='lat' dir='ltr'>ea</span> <span class='ocrx_word' id='word_1_4' title='bbox 184 522 284 588; x_wconf 85' lang='lat' dir='ltr'>fuisse</span> <span class='ocrx_word' id='word_1_5' title='bbox 313 521 481 586; x_wconf 90' lang='lat' dir='ltr'>rationem.</span> <span class='ocrx_word' id='word_1_6' title='bbox 531 521 599 588; x_wconf 89' lang='lat' dir='ltr'>Nec</span> <span class='ocrx_word' id='word_1_7' title='bbox 626 543 702 588; x_wconf 84' lang='lat' dir='ltr'>vero</span> <span class='ocrx_word' id='word_1_8' title='bbox 732 529 798 602; x_wconf 86' lang='lat' dir='ltr'>est,</span> <span class='ocrx_word' id='word_1_9' title='bbox 831 523 919 607; x_wconf 90' lang='lat' dir='ltr'>quod</span> <span class='ocrx_word' id='word_1_10' title='bbox 946 522 1124 589; x_wconf 88' lang='lat' dir='ltr'>absurdum</span> 
     </span>
     <span class='ocr_line' id='line_1_3' title="bbox 55 620 1123 706; baseline 0.001 -19"><span class='ocrx_word' id='word_1_11' title='bbox 55 624 204 702; x_wconf 89' lang='lat' dir='ltr'>dicamus,</span> <span class='ocrx_word' id='word_1_12' title='bbox 234 621 418 706; x_wconf 76' lang='lat' dir='ltr'><strong>quaesitam</strong></span> <span class='ocrx_word' id='word_1_13' title='bbox 439 621 480 686; x_wconf 90' lang='lat' dir='ltr'>ab</span> <span class='ocrx_word' id='word_1_14' title='bbox 503 642 542 686; x_wconf 90' lang='lat' dir='ltr'>ea</span> <span class='ocrx_word' id='word_1_15' title='bbox 562 620 641 686; x_wconf 92' lang='lat' dir='ltr'>fidei</span> <span class='ocrx_word' id='word_1_16' title='bbox 661 621 939 688; x_wconf 88' lang='lat' dir='ltr'>confirmationem</span> <span class='ocrx_word' id='word_1_17' title='bbox 959 622 1060 688; x_wconf 85' lang='lat' dir='ltr'>fuisse</span> <span class='ocrx_word' id='word_1_18' title='bbox 1084 644 1123 688; x_wconf 88' lang='lat' dir='ltr'>ex</span> 
     </span>
     <span class='ocr_line' id='line_1_4' title="bbox 55 721 1140 804; baseline -0.001 -16"><span class='ocrx_word' id='word_1_19' title='bbox 55 723 194 788; x_wconf 83' lang='lat' dir='ltr'>miraculi</span> <span class='ocrx_word' id='word_1_20' title='bbox 225 727 418 804; x_wconf 89' lang='lat' dir='ltr'>conspectu,</span> <span class='ocrx_word' id='word_1_21' title='bbox 460 721 547 804; x_wconf 92' lang='lat' dir='ltr'>quod</span> <span class='ocrx_word' id='word_1_22' title='bbox 578 721 720 804; x_wconf 82' lang='lat' dir='ltr'>Angelus</span> <span class='ocrx_word' id='word_1_23' title='bbox 755 744 821 787; x_wconf 91' lang='lat' dir='ltr'>non</span> <span class='ocrx_word' id='word_1_24' title='bbox 852 722 976 787; x_wconf 89' lang='lat' dir='ltr'>frustra</span> <span class='ocrx_word' id='word_1_25' title='bbox 1012 723 1061 787; x_wconf 92' lang='lat' dir='ltr'>illi</span> <span class='ocrx_word' id='word_1_26' title='bbox 1092 724 1140 788; x_wconf 42' lang='lat' dir='ltr'>inv</span> 
     </span>
     <span class='ocr_line' id='line_1_5' title="bbox 55 821 454 904; baseline -0.005 -18"><span class='ocrx_word' id='word_1_27' title='bbox 55 823 188 888; x_wconf 89' lang='lat' dir='ltr'>medium</span> <span class='ocrx_word' id='word_1_28' title='bbox 207 821 454 904; x_wconf 84' lang='lat' dir='ltr'>proposuerat.“</span> 
     </span>
    </p>
   </div>
   <div class='ocr_carea' id='block_1_3' title="bbox 48 935 1128 1731">
    <p class='ocr_par' dir='ltr' id='par_1_3' title="bbox 48 935 1128 1731">
     <span class='ocr_line' id='line_1_6' title="bbox 109 935 1126 1035; baseline -0.002 -16"><span class='ocrx_word' id='word_1_29' title='bbox 109 954 277 1019; x_wconf 76' lang='lat' dir='ltr'>Sententia</span> <span class='ocrx_word' id='word_1_30' title='bbox 314 953 522 1018; x_wconf 76' lang='lat' dir='ltr'>beatissimae</span> <span class='ocrx_word' id='word_1_31' title='bbox 553 952 680 1034; x_wconf 85' lang='lat' dir='ltr'>Virgini</span> <span class='ocrx_word' id='word_1_32' title='bbox 716 935 863 1035; x_wconf 83' lang='lat' dir='ltr'>prolecto</span> <span class='ocrx_word' id='word_1_33' title='bbox 901 953 1041 1018; x_wconf 86' lang='lat' dir='ltr'>maxime</span> <span class='ocrx_word' id='word_1_34' title='bbox 1077 953 1126 1017; x_wconf 90' lang='lat' dir='ltr'>in·</span> 
     </span>
     <span class='ocr_line' id='line_1_7' title="bbox 53 1050 1127 1135; baseline -0.001 -19"><span class='ocrx_word' id='word_1_35' title='bbox 53 1054 183 1135; x_wconf 85' lang='lat' dir='ltr'>juriosa!</span> <span class='ocrx_word' id='word_1_36' title='bbox 217 1051 442 1118; x_wconf 90' lang='lat' dir='ltr'>Omnimodam</span> <span class='ocrx_word' id='word_1_37' title='bbox 471 1051 556 1116; x_wconf 91' lang='lat' dir='ltr'>enim</span> <span class='ocrx_word' id='word_1_38' title='bbox 578 1051 730 1135; x_wconf 90' lang='lat' dir='ltr'>praebuit</span> <span class='ocrx_word' id='word_1_39' title='bbox 758 1050 856 1115; x_wconf 88' lang='lat' dir='ltr'>fidem</span> <span class='ocrx_word' id='word_1_40' title='bbox 882 1052 990 1116; x_wconf 88' lang='lat' dir='ltr'>verbis</span> <span class='ocrx_word' id='word_1_41' title='bbox 1018 1051 1127 1134; x_wconf 89' lang='lat' dir='ltr'>angeli</span> 
     </span>
     <span class='ocr_line' id='line_1_8' title="bbox 54 1149 1126 1216; baseline 0.001 -2"><span class='ocrx_word' id='word_1_42' title='bbox 54 1173 106 1215; x_wconf 91' lang='lat' dir='ltr'>nec</span> <span class='ocrx_word' id='word_1_43' title='bbox 137 1152 301 1216; x_wconf 87' lang='lat' dir='ltr'>ullatenus</span> <span class='ocrx_word' id='word_1_44' title='bbox 334 1151 374 1216; x_wconf 92' lang='lat' dir='ltr'>de</span> <span class='ocrx_word' id='word_1_45' title='bbox 406 1171 465 1214; x_wconf 89' lang='lat' dir='ltr'>sua</span> <span class='ocrx_word' id='word_1_46' title='bbox 501 1157 535 1214; x_wconf 91' lang='lat' dir='ltr'>et</span> <span class='ocrx_word' id='word_1_47' title='bbox 566 1150 669 1215; x_wconf 93' lang='lat' dir='ltr'>multo</span> <span class='ocrx_word' id='word_1_48' title='bbox 700 1150 806 1214; x_wconf 88' lang='lat' dir='ltr'>minus</span> <span class='ocrx_word' id='word_1_49' title='bbox 845 1149 885 1214; x_wconf 91' lang='lat' dir='ltr'>de</span> <span class='ocrx_word' id='word_1_50' title='bbox 916 1150 1126 1216; x_wconf 87' lang='lat' dir='ltr'>Elisabethae</span> 
     </span>
     <span class='ocr_line' id='line_1_9' title="bbox 56 1247 1127 1333; baseline 0.001 -20"><span class='ocrx_word' id='word_1_51' title='bbox 56 1250 210 1317; x_wconf 85' lang='lat' dir='ltr'>dubitavit</span> <span class='ocrx_word' id='word_1_52' title='bbox 241 1249 530 1333; x_wconf 81' lang='lat' dir='ltr'>impraegnatione.</span> <span class='ocrx_word' id='word_1_53' title='bbox 584 1250 690 1332; x_wconf 88' lang='lat' dir='ltr'>Majus</span> <span class='ocrx_word' id='word_1_54' title='bbox 725 1255 759 1314; x_wconf 90' lang='lat' dir='ltr'>et</span> <span class='ocrx_word' id='word_1_55' title='bbox 791 1247 949 1313; x_wconf 89' lang='lat' dir='ltr'>difficilius</span> <span class='ocrx_word' id='word_1_56' title='bbox 981 1249 1127 1330; x_wconf 89' lang='lat' dir='ltr'>credens,</span> 
     </span>
     <span class='ocr_line' id='line_1_10' title="bbox 48 1347 1126 1431; baseline 0.001 -19"><span class='ocrx_word' id='word_1_57' title='bbox 48 1349 205 1430; x_wconf 89' lang='lat' dir='ltr'>&#39;quomodo</span> <span class='ocrx_word' id='word_1_58' title='bbox 236 1349 275 1413; x_wconf 90' lang='lat' dir='ltr'>de</span> <span class='ocrx_word' id='word_1_59' title='bbox 297 1349 414 1412; x_wconf 91' lang='lat' dir='ltr'>minori</span> <span class='ocrx_word' id='word_1_60' title='bbox 443 1370 480 1412; x_wconf 90' lang='lat' dir='ltr'>ac</span> <span class='ocrx_word' id='word_1_61' title='bbox 509 1347 651 1412; x_wconf 83' lang='lat' dir='ltr'>faciliori</span> <span class='ocrx_word' id='word_1_62' title='bbox 680 1348 830 1413; x_wconf 89' lang='lat' dir='ltr'>dubitare</span> <span class='ocrx_word' id='word_1_63' title='bbox 851 1349 997 1431; x_wconf 75' lang='lat' dir='ltr'>poterit?</span> <span class='ocrx_word' id='word_1_64' title='bbox 1031 1349 1126 1428; x_wconf 80' lang='lat' dir='ltr'>Quid,</span> 
     </span>
     <span class='ocr_line' id='line_1_11' title="bbox 55 1447 1127 1532; baseline 0.002 -21"><span class='ocrx_word' id='word_1_65' title='bbox 55 1471 74 1511; x_wconf 89' lang='lat' dir='ltr'>s.</span> <span class='ocrx_word' id='word_1_66' title='bbox 95 1449 235 1532; x_wconf 89' lang='lat' dir='ltr'>Deipara</span> <span class='ocrx_word' id='word_1_67' title='bbox 257 1449 440 1513; x_wconf 72' lang='lat' dir='ltr'>dubitasset</span> <span class='ocrx_word' id='word_1_68' title='bbox 461 1469 498 1512; x_wconf 90' lang='lat' dir='ltr'>ac</span> <span class='ocrx_word' id='word_1_69' title='bbox 520 1469 556 1511; x_wconf 88' lang='lat' dir='ltr'>ro</span> <span class='ocrx_word' id='word_1_70' title='bbox 578 1447 649 1530; x_wconf 88' lang='lat' dir='ltr'>ipsa</span> <span class='ocrx_word' id='word_1_71' title='bbox 677 1448 817 1530; x_wconf 87' lang='lat' dir='ltr'>experiri</span> <span class='ocrx_word' id='word_1_72' title='bbox 838 1448 1008 1526; x_wconf 90' lang='lat' dir='ltr'>voluisset,</span> <span class='ocrx_word' id='word_1_73' title='bbox 1038 1448 1127 1532; x_wconf 91' lang='lat' dir='ltr'>quod</span> 
     </span>
     <span class='ocr_line' id='line_1_12' title="bbox 54 1546 1126 1630; baseline 0.004 -21"><span class='ocrx_word' id='word_1_74' title='bbox 54 1547 186 1630; x_wconf 81' lang='lat' dir='ltr'>Angelus</span> <span class='ocrx_word' id='word_1_75' title='bbox 224 1547 457 1612; x_wconf 81' lang='lat' dir='ltr'>nuntiaverat?</span> <span class='ocrx_word' id='word_1_76' title='bbox 508 1546 675 1630; x_wconf 90' lang='lat' dir='ltr'>Numquid</span> <span class='ocrx_word' id='word_1_77' title='bbox 713 1547 874 1629; x_wconf 88' lang='lat' dir='ltr'>ignoravit</span> <span class='ocrx_word' id='word_1_78' title='bbox 913 1569 938 1611; x_wconf 90' lang='lat' dir='ltr'>s.</span> <span class='ocrx_word' id='word_1_79' title='bbox 976 1547 1066 1630; x_wconf 84' lang='lat' dir='ltr'>virgo</span> <span class='ocrx_word' id='word_1_80' title='bbox 1105 1569 1126 1613; x_wconf 88' lang='lat' dir='ltr'>a</span> 
     </span>
     <span class='ocr_line' id='line_1_13' title="bbox 56 1646 1128 1731; baseline 0.003 -21"><span class='ocrx_word' id='word_1_81' title='bbox 56 1647 169 1728; x_wconf 86' lang='lat' dir='ltr'>Spiritu</span> <span class='ocrx_word' id='word_1_82' title='bbox 198 1653 311 1712; x_wconf 90' lang='lat' dir='ltr'>sancto</span> <span class='ocrx_word' id='word_1_83' title='bbox 345 1667 472 1728; x_wconf 88' lang='lat' dir='ltr'>semper</span> <span class='ocrx_word' id='word_1_84' title='bbox 499 1646 699 1724; x_wconf 90' lang='lat' dir='ltr'>illuminata,</span> <span class='ocrx_word' id='word_1_85' title='bbox 736 1647 823 1728; x_wconf 91' lang='lat' dir='ltr'>quod</span> <span class='ocrx_word' id='word_1_86' title='bbox 853 1653 1023 1712; x_wconf 85' lang='lat' dir='ltr'>sexcentus</span> <span class='ocrx_word' id='word_1_87' title='bbox 1051 1655 1128 1731; x_wconf 90' lang='lat' dir='ltr'>post</span> 
     </span>
    </p>
   </div>
   <div class='ocr_carea' id='block_1_4' title="bbox 55 1744 1228 1827">
    <p class='ocr_par' dir='ltr' id='par_1_4' title="bbox 55 1744 1228 1827">
     <span class='ocr_line' id='line_1_14' title="bbox 55 1744 1228 1827; baseline 0.003 -20"><span class='ocrx_word' id='word_1_88' title='bbox 55 1765 145 1809; x_wconf 90' lang='lat' dir='ltr'>annos</span> <span class='ocrx_word' id='word_1_89' title='bbox 191 1745 220 1809; x_wconf 94' lang='lat' dir='ltr'>d.</span> <span class='ocrx_word' id='word_1_90' title='bbox 263 1744 517 1827; x_wconf 80' lang='lat' dir='ltr'>Gregorius¹)</span> <span class='ocrx_word' id='word_1_91' title='bbox 562 1744 709 1826; x_wconf 86' lang='lat' dir='ltr'>scripsit:</span> <span class='ocrx_word' id='word_1_92' title='bbox 756 1744 872 1826; x_wconf 81' lang='lat' dir='ltr'>,Fides</span> <span class='ocrx_word' id='word_1_93' title='bbox 917 1767 981 1809; x_wconf 89' lang='lat' dir='ltr'>uon</span> <span class='ocrx_word' id='word_1_94' title='bbox 1024 1746 1127 1811; x_wconf 90' lang='lat' dir='ltr'>habet</span> <span class='ocrx_word' id='word_1_95' title='bbox 1226 1789 1228 1796; x_wconf 70' lang='lat'>,</span> 
     </span>
    </p>
   </div>
   <div class='ocr_carea' id='block_1_5' title="bbox 55 1843 1127 2618">
    <p class='ocr_par' dir='ltr' id='par_1_5' title="bbox 55 1843 1127 2618">
     <span class='ocr_line' id='line_1_15' title="bbox 55 1843 1125 1926; baseline 0.003 -21"><span class='ocrx_word' id='word_1_96' title='bbox 55 1845 214 1921; x_wconf 92' lang='lat' dir='ltr'>meritum,</span> <span class='ocrx_word' id='word_1_97' title='bbox 257 1843 309 1907; x_wconf 93' lang='lat' dir='ltr'>cui</span> <span class='ocrx_word' id='word_1_98' title='bbox 347 1843 489 1908; x_wconf 90' lang='lat' dir='ltr'>humana</span> <span class='ocrx_word' id='word_1_99' title='bbox 527 1843 612 1907; x_wconf 90' lang='lat' dir='ltr'>ratio</span> <span class='ocrx_word' id='word_1_100' title='bbox 651 1843 788 1925; x_wconf 89' lang='lat' dir='ltr'>praebet</span> <span class='ocrx_word' id='word_1_101' title='bbox 827 1844 1125 1926; x_wconf 80' lang='lat' dir='ltr'>experimentum?“</span> 
     </span>
     <span class='ocr_line' id='line_1_16' title="bbox 55 1941 1126 2027; baseline 0.002 -22"><span class='ocrx_word' id='word_1_102' title='bbox 55 1941 152 2017; x_wconf 79' lang='lat' dir='ltr'>Quare</span> <span class='ocrx_word' id='word_1_103' title='bbox 175 1942 317 2025; x_wconf 77' lang='lat' dir='ltr'>Angelus</span> <span class='ocrx_word' id='word_1_104' title='bbox 346 1943 467 2006; x_wconf 87' lang='lat' dir='ltr'>sterilis</span> <span class='ocrx_word' id='word_1_105' title='bbox 488 1941 697 2006; x_wconf 86' lang='lat' dir='ltr'>Elisabethac</span> <span class='ocrx_word' id='word_1_106' title='bbox 726 1949 918 2025; x_wconf 88' lang='lat' dir='ltr'>conceptum</span> <span class='ocrx_word' id='word_1_107' title='bbox 946 1944 977 2008; x_wconf 88' lang='lat' dir='ltr'>b.</span> <span class='ocrx_word' id='word_1_108' title='bbox 999 1944 1126 2027; x_wconf 87' lang='lat' dir='ltr'>Virgini</span> 
     </span>
     <span class='ocr_line' id='line_1_17' title="bbox 55 2041 1125 2126; baseline 0.006 -24"><span class='ocrx_word' id='word_1_109' title='bbox 55 2041 262 2119; x_wconf 84' lang='lat' dir='ltr'>nuntiaverit,</span> <span class='ocrx_word' id='word_1_110' title='bbox 299 2041 367 2124; x_wconf 87' lang='lat' dir='ltr'>jam</span> <span class='ocrx_word' id='word_1_111' title='bbox 399 2063 498 2124; x_wconf 89' lang='lat' dir='ltr'>supra</span> <span class='ocrx_word' id='word_1_112' title='bbox 538 2041 662 2106; x_wconf 90' lang='lat' dir='ltr'>dictum</span> <span class='ocrx_word' id='word_1_113' title='bbox 699 2049 756 2106; x_wconf 93' lang='lat' dir='ltr'>est.</span> <span class='ocrx_word' id='word_1_114' title='bbox 811 2041 997 2126; x_wconf 78' lang='lat' dir='ltr'>„Numquid</span> <span class='ocrx_word' id='word_1_115' title='bbox 1028 2043 1125 2122; x_wconf 86' lang='lat' dir='ltr'>forte,</span> 
     </span>
     <span class='ocr_line' id='line_1_18' title="bbox 56 2139 1126 2224; baseline 0.004 -22"><span class='ocrx_word' id='word_1_116' title='bbox 56 2139 227 2224; x_wconf 88' lang='lat' dir='ltr'>interrogat</span> <span class='ocrx_word' id='word_1_117' title='bbox 256 2139 404 2204; x_wconf 90' lang='lat' dir='ltr'>Doctor</span> <span class='ocrx_word' id='word_1_118' title='bbox 432 2139 701 2221; x_wconf 81' lang='lat' dir='ltr'>Mellifluus,²)</span> <span class='ocrx_word' id='word_1_119' title='bbox 732 2141 865 2205; x_wconf 92' lang='lat' dir='ltr'>dubiam</span> <span class='ocrx_word' id='word_1_120' title='bbox 886 2141 992 2206; x_wconf 90' lang='lat' dir='ltr'>adhuc</span> <span class='ocrx_word' id='word_1_121' title='bbox 1021 2143 1126 2206; x_wconf 90' lang='lat' dir='ltr'>etin·</span> 
     </span>
     <span class='ocr_line' id='line_1_19' title="bbox 56 2239 1124 2318; baseline 0.005 -18"><span class='ocrx_word' id='word_1_122' title='bbox 56 2240 211 2304; x_wconf 77' lang='lat' dir='ltr'>credulam</span> <span class='ocrx_word' id='word_1_123' title='bbox 232 2240 372 2318; x_wconf 92' lang='lat' dir='ltr'>oraculo,</span> <span class='ocrx_word' id='word_1_124' title='bbox 390 2240 571 2304; x_wconf 87' lang='lat' dir='ltr'>recentiore</span> <span class='ocrx_word' id='word_1_125' title='bbox 593 2240 697 2305; x_wconf 89' lang='lat' dir='ltr'>voluit</span> <span class='ocrx_word' id='word_1_126' title='bbox 714 2239 904 2305; x_wconf 87' lang='lat' dir='ltr'>confirmare</span> <span class='ocrx_word' id='word_1_127' title='bbox 925 2242 1124 2306; x_wconf 75' lang='lat' dir='ltr'>miraculo?“</span> 
     </span>
     <span class='ocr_line' id='line_1_20' title="bbox 57 2337 1127 2424; baseline 0.007 -26"><span class='ocrx_word' id='word_1_128' title='bbox 57 2337 177 2417; x_wconf 85' lang='lat' dir='ltr'>,Absit,</span> <span class='ocrx_word' id='word_1_129' title='bbox 207 2338 397 2422; x_wconf 87' lang='lat' dir='ltr'>respondet,</span> <span class='ocrx_word' id='word_1_130' title='bbox 427 2338 485 2402; x_wconf 92' lang='lat' dir='ltr'>sed</span> <span class='ocrx_word' id='word_1_131' title='bbox 511 2338 585 2403; x_wconf 88' lang='lat' dir='ltr'>ideo</span> <span class='ocrx_word' id='word_1_132' title='bbox 614 2338 735 2404; x_wconf 90' lang='lat' dir='ltr'>sterilis</span> <span class='ocrx_word' id='word_1_133' title='bbox 763 2347 921 2422; x_wconf 88' lang='lat' dir='ltr'>cognatae</span> <span class='ocrx_word' id='word_1_134' title='bbox 950 2347 1127 2424; x_wconf 89' lang='lat' dir='ltr'>conceptus</span> 
     </span>
     <span class='ocr_line' id='line_1_21' title="bbox 56 2433 1126 2520; baseline 0.005 -21"><span class='ocrx_word' id='word_1_135' title='bbox 56 2433 172 2518; x_wconf 82' lang='lat' dir='ltr'>Virgini</span> <span class='ocrx_word' id='word_1_136' title='bbox 192 2437 380 2515; x_wconf 88' lang='lat' dir='ltr'>nuntiatur,</span> <span class='ocrx_word' id='word_1_137' title='bbox 410 2443 464 2514; x_wconf 92' lang='lat' dir='ltr'>ut,</span> <span class='ocrx_word' id='word_1_138' title='bbox 494 2436 571 2500; x_wconf 91' lang='lat' dir='ltr'>dum</span> <span class='ocrx_word' id='word_1_139' title='bbox 592 2437 784 2504; x_wconf 85' lang='lat' dir='ltr'>miraculum</span> <span class='ocrx_word' id='word_1_140' title='bbox 804 2439 961 2505; x_wconf 92' lang='lat' dir='ltr'>miraculo</span> <span class='ocrx_word' id='word_1_141' title='bbox 983 2440 1126 2520; x_wconf 86' lang='lat' dir='ltr'>additur,</span> 
     </span>
     <span class='ocr_line' id='line_1_22' title="bbox 57 2521 654 2618; baseline 0.007 -22"><span class='ocrx_word' id='word_1_142' title='bbox 57 2535 200 2614; x_wconf 91' lang='lat' dir='ltr'>gaudium</span> <span class='ocrx_word' id='word_1_143' title='bbox 221 2535 339 2618; x_wconf 91' lang='lat' dir='ltr'>gaudio</span> <span class='ocrx_word' id='word_1_144' title='bbox 362 2535 577 2600; x_wconf 81' lang='lat' dir='ltr'>cumuletur.“</span> <span class='ocrx_word' id='word_1_145' title='bbox 651 2521 654 2530; x_wconf 64' lang='grc'><strong><em>’</em></strong></span> 
     </span>
    </p>
   </div>
   <div class='ocr_carea' id='block_1_6' title="bbox 56 2667 1211 3129">
    <p class='ocr_par' dir='ltr' id='par_1_6' title="bbox 56 2667 1211 3129">
     <span class='ocr_line' id='line_1_23' title="bbox 110 2667 1211 2760; baseline 0.008 -31"><span class='ocrx_word' id='word_1_146' title='bbox 110 2667 215 2731; x_wconf 87' lang='lat' dir='ltr'>Aliam</span> <span class='ocrx_word' id='word_1_147' title='bbox 233 2667 347 2732; x_wconf 88' lang='lat' dir='ltr'>attulit</span> <span class='ocrx_word' id='word_1_148' title='bbox 364 2668 525 2732; x_wconf 89' lang='lat' dir='ltr'>rationem</span> <span class='ocrx_word' id='word_1_149' title='bbox 543 2668 742 2734; x_wconf 90' lang='lat' dir='ltr'>acatholicus</span> <span class='ocrx_word' id='word_1_150' title='bbox 760 2669 957 2735; x_wconf 90' lang='lat' dir='ltr'>Brentius.</span> <span class='ocrx_word' id='word_1_151' title='bbox 992 2672 1127 2760; x_wconf 68' lang='lat' dir='ltr'>,Maria</span> <span class='ocrx_word' id='word_1_152' title='bbox 1208 2703 1211 2710; x_wconf 95' lang='lat'>·</span> 
     </span>
     <span class='ocr_line' id='line_1_24' title="bbox 56 2762 1126 2851; baseline 0.012 -26"><span class='ocrx_word' id='word_1_153' title='bbox 56 2762 167 2848; x_wconf 91' lang='lat' dir='ltr'>inquit,</span> <span class='ocrx_word' id='word_1_154' title='bbox 197 2767 341 2832; x_wconf 85' lang='lat' dir='ltr'>visitavit</span> <span class='ocrx_word' id='word_1_155' title='bbox 361 2774 533 2851; x_wconf 89' lang='lat' dir='ltr'>cognatam</span> <span class='ocrx_word' id='word_1_156' title='bbox 561 2790 653 2832; x_wconf 86' lang='lat' dir='ltr'>suam</span> <span class='ocrx_word' id='word_1_157' title='bbox 673 2769 912 2848; x_wconf 89' lang='lat' dir='ltr'>Elisabetham,</span> <span class='ocrx_word' id='word_1_158' title='bbox 942 2777 980 2836; x_wconf 92' lang='lat' dir='ltr'>ut</span> <span class='ocrx_word' id='word_1_159' title='bbox 1007 2773 1126 2838; x_wconf 85' lang='lat' dir='ltr'>verbo</span> 
     </span>
     <span class='ocr_line' id='line_1_25' title="bbox 58 2864 1126 2953; baseline 0.01 -28"><span class='ocrx_word' id='word_1_160' title='bbox 58 2864 188 2946; x_wconf 90' lang='lat' dir='ltr'>Angeli</span> <span class='ocrx_word' id='word_1_161' title='bbox 216 2865 416 2945; x_wconf 87' lang='lat' dir='ltr'>obediret,</span> <span class='ocrx_word' id='word_1_162' title='bbox 447 2873 480 2932; x_wconf 90' lang='lat' dir='ltr'>et</span> <span class='ocrx_word' id='word_1_163' title='bbox 500 2875 749 2947; x_wconf 89' lang='lat' dir='ltr'>sacramentum,</span> <span class='ocrx_word' id='word_1_164' title='bbox 773 2868 860 2953; x_wconf 93' lang='lat' dir='ltr'>quod</span> <span class='ocrx_word' id='word_1_165' title='bbox 881 2869 1023 2952; x_wconf 86' lang='lat' dir='ltr'>Angelus</span> <span class='ocrx_word' id='word_1_166' title='bbox 1045 2892 1126 2936; x_wconf 90' lang='lat' dir='ltr'>nun·</span> 
     </span>
     <span class='ocr_line' id='line_1_26' title="bbox 58 2962 1127 3048; baseline 0.01 -24"><span class='ocrx_word' id='word_1_167' title='bbox 58 2962 202 3042; x_wconf 85' lang='lat' dir='ltr'>tiaverat,</span> <span class='ocrx_word' id='word_1_168' title='bbox 236 2986 271 3029; x_wconf 92' lang='lat' dir='ltr'>re</span> <span class='ocrx_word' id='word_1_169' title='bbox 300 2966 371 3048; x_wconf 89' lang='lat' dir='ltr'>ipsa</span> <span class='ocrx_word' id='word_1_170' title='bbox 399 2967 619 3048; x_wconf 87' lang='lat' dir='ltr'>experiretur,</span> <span class='ocrx_word' id='word_1_171' title='bbox 653 2972 687 3032; x_wconf 90' lang='lat' dir='ltr'>et</span> <span class='ocrx_word' id='word_1_172' title='bbox 714 2988 826 3032; x_wconf 91' lang='lat' dir='ltr'>rursus</span> <span class='ocrx_word' id='word_1_173' title='bbox 854 2968 1025 3034; x_wconf 85' lang='lat' dir='ltr'>Elisabeth</span> <span class='ocrx_word' id='word_1_174' title='bbox 1052 2992 1127 3035; x_wconf 91' lang='lat' dir='ltr'>oon·</span> 
     </span>
     <span class='ocr_line' id='line_1_27' title="bbox 57 3058 450 3129; baseline 0.018 -7"><span class='ocrx_word' id='word_1_175' title='bbox 57 3058 156 3127; x_wconf 86' lang='lat' dir='ltr'>firmat</span> <span class='ocrx_word' id='word_1_176' title='bbox 175 3063 273 3128; x_wconf 91' lang='lat' dir='ltr'>fidem</span> <span class='ocrx_word' id='word_1_177' title='bbox 294 3065 450 3129; x_wconf 80' lang='lat' dir='ltr'>Mariae.“</span> 
     </span>
    </p>
   </div>
   <div class='ocr_carea' id='block_1_7' title="bbox 58 3193 1129 3758">
    <p class='ocr_par' dir='ltr' id='par_1_7' title="bbox 58 3193 1129 3758">
     <span class='ocr_line' id='line_1_28' title="bbox 111 3193 1127 3281; baseline 0.005 -22"><span class='ocrx_word' id='word_1_178' title='bbox 111 3193 249 3259; x_wconf 85' lang='lat' dir='ltr'>Ubinam</span> <span class='ocrx_word' id='word_1_179' title='bbox 287 3197 363 3262; x_wconf 91' lang='lat' dir='ltr'>talis</span> <span class='ocrx_word' id='word_1_180' title='bbox 401 3197 548 3263; x_wconf 88' lang='lat' dir='ltr'>mandati</span> <span class='ocrx_word' id='word_1_181' title='bbox 587 3199 725 3281; x_wconf 87' lang='lat' dir='ltr'>angelici</span> <span class='ocrx_word' id='word_1_182' title='bbox 764 3200 886 3264; x_wconf 92' lang='lat' dir='ltr'>mentio</span> <span class='ocrx_word' id='word_1_183' title='bbox 925 3199 1015 3264; x_wconf 85' lang='lat' dir='ltr'>facta</span> <span class='ocrx_word' id='word_1_184' title='bbox 1054 3201 1127 3264; x_wconf 85' lang='lat' dir='ltr'>est?</span> 
     </span>
     <span class='ocr_line' id='line_1_29' title="bbox 58 3289 1127 3380; baseline 0.006 -25"><span class='ocrx_word' id='word_1_185' title='bbox 58 3289 172 3358; x_wconf 87' lang='lat' dir='ltr'>Mariae</span> <span class='ocrx_word' id='word_1_186' title='bbox 203 3293 284 3359; x_wconf 92' lang='lat' dir='ltr'>fides</span> <span class='ocrx_word' id='word_1_187' title='bbox 316 3296 463 3378; x_wconf 84' lang='lat' dir='ltr'>profecto</span> <span class='ocrx_word' id='word_1_188' title='bbox 494 3319 559 3361; x_wconf 90' lang='lat' dir='ltr'>non</span> <span class='ocrx_word' id='word_1_189' title='bbox 591 3303 660 3362; x_wconf 89' lang='lat' dir='ltr'>tam</span> <span class='ocrx_word' id='word_1_190' title='bbox 689 3298 844 3380; x_wconf 88' lang='lat' dir='ltr'>languida</span> <span class='ocrx_word' id='word_1_191' title='bbox 875 3304 961 3375; x_wconf 90' lang='lat' dir='ltr'>erat,</span> <span class='ocrx_word' id='word_1_192' title='bbox 995 3304 1033 3363; x_wconf 92' lang='lat' dir='ltr'>ut</span> <span class='ocrx_word' id='word_1_193' title='bbox 1060 3297 1127 3362; x_wconf 86' lang='lat' dir='ltr'>Eli·</span> 
     </span>
     <span class='ocr_line' id='line_1_30' title="bbox 59 3390 1128 3461; baseline 0.01 -11"><span class='ocrx_word' id='word_1_194' title='bbox 59 3390 203 3458; x_wconf 89' lang='lat' dir='ltr'>sabethae</span> <span class='ocrx_word' id='word_1_195' title='bbox 233 3394 385 3460; x_wconf 88' lang='lat' dir='ltr'>debuerit</span> <span class='ocrx_word' id='word_1_196' title='bbox 405 3396 553 3460; x_wconf 92' lang='lat' dir='ltr'>roborari</span> <span class='ocrx_word' id='word_1_197' title='bbox 581 3417 619 3460; x_wconf 90' lang='lat' dir='ltr'>ac</span> <span class='ocrx_word' id='word_1_198' title='bbox 648 3395 831 3461; x_wconf 90' lang='lat' dir='ltr'>confirmari</span> <span class='ocrx_word' id='word_1_199' title='bbox 859 3397 1007 3461; x_wconf 85' lang='lat' dir='ltr'>monitis!</span> <span class='ocrx_word' id='word_1_200' title='bbox 1040 3396 1128 3461; x_wconf 88' lang='lat' dir='ltr'>Num</span> 
     </span>
     <span class='ocr_line' id='line_1_31' title="bbox 58 3487 1129 3578; baseline 0.009 -28"><span class='ocrx_word' id='word_1_201' title='bbox 58 3487 239 3557; x_wconf 87' lang='lat' dir='ltr'>Elisabetha</span> <span class='ocrx_word' id='word_1_202' title='bbox 273 3493 469 3558; x_wconf 87' lang='lat' dir='ltr'>celebrasset</span> <span class='ocrx_word' id='word_1_203' title='bbox 497 3493 620 3562; x_wconf 84' lang='lat' dir='ltr'>Mariae</span> <span class='ocrx_word' id='word_1_204' title='bbox 652 3493 750 3559; x_wconf 91' lang='lat' dir='ltr'>fidem</span> <span class='ocrx_word' id='word_1_205' title='bbox 780 3494 888 3559; x_wconf 88' lang='lat' dir='ltr'>verbis</span> <span class='ocrx_word' id='word_1_206' title='bbox 921 3495 986 3559; x_wconf 94' lang='lat' dir='ltr'>illis</span> <span class='ocrx_word' id='word_1_207' title='bbox 1018 3517 1129 3578; x_wconf 91' lang='lat' dir='ltr'>perso-</span> 
     </span>
     <span class='ocr_line' id='line_1_32' title="bbox 59 3586 1127 3676; baseline 0.009 -28"><span class='ocrx_word' id='word_1_208' title='bbox 59 3586 223 3656; x_wconf 84' lang='lat' dir='ltr'>lemnibus:</span> <span class='ocrx_word' id='word_1_209' title='bbox 253 3593 411 3674; x_wconf 70' lang='lat' dir='ltr'>,Beata</span> <span class='ocrx_word' id='word_1_210' title='bbox 435 3615 534 3676; x_wconf 86' lang='lat' dir='ltr'>quae</span> <span class='ocrx_word' id='word_1_211' title='bbox 563 3595 812 3673; x_wconf 80' lang='lat' dir='ltr'>credidisti,“</span> <span class='ocrx_word' id='word_1_212' title='bbox 834 3596 862 3659; x_wconf 92' lang='lat' dir='ltr'>si</span> <span class='ocrx_word' id='word_1_213' title='bbox 883 3593 1042 3660; x_wconf 88' lang='lat' dir='ltr'>fidesilla</span> <span class='ocrx_word' id='word_1_214' title='bbox 1059 3617 1127 3668; x_wconf 90' lang='lat' dir='ltr'>non</span> 
     </span>
     <span class='ocr_line' id='line_1_33' title="bbox 59 3683 1086 3758; baseline 0.01 -12"><span class='ocrx_word' id='word_1_215' title='bbox 59 3683 164 3754; x_wconf 81' lang='lat' dir='ltr'>luisset</span> <span class='ocrx_word' id='word_1_216' title='bbox 186 3691 304 3755; x_wconf 86' lang='lat' dir='ltr'>eximia</span> <span class='ocrx_word' id='word_1_217' title='bbox 326 3698 359 3756; x_wconf 92' lang='lat' dir='ltr'>et</span> <span class='ocrx_word' id='word_1_218' title='bbox 380 3691 594 3756; x_wconf 85' lang='lat' dir='ltr'>dubitationis</span> <span class='ocrx_word' id='word_1_219' title='bbox 616 3693 843 3757; x_wconf 85' lang='lat' dir='ltr'>commixtione</span> <span class='ocrx_word' id='word_1_220' title='bbox 864 3692 1086 3758; x_wconf 85' lang='lat' dir='ltr'>labefactata?</span> 
     </span>
    </p>
   </div>
   <div class='ocr_carea' id='block_1_8' title="bbox 119 3877 952 3988">
    <p class='ocr_par' dir='ltr' id='par_1_8' title="bbox 119 3877 952 3988">
     <span class='ocr_line' id='line_1_34' title="bbox 119 3877 952 3988; baseline 0.006 -17"><span class='ocrx_word' id='word_1_221' title='bbox 119 3918 136 3985; x_wconf 77' lang='lat'>¹)</span> <span class='ocrx_word' id='word_1_222' title='bbox 154 3919 183 3973; x_wconf 92' lang='lat' dir='ltr'>ln</span> <span class='ocrx_word' id='word_1_223' title='bbox 201 3921 307 3988; x_wconf 81' lang='lat' dir='ltr'>Evang.</span> <span class='ocrx_word' id='word_1_224' title='bbox 324 3920 396 3975; x_wconf 90' lang='lat' dir='ltr'>hom.</span> <span class='ocrx_word' id='word_1_225' title='bbox 414 3877 454 3976; x_wconf 63' lang='lat' dir='ltr'>ld.</span> <span class='ocrx_word' id='word_1_226' title='bbox 488 3923 510 3987; x_wconf 73' lang='lat'>²)</span> <span class='ocrx_word' id='word_1_227' title='bbox 528 3921 616 3988; x_wconf 89' lang='lat' dir='ltr'>Super</span> <span class='ocrx_word' id='word_1_228' title='bbox 633 3921 734 3974; x_wconf 83' lang='lat' dir='ltr'>Missus</span> <span class='ocrx_word' id='word_1_229' title='bbox 749 3921 823 3977; x_wconf 90' lang='lat' dir='ltr'>hom.</span> <span class='ocrx_word' id='word_1_230' title='bbox 840 3925 864 3977; x_wconf 82' lang='lat'>4.</span> <span class='ocrx_word' id='word_1_231' title='bbox 951 3914 952 3917; x_wconf 26' lang='lat'>¹</span> 
     </span>
    </p>
   </div>
   <div class='ocr_carea' id='block_1_9' title="bbox 0 0 1370 4554">
    <p class='ocr_par' dir='ltr' id='par_1_9' title="bbox 0 0 1370 4554">
     <span class='ocr_line' id='line_1_35' title="bbox 0 0 1370 4554; baseline 0 0"><span class='ocrx_word' id='word_1_232' title='bbox 0 0 1370 4554; x_wconf 95' lang='lat' dir='ltr'> </span> 
     </span>
    </p>
   </div>
  </div>
 </body>
</html>
