2726 4560
563 374 580 433 7

13 489 14 496 i
58 541 110 600 ten
126 535 304 601 virtualiter
325 538 359 599 ct
386 532 614 616 implicite,
641 527 864 598 beatissimm
883 527 1050 614 Virginem
1069 529 1110 597 ab

58 634 197 718 originalis
216 632 347 718 peccati
372 632 500 697 macula
519 637 762 716 praeservatam
782 630 882 696 fuisse
903 629 1071 715 probatur.
1085 633 1110 713 ¹)

102 759 133 820 Α.
162 759 288 823 Vetus
319 762 625 823 testamentum.

106 886 127 943 l.
164 869 288 958 Quum
301 879 444 944 Adamus
484 879 524 944 de
561 877 649 944 fruct
635 885 672 943 ιιι
704 878 771 943 veti
772 884 806 942 to
772 879 1016 945 tcomedens
1049 879 1111 944 Dei
1174 947 1182 956 ,

55 986 183 1091 praecept
184 1002 239 1045 um
267 979 384 1045 fuisset
411 986 643 1062 transgressus,
656 979 682 1060 ³)
712 978 859 1062 serpenti
885 979 906 1042 i.
930 1001 957 1043 e
981 979 1110 1045 diabolo

55 1085 162 1160 serpent
162 1078 189 1142 is
224 1078 364 1162 figuram
398 1066 598 1162 praeferenti
629 1076 718 1141 Deus
755 1076 855 1141 dixit:
898 1077 1110 1160 ,Inimicitias

55 1195 149 1256 ponam
167 1177 254 1242 inter
276 1183 310 1242 te
340 1183 374 1241 et
400 1177 583 1254 mulierem,
618 1181 651 1241 et
678 1197 788 1240 semen
816 1182 910 1241 tuum
938 1183 972 1242 et
1000 1198 1110 1241 semen

54 1274 129 1340 lbos.
169 1277 244 1360 Ipsa
274 1282 422 1341 conteret
451 1281 550 1359 caput
576 1282 670 1340 tuum
699 1280 733 1339 et
761 1280 799 1340 tu
820 1275 1025 1341 insidiaberis
1047 1277 1111 1341 cal·
1189 1305 1192 1310 ·

55 1393 132 1439 caneo
153 1375 252 1458 ejus.“

98 1489 188 1555 Juxta
214 1491 280 1555 hoe
309 1490 491 1570 oraculum,
521 1491 638 1556 merito
661 1493 985 1574 ,,ιιριιιτιιιιιγγειιον(ί
1008 1493 1110 1556 nomi-

53 1593 157 1668 natum,
186 1589 277 1674 quod
298 1589 546 1672 promissionem
567 1589 672 1655 futuri
701 1590 854 1656 exhibeat
874 1590 1109 1675 Redemptoris‚

54 1685 189 1769 Deiparae
216 1689 357 1754 victoria
382 1688 525 1754 refertur
551 1695 666 1754 contra
695 1689 862 1755 diabolum
888 1691 923 1754 in
944 1688 1109 1755 evadendo

54 1794 197 1866 peccatum
226 1789 328 1872 idque
348 1789 523 1872 praecipue
545 1788 716 1872 originale,
746 1795 841 1854 textu
869 1789 997 1854 dicente
1019 1788 1111 1871 ,ipsa

54 1892 176 1951 conteret
203 1894 332 1971 caput
358 1889 482 1952 tuum.“
525 1888 672 1953 Daemon
693 1894 793 1971 caput
819 1894 1008 1952 nostrum
1035 1907 1110 1951 con-

54 1983 126 2063 terit,
153 1986 229 2070 quia
255 1987 292 2050 in
321 1987 428 2070 capite
457 1993 491 2052 et
520 1986 680 2071 principio
709 1987 795 2052 vitae
823 1993 955 2051 nostrae
977 2006 1035 2050 seu
1061 1985 1109 2049 in·

54 2086 133 2149 stanti
163 2087 385 2170 conceptionis
413 2094 544 2152 nostrae
576 2108 636 2171 per
662 2093 834 2170 peccatum
863 2085 1019 2169 originale
1051 2105 1109 2149 suo

54 2201 96 2245 nos
120 2185 225 2251 subdit
254 2185 408 2250 dominio.
450 2185 581 2250 Maria
608 2207 684 2250 vero
714 2191 813 2269 caput
840 2183 1005 2250 daemonis
1035 2204 1109 2248 con·

53 2281 137 2363 trivit3
166 2308 268 2369 quum
301 2285 387 2350 enim
415 2285 634 2368 conceptionis
665 2285 804 2350 instanti
831 2305 851 2348 a
881 2289 1016 2367 peccato
1046 2281 1108 2346 ori-

53 2378 130 2458 ginali
148 2381 247 2449 fuerit
275 2383 442 2462 immunis,
477 2383 517 2448 de
544 2383 701 2449 daemone
722 2383 903 2468 reportavit
929 2381 1107 2448 victoriam.

53 2477 154 2554 ,Quum
173 2483 335 2566 subjectio
358 2482 525 2571 originalis
546 2483 675 2567 peccati
695 2490 795 2567 caput
816 2483 859 2548 sit
881 2481 1019 2561 diaboli,
1041 2481 1108 2547 tale

53 2586 130 2658 eaput
148 2580 252 2647 Maria
280 2583 450 2662 contrivit,
482 2583 591 2667 inquit
622 2605 645 2648 s.
679 2583 959 2696 Augustinus,
972 2582 998 2666 ³)
1031 2581 1109 2666 quia

52 2674 122 2740 nulla
157 2681 286 2762 peccati
325 2681 484 2765 subjectio
527 2683 708 2765 ingressum
743 2651 860 2747 habuit
845 2681 928 2747 tin
967 2680 1108 2745 animam

52 2770 181 2858 Virginis,
211 2787 245 2845 et
268 2779 343 2844 ideo
371 2779 412 2844 ab
440 2780 528 2844 omni
554 2780 719 2845 macula'
710 2780 862 2844 immunis
889 2778 962 2844 fuit.
968 2779 984 2812 “
1027 2778 1109 2844 Gum

52 2890 70 2931 t
87 2873 255 2959 Augustino
279 2900 399 2943 consen
400 2879 443 2943 tit
400 2879 483 2944 J
490 2900 640 2945 oannes
662 2879 817 2945 Gerson
838 2878 957 2956 dicens,
979 2877 1107 2961 aequis·

52 2969 145 3039 sinum
173 2977 292 3058 fuisse,
328 2977 416 3062 quod
446 2977 551 3042 Maria
590 2985 689 3062 caput
721 2978 880 3062 serpentis
912 2982 1106 3058 contereret,

52 3070 111 3148 quia
133 3077 258 3141 ratione
289 3077 418 3160 peccati
446 3077 611 3160 originalis
639 3078 670 3142 ei
695 3099 862 3161 nunquam
888 3075 1036 3158 subjecta
1055 3074 1106 3140 fu-

52 3165 118 3235 isset.
157 3175 309 3255 ,Justum
330 3182 393 3254 est,
418 3175 575 3258 scribit,⁴)
598 3176 685 3260 qnod
706 3177 818 3260 regina
839 3175 931 3254 coeli,
952 3174 1108 3257 magistra

51 3269 213 3349 augelorum
234 3275 428 3340 contriverit
454 3281 553 3357 eaput
581 3276 742 3358 serpentis
762 3276 782 3339 i.
806 3297 833 3341 e.
855 3273 1025 3340 infernalis
1045 3273 1106 3338 ini·

57 3426 228 3444 *⁶¹*—

102 3515 118 3581 ¹)
133 3518 199 3575 Sunt
211 3520 335 3590 quidem,
350 3521 396 3590 qni
413 3521 516 3590 dicant,
528 3522 644 3578 nullum'
652 3539 673 3576 ι.
687 3522 847 3591 Scripturas
860 3525 969 3576 textum
982 3521 1012 3575 in
1024 3536 1106 3574 sensu

54 3592 160 3656 literali
184 3621 235 3673 pro
259 3604 437 3660 immaculate
454 3606 641 3674 Conceptione
663 3606 797 3675 assignari
821 3622 910 3677 posse.
944 3607 983 3659 At
1002 3603 1045 3658 illi
1065 3605 1106 3674 ig·

52 3687 143 3749 neunt,
165 3703 275 3740 sensnm
300 3686 375 3742 hunc
400 3704 460 3742 esse
484 3687 639 3757 duplicem:
666 3689 829 3758 explicitum
855 3706 904 3743 seo
928 3687 1106 3742 formalem

52 3763 73 3811 tt
85 3763 238 3833 implicitum
256 3787 305 3824 seu
328 3769 524 3825 virtualem.
557 3771 694 3825 Formatis
711 3775 753 3826 est
769 3772 826 3836 ille,
844 3788 926 3841 quem
943 3770 1030 3824 verba
1045 3770 1107 3838 ipsa

53 3855 77 3893 er
91 3845 252 3907 institutione
269 3869 338 3922 prae
359 3869 388 3906 se
411 3851 517 3922 ferunt3
541 3854 680 3919 virtualis,
705 3871 788 3924 quem
808 3854 895 3908 verba
912 3851 1047 3908 exhibent
1070 3869 1105 3906 ex

53 3932 196 3988 connexione
219 3939 250 3989 et
272 3935 399 4004 legitima
421 3935 597 3992 deductione.
638 3936 661 4003 ³)
685 3937 753 3992 Gen.
779 3937 891 4003 lll,15.
932 3938 954 4004 ³)
979 3935 1104 3990 Dedan.
1131 3959 1133 3965 ⁸

53 4005 79 4058 ed
91 4009 152 4070 liter.
166 4016 214 4072 lib.
232 4021 271 4074 12.
304 4020 327 4086 ⁴)
344 4017 431 4074 Serm.
449 4017 484 4072 de
501 4020 619 4088 concep.
