2808 4556
754 365 816 425 624

243 537 279 595 et
298 528 386 594 festo
407 549 447 592 ao
475 526 579 590 cultui
607 524 787 590 secundum
814 525 906 590 illam
933 524 1097 603 exhibito,
1125 525 1162 589 in
1181 525 1331 590 Ecclesia

242 630 389 694 Romana
408 633 486 710 post
505 625 610 708 ipsius
633 624 742 688 cultus
762 625 1005 689 institutionem
1025 645 1196 707 nunquam
1216 625 1331 688 immu-

242 733 328 806 tato,
358 727 580 790 Romanorum
599 721 797 788 Pontificum
821 722 1115 787 Praedecessorum
1133 722 1331 787 Nostrorum

244 825 393 908 exemplo
423 823 534 888 favere
562 843 623 885 nec
654 843 720 886 non
751 822 840 886 tueri
865 823 1025 904 pietatem
1057 829 1092 886 et
1120 821 1332 886 devotionem

242 925 328 990 hane
354 923 482 988 colendi
511 930 545 987 et
566 920 755 984 celebrandi
780 921 1004 986 beatissimam
1024 921 1209 1002 Virginem,
1239 943 1332 1004 prae-

242 1024 394 1088 veniente
415 1022 543 1086 scilicet
560 1021 702 1104 Spiritus
720 1022 828 1086 sancti
849 1022 966 1104 gratia,
985 1028 1161 1104 apeccato
1179 1022 1333 1104 originali

242 1128 502 1206 promerentem,
542 1121 775 1203 cupientesque
810 1121 845 1184 in
876 1120 1001 1186 Christi
1034 1141 1132 1202 grege
1167 1122 1334 1186 unitatem

243 1222 386 1305 Spiritus
405 1221 440 1284 in
460 1220 589 1285 vinculo
609 1220 714 1302 pacis,
743 1221 867 1284 sedatis
895 1219 1129 1285 offensionibus
1159 1227 1195 1284 et
1216 1221 1333 1304 jurgiis

243 1321 427 1403 amotisque
455 1319 618 1384 scandalis
647 1339 852 1384 conservare:
880 1319 925 1383 ad
949 1317 1178 1400 praefatorum
1200 1319 1335 1402 Episco-

242 1441 361 1502 porum
391 1440 467 1482 cum
497 1418 718 1483 Ecclesiamm
754 1441 887 1484 suarum
918 1417 1081 1500 Capitulis
1118 1440 1157 1484 ac
1189 1419 1336 1502 Philippi

243 1518 341 1601 Regis
372 1517 508 1600 ejusque
539 1517 725 1599 Regnorum
757 1516 903 1581 oblatam
934 1515 1038 1580 Nobis
1068 1517 1265 1581 instantiam
1296 1539 1335 1582 ac

242 1637 372 1700 preces;
405 1615 666 1680 constitutiones
688 1623 721 1680 et
743 1616 877 1680 decreta
897 1637 919 1679 a
938 1616 1094 1680 Romanis
1116 1616 1335 1682 Pontificibus
1395 1623 1397 1636 ⁴

243 1715 552 1780 Praedecessoribus
564 1715 703 1793 Nostris,
720 1722 755 1780 et
769 1717 947 1798 praecipue
963 1737 983 1779 a
997 1715 1091 1780 Sixto
1101 1715 1167 1792 lv,
1179 1715 1285 1780 Paulo
1296 1715 1334 1778 V.

244 1821 280 1879 et
302 1814 460 1896 Gregorio
481 1814 557 1896 XV..
578 1814 668 1878 edita
696 1815 731 1878 in
756 1814 902 1878 favorem
919 1815 1115 1879 'sententiae
1143 1816 1334 1892 asserentis,

244 1915 387 1980 animam
418 1914 535 1978 beatae
563 1913 688 1978 Mariae
714 1913 858 1996 Virginis
889 1915 925 1978 in
956 1915 1009 1979 sui
1035 1912 1204 1978 creatione
1238 1920 1273 1978 et
1302 1913 1335 1976 in

245 2035 363 2096 corpus
393 2011 559 2077 infusione
592 2013 733 2095 Spiritus
766 2014 878 2078 Sancti
914 2013 1023 2096 gratia
1054 2013 1213 2076 donatam
1250 2019 1285 2076 et
1316 2033 1336 2076 a

243 2118 380 2194 peccato
412 2110 563 2194 originali
593 2117 838 2193 praeservatam
874 2110 992 2189 fuisse,
1030 2133 1091 2176 uec
1128 2133 1197 2176 uon
1235 2119 1271 2176 et
1302 2112 1336 2174 in

244 2210 390 2275 savorem
421 2208 499 2274 festi
536 2215 570 2274 et
602 2209 710 2274 cultus
743 2209 975 2292 conceptionis
1011 2210 1159 2294 ejusdem
1192 2211 1336 2294 Virginis

245 2309 424 2392 Deiparae,
455 2308 632 2374 secundum
653 2309 742 2390 piam
763 2310 862 2374 istam
882 2311 1097 2388 seutentiam,
1127 2316 1167 2374 ut
1188 2309 1336 2392 praefer-

245 2415 314 2488 tur,
350 2407 504 2486 exhibiti,
537 2408 727 2474 iunovamus
760 2416 795 2474 et
822 2410 884 2475 sub
913 2411 1060 2474 censuris
1092 2417 1127 2479 et
1153 2412 1272 2492 poenis
1303 2412 1337 2474 in

246 2507 368 2572 eisdem
390 2506 688 2572 constitutionibus
710 2509 874 2573 contentis
895 2508 1063 2574 observari
1083 2509 1289 2574 mandamus.

307 2605 371 2688 ,Et
400 2605 535 2687 insuper
562 2627 674 2670 omnes
706 2613 740 2672 et
768 2607 929 2689 singulos,
963 2608 1021 2691 qui
1051 2606 1223 2690 praefatas
1252 2609 1336 2674 Con·

245 2705 436 2769 stitutiones
465 2725 523 2768 seu
551 2705 684 2770 decreta
711 2706 760 2769 ita
787 2713 926 2788 pergent
954 2707 1187 2788 interpretari,
1217 2716 1258 2774 ut
1288 2708 1336 2773 fa·

244 2825 356 2868 vorem
386 2823 446 2886 per
477 2802 550 2867 illas
585 2803 693 2868 dictae
729 2805 913 2869 sententiae
948 2812 983 2869 et
1013 2804 1100 2870 festo
1138 2827 1197 2870 seu
1231 2807 1336 2872 cultui

245 2903 423 2968 seeundum
439 2901 531 2966 illam
549 2901 695 2968 exhibito
713 2901 923 2982 frustrentur,
940 2903 993 2968 vel
1009 2904 1067 2986 qui
1081 2903 1169 2970 hauc
1186 2907 1336 2971 eamdem

245 3001 444 3068 sententiam
463 3000 586 3066 festum
607 3021 665 3066 seu
691 3001 817 3066 cultum
837 3003 872 3066 in
899 3003 1159 3085 disputationem
1181 3026 1336 3070 revocare

245 3106 305 3166 aut
336 3107 451 3166 contra
482 3121 520 3164 eo
554 3120 684 3184 quoque
715 3100 811 3166 modo
844 3101 969 3166 directe
1001 3101 1054 3166 vel
1080 3101 1247 3170 indirecte
1279 3109 1336 3169 aut

246 3198 360 3281 quovis
381 3203 571 3281 praetextu,
602 3198 702 3262 etiam
724 3198 965 3266 definibilitatis
994 3200 1065 3283 ejus
1087 3202 1334 3277 examinandae,

245 3297 312 3362 sive
341 3318 468 3362 sacram
490 3296 693 3378 Scripturam
713 3303 772 3362 aut
793 3305 924 3363 sanctos
945 3298 1062 3364 Patres
1084 3298 1151 3364 sive
1175 3300 1334 3366 Doctores

245 3395 412 3479 glossandi
430 3395 484 3460 vel
502 3394 751 3478 interpretandi,
770 3396 911 3480 denique
933 3397 999 3462 alio
1021 3397 1137 3481 quovis
1158 3405 1335 3481 praetextu

245 3516 305 3560 seu
326 3495 504 3573 occasione,
523 3495 645 3577 scripto
666 3515 725 3560 seu
745 3517 824 3560 voce
841 3496 943 3580 loqui,
962 3497 1162 3575 concionari,
1179 3503 1334 3575 tractare,

246 3595 425 3677 disputare,
439 3599 554 3660 contra
570 3613 610 3658 ea
626 3593 804 3676 quidquam
821 3595 1071 3661 determinando
1088 3602 1148 3662 aut
1159 3595 1335 3662 asserendo

245 3692 299 3757 vel
314 3698 508 3775 argumenta
526 3697 642 3758 eontra
661 3713 700 3757 ea
717 3691 885 3758 afferendo
905 3699 939 3760 et
955 3693 1101 3760 insoluta
1118 3695 1336 3780 relinquendo

246 3797 305 3854 aut
344 3790 409 3856 alio
453 3791 567 3874 quovis
609 3791 856 3874 inexcogitabili
892 3793 990 3859 modo
1034 3792 1227 3860 disserendo
1266 3793 1338 3860 ausi

245 3887 386 3968 fuerint3
418 3895 552 3973 praeter
577 3910 700 3972 poenas
727 3896 762 3956 et
789 3912 944 3958 oensmas
971 3891 1007 3956 in
1034 3891 1338 3960 Constitutionibus

248 3983 334 4049 Sixti
347 3987 401 4052 IV.
420 3994 601 4068 contentas,
621 3987 741 4072 quibus
761 3988 837 4056 illos
858 3992 1030 4075 subjacere
1051 3990 1202 4060 volumus
1224 4000 1260 4060 et
1278 4013 1339 4077 per
