2726 4560
555 375 593 434 69

53 534 171 599 mxime
192 533 314 600 festivo
335 535 422 600 inter
443 535 624 613 Hebraeos,
650 540 685 599 et
706 555 744 600 eo
766 556 830 618 quo
852 534 998 600 Herodes
1018 536 1119 602 iuter·

53 634 202 698 necionem
223 631 330 710 totius
352 633 499 699 Davidioi
526 633 657 698 seminis
683 635 1044 716 arroganter·tentabat
1064 657 1119 701 ex·

52 731 141 814 sequi,
172 753 216 796 ne
252 732 425 815 quisquam
451 731 587 796 Messias
620 752 640 795 a
669 731 838 814 prophetis
868 735 1119 816 praenuntiatus

50 833 165 896 veniret.

99 936 123 994 2.
151 932 190 996 In
213 930 409 1015 assignando
431 929 622 995 Natiuitatis
643 930 674 993 b.
696 930 838 1012 Virginis
859 931 945 997 looo
967 939 1117 998 auctores

50 1031 163 1095 minime
185 1031 406 1095 consentiunt.
450 1029 533 1094 Sunt
555 1029 648 1107 enim,
672 1029 728 1111 qui
750 1028 861 1094 dicant

98 1151 123 1192 a.
156 1151 231 1194 eam
259 1128 482 1193 Bethleemi
512 1125 613 1191 fnisse
642 1133 762 1192 natam.
812 1127 864 1192 Ita
893 1127 1056 1193 concludit
1085 1127 1115 1192 d.
1203 1199 1205 1205 y

48 1227 341 1311 Chrysostomus
364 1248 403 1291 ex
425 1247 472 1305 eo,
496 1226 583 1308 quod
604 1249 628 1291 s.
650 1226 755 1291 Lucas
777 1227 984 1310 Evangelista
1004 1226 1115 1305 refert,

49 1325 172 1406 ,ivisse
202 1347 342 1403 omnes
369 1331 415 1388 ut
440 1323 739 1407 profiterentur
767 1326 916 1409 singuli
942 1327 980 1390 in
1009 1330 1116 1392 suam

49 1425 284 1490 civitatem.“
338 1424 474 1507 „Itaque
513 1446 613 1507 quum
643 1425 765 1507 Joseph
804 1433 838 1490 et
868 1427 989 1505 Maria,
1031 1427 1115 1492 cives

47 1521 286 1602 Bethleemitae,
309 1523 429 1606 inquit,
441 1526 466 1606 ¹)
494 1524 610 1588 relicta
630 1524 752 1606 patria,
775 1525 808 1588 in
829 1524 994 1590 Nazareth
1014 1526 1116 1590 vitam

48 1643 125 1687 snam
155 1625 378 1689 instituissent
409 1629 443 1687 et
474 1621 541 1686 illic
574 1629 866 1703 commorarentur,
899 1631 937 1689 ut
964 1625 1116 1690 videlicet

49 1742 131 1804 saepe
152 1723 265 1788 multis
286 1721 471 1786 homiuibus
492 1721 664 1786 usuvenire
686 1722 777 1800 solet,
800 1723 856 1806 qui
878 1745 896 1787 e
918 1723 1114 1803 civitatibus,

50 1820 121 1885 nnde
142 1829 252 1887 ortum
272 1820 447 1898 duxerant,
479 1820 688 1902 emigrantes,
711 1822 746 1885 in
767 1822 855 1901 aliis,
877 1821 912 1886 iu
934 1822 1052 1905 quibus
1072 1822 1114 1886 ab

50 1917 130 1984 initio
151 1921 221 1985 nati
242 1941 308 1984 non
328 1918 473 1996 fuerant,
496 1925 749 1998 commorentur,
772 1927 1003 2005 oporteretque
1024 1920 1116 1986 Chri·

49 2023 123 2081 stum
148 2020 182 2082 in
207 2018 378 2083 Bethleem
404 2019 508 2097 nasci,
539 2019 618 2083 exiit
647 2019 806 2099 edictum,
837 2021 937 2103 qnod,
968 2021 1038 2085 Deo
1066 2021 1115 2085 ita

51 2121 215 2197 statuente,
246 2117 345 2182 etiam
371 2118 491 2182 invitos
518 2118 552 2181 in
579 2117 695 2182 urbem
721 2118 811 2183 illam
839 2121 1003 2204 compulit.
1047 2121 1114 2184 Lex

53 2215 138 2295 enim,
166 2237 249 2300 qnae
267 2216 418 2299 jubebat,
448 2237 710 2300 unumquemque
731 2217 895 2300 lupatria
917 2243 976 2285 sua
996 2242 1114 2285 nomeu

53 2313 196 2395 profiteri,
229 2315 340 2398 adegit
371 2337 426 2380 eos
457 2337 478 2380 a
508 2315 673 2381 Nazareth
703 2317 821 2400 pedem
853 2317 981 2397 efferre,
1016 2325 1050 2384 et
1080 2320 1115 2382 in

52 2410 201 2480 Bethleem
221 2415 329 2479 redire
350 2405 535 2479 adnomen
551 2415 618 2480 illio
639 2437 734 2480 suum
756 2416 937 2482 edendnm.
954 2465 960 2479 .
976 2466 1007 2480 ..
1029 2418 1113 2482 Hinc

52 2513 130 2579 nobis
150 2515 314 2580 evidenter
334 2521 475 2593 constat,
503 2515 603 2580 etiam
623 2515 790 2598 Virginem
811 2518 915 2599 ipsam
936 2536 975 2579 ex
996 2536 1114 2597 genere

54 2609 188 2680 Dauidioo
210 2613 320 2678 inisse.
358 2615 442 2679 Nam
463 2615 491 2680 si
513 2636 551 2680 ex
569 2615 737 2686 Bethleem
759 2623 867 2681 ortum
888 2615 990 2693 duxit,
1012 2616 1114 2679 mani·

51 2708 153 2777 festum
169 2722 227 2792 est,
237 2713 333 2797 ¹quod
350 2714 450 2778 etiam
467 2736 506 2778 ex
524 2713 618 2778 domo
637 2721 670 2779 et
685 2713 810 2778 familia
827 2714 931 2780 David
946 2713 1077 2778 fuerit.“
1086 2714 1112 2796 Β)

102 2811 128 2875 b.
157 2814 224 2878 Alii
244 2819 377 2897 putant,
404 2812 435 2877 b.
460 2813 626 2896 Virginem
651 2820 763 2878 natam
785 2835 854 2878 esse
881 2812 1111 2892 Nazarethi3

53 2909 95 2971 cni
120 2914 297 2978 sententiae
330 2913 537 2994 subscribunt
568 2913 656 2976 inter
687 2912 768 2977 alios
800 2911 1043 2994 Baroniusl)
1078 2918 1113 2976 et

54 3004 350 3095 Florentinius.⁴)
394 3013 564 3078 Consentit
586 3012 685 3076 etiam
706 3012 943 3077 Mantuanus
964 3013 1014 3076 ita
1035 3012 1112 3076 sori-

53 3102 127 3174 bens:
140 3111 164 3193 5)
191 3111 361 3193 Templum
387 3111 595 3177 beatissimae
617 3112 679 3176 Dei
706 3112 880 3177 Genitricis
906 3112 1112 3176 Lauretanae

54 3209 193 3284 quondam
224 3209 367 3292 Virginis
398 3211 501 3293 ipsius
534 3210 720 3275 cubiculum
749 3210 830 3289 fuit,
863 3211 897 3275 in
929 3232 992 3293 quo
1023 3218 1111 3290 nata,

54 3307 172 3388 nutrita,
206 3309 247 3373 ab
277 3309 401 3393 Augelo
430 3310 581 3376 Gabriele
610 3310 755 3375 salutata
784 3317 818 3375 et
846 3310 970 3392 Spiritu
999 3317 1111 3375 sancto

60 3444 234 3462 ᾖ...

103 3521 121 3586 ¹)
136 3521 168 3574 In
183 3523 250 3578 Jesu
269 3523 371 3579 Christi
394 3525 469 3580 diem
492 3527 613 3580 natalem
630 3526 704 3581 hom.
721 3529 761 3580 31.
803 3527 825 3592 ²)
843 3527 1026 3581 Consentiunt
1043 3527 1111 3581 San·

54 3596 116 3655 dinus
131 3604 260 3666 „historia
276 3607 397 3662 tamiliae
414 3610 526 3662 eneme“
544 3626 607 3678 pag.
624 3611 681 3675 332,
700 3608 844 3677 Sedlmayr
860 3610 878 3662 l.
896 3626 919 3664 o.
938 3627 964 3678 p.
978 3609 1026 3664 lv.
1043 3614 1110 3664 sect.

54 3677 72 3744 l,
85 3699 103 3737 a.
118 3685 149 3740 ll.
189 3689 210 3756 ³)
233 3690 266 3742 ln
284 3691 428 3759 Apparatu
450 3709 477 3745 u.
494 3693 534 3744 48.
576 3693 598 3758 ⁴)
619 3691 652 3744 lu
670 3692 743 3745 notis
768 3690 803 3745 ad
821 3691 964 3761 Martyrol.
982 3691 1018 3746 ad
1035 3691 1110 3746 diem

55 3763 73 3814 8.
82 3763 145 3836 Sept
169 3771 190 3836 δ)
205 3771 236 3824 lu
249 3771 366 3826 historia
378 3774 511 3828 ecclesiae
525 3773 705 3828 Lauretanae.
731 3773 809 3827 ldenr
823 3779 949 3830 asserunt
963 3775 1110 3829 Fnlbertus

54 3844 212 3920 carnotensis,
229 3854 395 3909 Heribertue
412 3855 581 3924 Bosweydus
598 3855 634 3910 ad
655 3855 739 3910 linem
757 3855 952 3925 Martyrologii
971 3857 1077 3911 Adonis
1094 3874 1112 3910 a

54 3943 77 3980 se
90 3931 148 3987 editi
162 3952 223 3990 cnm
240 3937 365 3992 Romano
383 3938 582 4007 Martyrologio
606 3939 681 4008 apud
697 3937 895 3994 Kolvenerium
913 3942 930 3995 l.
948 3957 971 3995 e.
989 3945 1055 3995 tom.
1073 3941 1110 4005 ll,

58 4011 84 4064 ad
98 4015 158 4070 diem
175 4021 197 4074 3.
214 4020 393 4090 Septembris.
607 4015 616 4028 ⁸
