2718 4556
560 339 619 398 275

68 501 157 582 palam
187 522 269 582 opus
302 519 397 580 suum
428 497 536 562 faeere
564 498 675 577 vellet,
709 500 860 582 impediri
887 524 980 584 posse
1013 506 1055 569 ab
1089 527 1126 570 eo

67 603 235 679 metueret3'
257 598 315 663 sed
344 597 420 680 quia
448 598 532 678 ipse,
563 599 619 680 qui
647 621 712 662 non
740 599 845 664 solum
872 609 1039 683 potenter,
1070 606 1127 669 sed

69 701 150 764 etiam
169 699 348 781 sapienter,
372 717 595 780 quaecumque
616 698 732 776 voluit,
756 697 843 777 feeit,
867 701 951 766 siout
971 703 1005 767 in
1026 705 1127 768 omni-

67 799 115 863 bus
143 798 293 881 operibus
325 796 391 860 suis
424 795 580 878 quasdam
613 818 722 861 rerum
756 798 806 861 vel
837 805 1021 882 temporum
1053 825 1127 868 eon-

66 900 214 980 grueutias
225 903 361 980 propter
375 896 498 960 ordinis
511 896 787 978 pulchritudinem
802 915 929 964 servare
946 904 1127 968 consuevit:

65 999 103 1062 ita
121 1000 152 1063 in
171 999 231 1061 hoo
261 1015 389 1079 quoque
411 1001 481 1058 tam
506 994 677 1077 magnifico
706 1016 804 1077 opere
826 1019 898 1077 suo,
928 1007 1060 1066 nostrae
1081 1003 1127 1065 vi-

66 1097 168 1163 delicet
188 1095 418 1180 reparationis
445 1115 511 1158 non
531 1101 662 1159 tantum
682 1095 864 1176 potentiam
886 1119 991 1177 suam,
1014 1100 1071 1163 sed
1094 1107 1127 1166 et

64 1197 254 1277 prudentiam
283 1194 453 1260 ostendere
482 1193 593 1258 voluit.
637 1193 838 1259 Conveniens
867 1217 942 1278 ergo
973 1206 1059 1277 erat,
1088 1206 1127 1264 ut

64 1297 191 1362 suaviter
211 1316 341 1378 quoque
370 1293 492 1370 omnia,
522 1293 677 1356 eoelestia
703 1292 828 1358 seilicet
849 1301 883 1358 et
904 1301 1049 1375 terrena,
1079 1297 1126 1361 di-

64 1401 214 1476 sponeret3
238 1399 400 1477 quatenus
422 1399 455 1456 et
476 1392 565 1456 illino
588 1391 742 1474 dejiciens
762 1392 960 1475 inquietum,
983 1395 1127 1480 reliquos

63 1493 89 1556 in
103 1515 178 1577 paee
198 1493 359 1557 firmaret:
382 1498 415 1556 et
436 1491 488 1554 hio
511 1490 733 1555 debellaturus
755 1491 908 1571 invidum,
925 1494 1019 1558 nobis
1035 1496 1127 1577 prius

63 1599 91 1657 et
115 1615 187 1671 suae
213 1591 409 1657 humilitatis
438 1597 472 1654 et
500 1589 757 1654 mansuetudinis
786 1591 879 1654 valde
907 1595 1126 1659 necessarium

62 1694 228 1775 exemplum
249 1691 463 1772 relinqueret,
491 1690 601 1772 sieque
628 1688 770 1753 mirabili
790 1688 885 1754 fieret
906 1690 1125 1758 moderamine

61 1792 241 1874 sapientiae,
270 1795 308 1855 ut
329 1795 363 1854 et
384 1789 451 1854 suis
472 1789 579 1852 suavis
602 1795 635 1854 et
654 1787 804 1852 hostibus
822 1788 920 1853 ‘fortis
941 1799 1124 1872 appareret.

63 1889 136 1967 Quid
157 1893 239 1956 enim
259 1890 438 1973 prodesset,
461 1888 628 1952 diabolum
647 1909 669 1952 a
686 1887 755 1952 Deo
772 1887 865 1966 vinci,
882 1888 975 1952 nobis
995 1909 1126 1954 manen·
1205 1942 1208 1948 .

61 1989 139 2054 tibus
158 1989 344 2073 superbis?“

114 2089 141 2152 d.
168 2089 218 2154 Ut
240 2109 260 2152 a
281 2087 300 2152 J
307 2085 427 2169 oseph
447 2085 685 2163 nutriretur,
708 2084 809 2149 unde
838 2091 877 2149 et
898 2092 1013 2167 pater
1041 2089 1126 2171 ejus

63 2185 179 2254 dietus
207 2192 276 2265 est,
307 2185 420 2269 quasi
448 2184 655 2249 nutritius.
698 2183 791 2248 Hane
821 2185 1028 2250 considerans
1058 2188 1125 2270 dig-

61 2286 185 2352 nitatem
204 2286 423 2367 lsolanus1)
445 2284 564 2348 merito
586 2283 762 2347 exclamat:
786 2282 955 2365 ,Quantae
977 2286 1126 2352 latebant

61 2383 310 2451 insanotissimo
336 2383 457 2466 Joseph
483 2384 635 2461 virtuteS,
667 2383 785 2466 quibus
811 2383 931 2447 Filium
957 2385 1019 2448 Dei
1048 2386 1125 2451 edu-

63 2491 146 2564 caret,
163 2485 267 2549 aleret
285 2490 318 2548 et
333 2483 483 2562 vestiret3
506 2481 548 2546 ad
563 2482 654 2572 varia
671 2481 757 2546 enim
775 2482 989 2547 animantium
1006 2506 1126 2567 genera

62 2579 163 2649 alenda
183 2590 284 2666 atque
306 2582 483 2661 eduoanda,
506 2581 649 2645 omnium
674 2602 846 2663 corporum
868 2582 1056 2648 coelestium
1077 2586 1125 2650 vis

62 2683 202 2763 ooourrit,
237 2702 318 2764 quas
345 2681 387 2745 ab
416 2680 549 2763 Angelis
578 2678 706 2744 orbium
733 2680 913 2746 motoribus
943 2683 1124 2765 accipiunt;

60 2777 165 2864 Joseph
195 2787 307 2846 autem
337 2779 428 2844 verbi
457 2779 534 2858 Dei,
567 2799 627 2860 per
657 2778 745 2861 quod
774 2779 931 2844 coelestes
963 2781 1058 2846 orbes
1091 2789 1125 2848 et

61 2877 162 2962 Angeli
182 2880 305 2946 conditi
331 2884 407 2944 sunt
427 2878 516 2943 etin
537 2898 607 2942 esse
636 2884 883 2956 conservantur,
914 2879 1070 2944 enutrivit
1092 2887 1126 2945 et
1174 2889 1176 2894 ’
1218 2925 1224 2936 -

62 2977 138 3044 aluit.
188 2978 311 3061 Joseph
345 2976 492 3061 profecto
527 2972 601 3060 plns
639 2997 736 3059 quam
768 2976 890 3041 Josaba
926 2976 995 3041 filia
1027 2978 1126 3061 Regis

61 3074 158 3142 loram
183 3079 263 3156 fuit,
297 3098 335 3142 ae
363 3077 398 3140 in
426 3097 465 3141 ea
492 3073 731 3158 praefiguratus
760 3081 826 3153 est,
860 3096 944 3158 quae
971 3076 1049 3140 Joas
1077 3078 1125 3142 in-

61 3171 170 3241 fantem
191 3178 275 3243 olam
295 3175 441 3255 nutrivit,
460 3196 504 3240 aex
519 3195 629 3258 regem
644 3174 747 3239 lsrael
768 3173 901 3239 tandem
922 3176 1124 3241 constituit.“

64 3271 282 3342 Solertissimus
313 3280 406 3339 tutor
436 3273 501 3340 fuit
528 3296 552 3339 s.
581 3273 716 3357 Joseph,
745 3270 952 3337 fidelissimus
979 3294 1018 3338 ae
1049 3296 1126 3356 pru-

61 3369 251 3440 dentissimus
286 3370 453 3439 nutritius.
508 3372 622 3437 Multis
657 3378 732 3456 eget
766 3379 858 3436 aetas
893 3371 951 3436 illa
986 3371 1123 3452 infirma,

31 3491 33 3496 ·
62 3490 132 3552 quae
149 3475 217 3540 sola
234 3480 340 3538 mater
354 3473 583 3538 convenienter
598 3478 766 3555 praestare
783 3470 872 3535 haud
889 3470 984 3536 valet.
1018 3471 1125 3549 Quare

61 3588 79 3631 s.
98 3571 355 3656 Augustinus:
388 3571 614 3655 ,Desponsata
643 3576 693 3635 est
713 3561 829 3652 Virgo,
858 3569 981 3652 inquit,
1010 3575 1049 3634 ut
1076 3570 1125 3634 in-

59 3664 146 3736 fantis
168 3693 279 3737 euram
299 3677 429 3755 gereret
448 3670 518 3754 ipse
539 3669 676 3753 Joseph,
699 3669 764 3733 sive
786 3668 820 3732 in
841 3668 1024 3751 Aegyptum
1044 3669 1123 3748 iens,

59 3765 115 3833 sive
141 3771 215 3835 inde
243 3770 349 3835 denuo
378 3770 537 3836 rediens.“
586 3770 741 3847 Quisnam
768 3766 962 3833 fidelitatem
990 3773 1024 3834 et
1048 3789 1126 3852 pru-

61 3907 246 3926 ἣ·-

117 3988 135 4050 ¹)
150 3984 186 4054 11,
201 4003 228 4055 p.
246 3999 289 4053 ep.
307 3985 331 4040 4.
347 4000 391 4053 pa
408 3985 424 4038 2
442 3983 465 4052 ἓ.
482 3987 506 4039 3.

929 4063 977 4120 18*
