2728 4560
568 371 627 430 227

66 530 223 594 consensui
252 530 403 613 apposita
436 530 606 613 suspendit
635 531 895 613 dispositionem,
929 532 978 598 ita
1006 541 1044 599 ut
1072 535 1137 600 vim

65 651 122 693 non
136 630 273 712 recipiat
288 629 352 694 nisi
370 651 409 693 ex
428 637 546 720 eventu
562 630 675 696 futuro
694 637 728 695 et
745 629 913 695 definitur:
932 633 1054 712 Oratio,
1074 657 1139 717 qua

12 815 15 824 ι
66 727 95 791 11
114 749 211 806 omne,
235 729 324 812 quod
344 729 462 812 agitur,
485 730 519 793 10
539 729 688 794 futurum
710 730 921 812 suspenditur
942 739 1102 798 eventum.

119 853 326 918 Conditiones
343 853 557 918 diversimode
574 854 822 937 distinguuntur
839 860 873 918 et
890 855 1021 937 quidem
1042 878 1070 920 a.
1087 878 1137 921 re-

67 959 167 1033 spectu
195 953 389 1034 temporis
418 953 452 1016 in
475 952 676 1018 conditiones
699 952 739 1017 de
763 955 958 1035 praeterito,
983 955 1022 1019 de
1044 977 1138 1038 prae-

67 1052 142 1116 senti
155 1058 188 1116 et
201 1052 241 1116 de
256 1051 369 1116 futuro
386 1051 582 1133 (necessario
597 1053 649 1117 vel
664 1052 920 1135 contingenter);
942 1052 973 1116 b.
985 1061 1137 1136 respectu

67 1150 246 1214 materiae
263 1150 297 1213 in
313 1151 516 1216 conditiones
533 1158 646 1234 turpes
664 1158 698 1216 61
713 1153 875 1216 honestas.
906 1152 1137 1219 Conditionum

66 1250 198 1332 turpium
218 1250 304 1314 aliae
326 1257 510 1333 repugnant
531 1250 736 1314 substantiae
756 1252 969 1331 matrimonii,
1001 1253 1041 1318 de
1063 1254 1136 1320 aliis

66 1348 118 1412 hoo
144 1349 206 1414 dici
233 1350 358 1433 nequit.
408 1349 575 1427 Quaenam
603 1349 805 1414 conditiones
834 1351 1034 1416 matrimonii
1062 1352 1137 1417 sub·

67 1449 194 1514 stantiae
215 1450 422 1533 repugnant?

121 1563 163 1630 Ut
190 1565 236 1630 ‘ad
267 1565 351 1630 hano
379 1563 634 1647 respondeamus
663 1563 901 1646 quaestionem,
932 1567 1154 1632 animadvers

66 1663 161 1743 timus,
182 1666 248 1731 tria
270 1687 340 1730 6666
361 1664 561 1730 matrimonii
582 1664 683 1728 bona:
712 1663 818 1728 fides
844 1663 978 1744 scilicet,
1000 1666 1135 1748 proles

67 1768 95 1826 et
120 1764 421 1830 Sacramentum.
472 1763 565 1841 Quod
593 1763 714 1846 triplex
742 1763 864 1828 bonum
892 1769 977 1829 teste
1010 1765 1040 1828 d.
1070 1765 1136 1830 Au-

67 1863 181 1942 guetino
191 1864 215 1947 1)
245 1884 404 1928 consensu
426 1883 446 1926 a
468 1861 736 1927 contrahentibus
756 1863 917 1944 praestito
939 1865 1135 1928 continetur·
1188 1925 1190 1930 .

67 1960 179 2026 Bonum
199 1962 275 2027 fidei
298 1961 447 2028 consistit
465 1961 499 2025 in
520 1967 635 2026 mutua
651 1959 821 2040 fidelitate,
843 1981 940 2044 quam
963 1963 1136 2046 conjugum

67 2067 191 2145 uterque
213 2063 310 2128 alteri
332 2083 461 2127 servare
483 2067 616 2126 tenetur
636 2082 702 2125 non
723 2060 829 2125 solum
858 2060 1005 2126 debitum
1027 2063 1137 2146 conju·

68 2158 143 2239 gale,
174 2163 201 2226 si
216 2163 398 2245 exigatur,
435 2160 617 2238 reddend0,
653 2159 711 2224 sed
744 2160 843 2224 etiam
874 2160 972 2224 alteri
1003 2183 1037 2226 se
1070 2184 1137 2227 non

70 2260 299 2325 commiscendo.
357 2260 560 2325 Sacrameuti
595 2259 718 2323 bonum
754 2258 955 2346 individuam
991 2263 1138 2344 exposcit

69 2355 141 2422 vitae
167 2359 366 2424 societatem.
411 2359 514 2437 Quam
542 2359 621 2424 licet
649 2358 894 2423 matrimonium
923 2381 962 2423 ex
991 2359 1051 2425 sna
1069 2363 1137 2445 jam

69 2453 260 2523 institutione
281 2458 430 2537 inducat,
459 2459 616 2540 majorem
636 2464 747 2522 tamen
777 2457 1039 2524 individuitatem
1062 2483 1137 2525 con·

71 2563 202 2623 secutum
231 2564 282 2622 est
304 2578 357 2636 eo,
388 2557 475 2640 quod
496 2557 654 2621 Dominus
682 2562 795 2621 noster
822 2558 1067 2623 matrimonium
1095 2559 1137 2624 ad

71 2651 257 2721 Sacramenti
278 2656 453 2721 elevaverit
474 2656 667 2738 dignitatem
688 2655 826 2738 ideoque
850 2655 947 2734 illud,
971 2657 1088 2722 saltem
1109 2658 1137 2723 si

71 2762 311 2820 consummatum
340 2753 455 2834 suerit,
485 2755 662 2819 secundum
690 2753 854 2819 vinculum
882 2754 991 2820 dirimi
1011 2757 1135 2839 nequit,

70 2851 119 2915 nisi
152 2855 288 2919 alterius
328 2853 473 2936 conjugis
511 2861 626 2918 morte.
687 2853 829 2918 Bonum
855 2853 996 2938 denique
1034 2855 1137 2938 prolis

71 2958 180 3031 spectat
196 2953 375 3017 liberorum
390 2952 652 3035 procreationem
669 2957 703 3016 et
719 2952 954 3017 educationem.
985 2952 1137 3030 Quamvis

72 3049 142 3114 enim
160 3052 269 3135 proles
298 3051 432 3134 ipseque
462 3052 531 3135 ejus
563 3050 782 3134 generationis
811 3057 905 3116 actus
935 3073 1002 3115 non
1031 3052 1075 3116 sit
1096 3051 1137 3116 de

71 3149 237 3217 substantia
257 3151 467 3230 matrimonii,
488 3150 634 3215 exoritur
652 3156 761 3215 tamen
783 3171 824 3214 ex
845 3171 1004 3215 consensu
1024 3151 1137 3236 matri-

71 3251 185 3316 moniali
212 3251 369 3334 obligatio
398 3249 441 3314 ad
468 3249 698 3333 praestandoS,
732 3249 761 3313 si
789 3249 1013 3331 postulentur,
1043 3256 1137 3316 actus

73 3363 102 3409 ex
119 3371 150 3414 66
170 3351 212 3415 ad
229 3349 474 3433 generationem
492 3349 594 3432 prolis
614 3353 710 3431 aptos
731 3354 766 3412 61
783 3347 825 3412 ad
845 3348 997 3414 evitanda
1019 3349 1136 3428 omnia,

73 3465 139 3526 quae
159 3449 418 3533 procreationem
439 3448 597 3532 impedire
618 3447 758 3513 valeant.

121 3572 317 3657 Quicumque
339 3573 531 3638 contrahere
553 3571 696 3636 intendit
714 3587 787 3636 cum
808 3569 994 3634 conditione
1015 3570 1073 3635 uni
1097 3591 1137 3634 ex

72 3669 160 3736 tribus
186 3672 251 3737 illis
278 3671 374 3738 bonis
403 3677 623 3755 repugnante,
654 3669 819 3735 contrahit
847 3689 921 3732 cum
950 3668 1137 3757 conditione

73 3770 251 3835 matrimonii
282 3772 488 3837 substantiae
518 3776 730 3854 repugnante.
780 3768 841 3833 Ille
869 3767 1043 3832 manifeste
1071 3788 1137 3832 non

127 4017 146 4084 ¹)
162 4018 222 4074 can.
240 4019 335 4088 Omne,
355 4019 386 4076 10
403 4036 428 4089 q.
446 4023 470 4076 2.
