2728 4560
560 309 619 371 201

66 489 137 550 quae
157 485 265 536 omnes
287 470 534 554 „quicunque
562 471 645 535 eto.“
666 470 798 536 habent
840 470 913 535 Vox
933 470 1130 554 „quodcum-

66 568 137 649 que“
169 575 280 635 textus
305 569 463 634 'hebraici
499 569 695 652 intelligitur
733 571 855 652 optimo
890 570 963 652 jure
1000 592 1074 635 oum
1105 591 1129 636 s.

65 665 231 748 Augustino
259 667 280 732 l.
306 691 331 734 c.
355 669 394 734 de
424 669 493 734 solo
515 670 661 749 homine3
689 670 808 752 Jephte
838 670 924 734 enim
952 671 1130 735 certissime

64 764 254 847 intendebat,
284 768 413 851 aliquid
436 769 598 852 singulare
626 776 660 834 et
687 769 981 835 extraordinarium
1006 791 1130 848 vovere,

65 865 148 946 quale
182 874 334 950 respectu
365 868 461 952 hujus
493 869 649 951 principis
683 891 748 933 non
786 875 857 934 erat
887 868 1008 933 animal
1036 869 1132 952 juxta

65 962 155 1046 legem
191 966 399 1031 immolabile.
459 967 544 1045 Quid
581 974 691 1032 autem
728 968 869 1051 speciale
905 969 1060 1046 vovisset,
1104 969 1132 1032 si

63 1064 188 1143 primum
222 1087 262 1129 ex
298 1066 493 1130 animalibus
526 1066 589 1130 sibi
620 1072 696 1148 post
730 1067 900 1130 victoriani
930 1073 1132 1149 reportatam

63 1165 233 1230 occurrenti
262 1165 296 1228 in
318 1165 545 1230 holocaustum
574 1165 733 1230 vovisset?
765 1164 968 1246 „Verisimile
991 1172 1053 1244 est,
1083 1166 1132 1228 in-

64 1262 125 1342 quit
146 1263 310 1346 Sylvius,
321 1264 345 1346 1)
368 1265 455 1354 quod
473 1265 622 1329 erederet
641 1263 834 1328 sacrificium
856 1265 896 1329 de
913 1265 1043 1329 homine
1062 1285 1132 1329 esse

64 1360 122 1425 Deo
149 1364 242 1428 valde
271 1371 415 1446 gratum3
448 1365 568 1448 partim
597 1370 732 1446 propter
760 1363 942 1446 exemplum
970 1363 1130 1441 Abrahae,

64 1461 111 1540 qui
137 1462 197 1528 Dei
223 1463 318 1546 jussu
345 1470 479 1546 paratus
511 1463 576 1527 fuit
607 1462 711 1526 filium
741 1461 909 1526 immolare
936 1461 1131 1544 laudemque

62 1563 246 1641 promeruit3
280 1563 401 1644 partim
429 1569 564 1646 propter
592 1569 704 1644 gentes
732 1562 869 1640 vicinas,
899 1582 980 1644 quas
1008 1561 1134 1626 sciebat

62 1655 136 1724 filios
173 1666 206 1727 et
237 1660 323 1725 filias
361 1661 422 1726 diis
460 1663 527 1726 suis
567 1661 735 1725 immolare
772 1660 894 1724 solitas.
953 1659 1043 1737 Quae
1080 1680 1132 1724 res
1188 1685 1192 1695 ·

63 1778 200 1840 magnam
222 1760 355 1844 quidem
383 1762 493 1844 arguit
517 1761 598 1843 legis
625 1759 785 1824 naturalis
813 1760 1045 1842 ignorantiam:
1075 1759 1133 1823 sed

64 1876 152 1936 quum
174 1859 376 1941 temporibus
396 1859 542 1941 judicum
573 1880 611 1922 ea
639 1857 795 1923 fueritin
816 1859 927 1923 multis
950 1859 989 1922 de
1011 1857 1132 1940 populo

63 1955 110 2036 qui
140 1957 182 2022 ad
214 1957 435 2023 idololatriam
467 1979 564 2040 saepe
597 1957 856 2036 declinaverunt,
894 1957 975 2040 quid
1004 1957 1131 2035 mirum,

62 2057 244 2133 praesertim
273 2078 311 2121 eo
341 2057 453 2138 quiin
481 2063 571 2120 terra
593 2056 700 2120 aliena
728 2054 838 2121 iuerat
860 2057 1022 2121 enutritus
1044 2077 1064 2120 a
1082 2058 1133 2138 ju·

61 2156 204 2220 ventute?
256 2155 309 2220 Ita
330 2155 395 2220 ille.
830 2148 833 2154 ’

116 2261 144 2336 β.
173 2255 341 2338 Objieiunt
363 2254 539 2318 adversarii
559 2255 674 2333 verba,
704 2255 822 2338 quibus
849 2254 917 2319 filia
937 2261 1066 2337 patrem
1087 2255 1133 2319 al·

63 2350 263 2436 loquebatur:
287 2353 446 2436 „Dimitte
468 2375 528 2431 me,
546 2361 585 2418 nt
605 2354 732 2418 duobus
753 2352 918 2418 mensibus
939 2354 1134 2418 circumeam

63 2460 178 2518 montes
211 2459 245 2517 et
277 2451 429 2534 plangam
464 2453 684 2534 virginitatem
720 2474 826 2516 meam
863 2475 935 2516 cum
968 2452 1133 2517 sodalibus

11 2603 14 2612 .
62 2552 133 2616 meis
156 2602 161 2615 .
186 2599 193 2616 .
217 2602 224 2616 .
248 2601 255 2615 .
288 2551 501 2635 Expletisque
529 2552 656 2617 duobus
677 2552 842 2617 mensibus
868 2570 998 2616 reversa
1020 2558 1070 2616 est
1091 2551 1134 2616 ad

61 2646 182 2714 Patrem
209 2672 305 2715 sunm
336 2657 369 2715 et
390 2650 469 2715 feeit
491 2651 535 2729 ei,
564 2651 649 2716 sicut
676 2658 822 2730 voverat,
852 2672 935 2734 quae
961 2650 1134 2732 ignorabat

60 2747 185 2812 virum.“
972 2765 974 2769 “
1142 2807 1144 2813 .

116 2847 158 2913 At
195 2848 278 2912 haee
318 2849 417 2912 verba
455 2854 601 2914 testante
641 2849 802 2914 Calmet
841 2849 862 2913 l.
902 2871 927 2913 o.
968 2869 1134 2932 nunquam

62 2945 220 3025 evincunt,
255 2947 450 3014 subductam
479 2970 499 3012 a
529 2970 608 3012 nece
636 2948 781 3030 puellam
808 2949 854 3013 ad
883 2947 1016 3012 coelibis
1047 2948 1134 3012 vitae
1218 2964 1220 2967 ’

61 3047 256 3127 propositum
278 3053 426 3111 coactam
451 3068 489 3111 ao
511 3047 651 3112 servitiis
672 3046 877 3123 tabernaculi
897 3050 1055 3130 perpetuo
1078 3046 1135 3111 ad-

61 3142 174 3210 dictam
194 3145 304 3210 fuisse.
352 3145 386 3210 Si
406 3145 478 3210 filia
496 3146 539 3209 ad
559 3152 753 3228 perpetuam
774 3145 995 3228 virginitatem
1017 3145 1135 3210 devota

47 3239 185 3322 ¹fuisset,
221 3265 280 3308 our
313 3244 394 3308 duos
425 3266 552 3310 menses
584 3245 682 3327 petiit
716 3245 759 3309 ad
792 3265 864 3308 eam
894 3243 1134 3326 plangendam?

60 3339 167 3408 Nonne
187 3350 257 3408 toto
280 3343 367 3410 vitae
388 3350 534 3426 tempore
554 3365 625 3408 eam
645 3343 800 3427 plangere
822 3342 1004 3424 potuisset?
1027 3342 1135 3423 Deflet

61 3459 121 3503 una
143 3463 214 3504 cum
235 3441 403 3508 sodalibus
425 3443 491 3508 suis
513 3443 630 3508 duram
650 3444 887 3520 necessitatem,
910 3464 976 3526 qua
995 3450 1134 3508 mortem

60 3537 164 3604 subire
184 3541 320 3623 cogitur,
337 3548 516 3624 antequam
537 3542 678 3624 conjugii
694 3543 831 3626 pignora
851 3542 983 3607 viduato
1004 3545 1136 3625 parenti

61 3633 141 3701 ferre
171 3640 332 3721 potnerit,
370 3639 475 3704 filium
507 3661 658 3723 nempe‚··
678 3642 734 3724 qni
765 3647 894 3724 patrem
929 3641 963 3704 in
994 3643 1134 3724 posteris

59 3745 271 3815 persanaret·
318 3739 522 3804 Conveniunt
563 3739 597 3804 in
641 3740 724 3805 hano
769 3742 965 3806 sententiam
1008 3748 1135 3808 veteres

59 3878 247 3892 ’,ἡ

124 3953 145 4018 ¹)
162 3953 191 4009 L·
208 3972 232 4010 c.
344 4011 345 4014 ,
