2728 4554
553 352 613 413 389

55 511 238 593 indigentias
267 517 302 576 et
330 510 496 575 molestias
525 518 559 577 et
586 511 713 576 divinae
740 511 866 595 gratiae
894 513 1124 578 necessitatem

54 610 234 692 probamus,
258 615 351 675 tanto
371 609 406 673 iu
429 609 523 674 nobis
543 610 733 675 humiliores
755 616 789 675 et
810 608 879 674 Deo
902 617 936 676 et
956 611 1123 677 beneficiis

54 710 117 791 ejus
142 709 349 791 gratiosiores
379 729 490 772 sumus
519 713 553 772 et
576 715 689 772 contra
710 710 910 775 tentationes
939 711 1122 776 consimiles

54 807 206 872 cautiores
236 813 270 872 et
296 806 338 871 ad
364 805 547 870 custodiam
574 808 754 889 gratiarum
781 809 874 873 nobis
904 809 1123 892 impensarum

54 905 287 971 affectuosiores
316 911 350 970 et
371 905 592 988 diligentiores
621 906 805 972 existimus:
840 915 874 972 et
900 909 935 973 in
962 909 1023 973 hoc
1051 910 1122 992 ipso

55 1005 197 1069 discimus
219 1003 361 1086 compati
385 1009 418 1068 et
435 1003 558 1068 mederi
578 1004 637 1082 his,
658 1006 714 1088 qui
736 1005 888 1071 dubitant
907 1013 940 1071 et
958 1007 1121 1072 vacillant.

107 1126 133 1169 c.
164 1103 301 1186 Propter
326 1103 483 1185 majorem
512 1104 854 1169 exercitationem.
902 1105 972 1170 Hoc
1001 1112 1052 1170 est
1079 1106 1123 1170 ad

54 1203 281 1268 observandum
311 1209 345 1267 et
373 1202 609 1267 ostendendum
637 1204 732 1268 simul
761 1204 907 1268 ordinem
935 1205 1060 1287 gratiae
1089 1211 1123 1271 et
1202 1196 1205 1202 ⁸

53 1302 266 1384 providentiae
285 1302 355 1366 Dei.
391 1301 483 1365 Licet
505 1302 591 1366 euim
608 1303 695 1367 Deus
716 1304 820 1386 primo
842 1305 876 1368 in
898 1305 991 1369 nobis
1013 1305 1123 1381 initiet

54 1423 106 1465 sua
126 1402 223 1479 dona,
253 1406 449 1464 nontamen
472 1421 510 1463 ea
530 1399 658 1482 perficit
680 1408 713 1466 et
734 1409 918 1482 conservat,
947 1405 1011 1468 nisi
1032 1404 1122 1487 prius

53 1501 209 1566 laboribus
238 1505 272 1564 ct
300 1498 537 1563 tentationibus
565 1498 740 1582 fatigemur
769 1509 802 1567 et
823 1525 882 1586 per
903 1505 1123 1567 tentationum

55 1599 225 1682 triumphos
257 1598 381 1680 gratias
413 1606 651 1662 consummatas
680 1621 931 1682 promereamur.
986 1602 1123 1668 Constat
1150 1636 1152 1640 v

55 1701 140 1777 enim,
163 1698 249 1781 quod
271 1697 335 1779 ipsi
356 1696 477 1778 Joseph
498 1697 605 1778 gratia
626 1719 751 1761 summa
775 1706 855 1778 erat,
879 1699 960 1764 effici
980 1700 1122 1782 Virginis

55 1805 180 1880 sponsus
202 1804 236 1861 et
258 1795 494 1879 quodammodo
517 1794 640 1860 Christi
660 1803 768 1878 pater,
798 1819 836 1861 ac
857 1820 985 1880 semper
1005 1797 1123 1862 famili·

55 1898 189 1962 arissime
211 1895 353 1960 cumeis
375 1901 471 1958 stare.
510 1893 648 1959 Proinde
670 1902 745 1977 post
766 1896 1006 1961 inchoationem
1026 1897 1122 1979 hujus

56 1994 123 2059 doni
150 1995 262 2060 debuit
283 2014 342 2077 per
369 1992 587 2057 tentationem
615 1994 787 2058 exercitari
814 2001 914 2078 atque
935 1996 1067 2078 probari
1089 2002 1123 2060 et

56 2095 230 2176 approbari.
274 2092 449 2171 Quaeritur
508 2089 511 2097 ’

91 2260 138 2323 20:
171 2259 247 2324 Cur
273 2257 377 2320 Deus
406 2278 429 2320 s.
450 2255 663 2338 dosephum
692 2258 905 2323 certiorem
932 2259 1079 2324 iecerit

273 2355 391 2437 idque
420 2354 602 2438 angelica
629 2357 887 2444 revelatione.

109 2489 156 2554 Ad
186 2487 395 2572 depellendos
432 2509 456 2551 s.
488 2486 622 2569 dosephi
659 2488 792 2552 timores
824 2489 912 2553 Deus
944 2489 1122 2554 remedium

56 2588 198 2654 adbibere
217 2606 282 2653 non
300 2586 444 2651 tardavit
462 2593 495 2650 et
507 2587 604 2669 justis
624 2587 662 2650 de
681 2588 786 2651 causis
805 2608 922 2671 sponso
941 2587 1121 2652 castissimo

56 2695 236 2772 conceptum
258 2687 288 2750 b.
310 2677 452 2768 Virginis
473 2686 756 2768 supernaturalem
776 2686 947 2765 nuntiavit,

108 2809 134 2853 a.
166 2809 228 2871 „ne
255 2787 363 2869 justus
384 2786 496 2864 home,
526 2785 633 2868 inquit
661 2807 795 2867 magnus
823 2786 1008 2868 Aquinas,
1020 2786 1043 2865 ¹)
1075 2786 1122 2868 ig-

55 2907 161 2952 norans
193 2887 319 2951 faceret
350 2905 419 2948 rem
451 2884 607 2967 injustam
639 2905 678 2948 ex
710 2885 876 2968 proposito
906 2885 1010 2967 justo,
1045 2886 1123 2968 quia

55 3006 109 3049 non
131 2987 294 3068 relinquet
316 2985 473 3048 Dominus
500 2984 622 3066 virgam
643 2990 851 3066 peccatorum
878 3004 976 3066 super
1001 2989 1123 3046 sortem

53 3075 220 3163 justorum,
250 3089 373 3147 utnon
402 3083 582 3147 extendant
599 3083 681 3166 justi
709 3083 751 3146 ad
779 3083 987 3166 iniquitatem
1008 3104 1122 3146 manus

56 3205 127 3249 suas.

107 3284 135 3347 b.
156 3282 298 3364 Propter.
306 3281 462 3345 honorem
473 3281 575 3363 ipsius
585 3281 713 3360 matris3
729 3301 804 3344 nam
815 3281 843 3345 si
854 3281 986 3346 dimissa
995 3280 1120 3360 fuisset,

55 3383 131 3463 apud
152 3381 299 3446 infideles
320 3380 410 3462 turpi
432 3380 613 3461 suspicione
635 3401 746 3445 carere
768 3401 833 3444 non
854 3381 1016 3462 poterat.“

106 3481 277 3565 Angelus
299 3499 374 3542 vero
397 3477 529 3559 eligitur
549 3479 693 3557 nuntius,

107 3603 133 3645 a.
171 3588 209 3646 ut
237 3578 422 3660 intelligens
450 3577 571 3660 Jcseph
603 3585 749 3642 sanctam
777 3578 1022 3660 conceptionem
1050 3577 1122 3641 diliss

56 3681 171 3758 gentius
200 3685 234 3744 et
261 3676 463 3741 reverentius
491 3697 526 3739 se
554 3675 705 3755 haberet,
735 3698 833 3759 quam
861 3677 960 3759 prius.
1011 3677 1122 3758 „Post-

57 3798 141 3858 quam
172 3778 214 3842 ab
247 3775 370 3858 Angelo
402 3773 602 3839 certificatus
635 3783 700 3855 est,
738 3776 825 3859 quod
856 3782 1050 3858 conceperat
1082 3776 1122 3840 de

113 3993 130 4058 ¹)
149 3993 179 4046 ln
197 3959 300 4048 Catena
316 4009 375 4060 sup.
394 3990 415 4057 l,
433 3989 532 4045 Mutth.
