2782 4554
789 339 849 399 506

273 500 378 584 „Quia
395 521 470 565 vero
488 498 630 582 Angelus
648 519 731 563 novo
750 519 898 564 sermone
916 498 1055 564 Mariam
1075 499 1240 580 salutavit,
1259 521 1339 584 quen

272 601 307 665 in
336 600 423 666 omni
445 599 614 681 Scriptura
641 597 785 662 invenire
813 619 879 662 non
899 598 1008 680 potui,
1038 604 1072 664 et
1094 598 1135 664 de
1162 599 1224 664 hoo
1251 621 1340 684 pauca

274 699 412 765 dicenda
433 705 518 763 sunt.
561 698 599 762 Id
621 697 707 763 enim
728 695 815 780 quod
836 697 900 762 ait:
930 697 1042 778 „Ave,
1065 699 1199 781 gratia
1219 700 1340 783 plena“

273 800 376 884 (quod
407 821 522 883 graece
555 798 676 863 dicitur
708 799 987 883 κεχαριτωμέιη),
1024 797 1082 862 ubi
1113 799 1149 862 in
1183 798 1340 882 Scripturis
1375 829 1376 870 1

273 899 354 964 alibi
381 899 517 982 legerim
544 919 610 961 non
636 897 806 977 reoordor;
839 897 897 962 sed
924 920 1032 982 neque
1060 898 1103 963 ad
1130 899 1237 964 virum
1261 899 1340 964 istius

273 999 363 1085 modi
398 1019 504 1063 sermo
542 1004 607 1075 est,
645 997 770 1078 „salve,
808 998 916 1080 gratia
950 998 1080 1081 plena.“
1135 998 1205 1064 Soli
1234 998 1340 1062 Mariae
1376 978 1377 1034 l

273 1098 353 1163 haec
383 1097 539 1162 salutatio
568 1103 726 1161 servatur.
778 1097 812 1163 Si
842 1097 928 1162 enim
956 1098 1071 1162 scisset
1099 1091 1221 1176 Maria,
1253 1096 1340 1162 etad

273 1197 374 1262 alium
396 1196 581 1280 quempiam
605 1196 744 1262 similem
764 1196 890 1261 factum
911 1217 982 1261 esse
1003 1217 1194 1275 sermonem,
1215 1196 1340 1261 habebat
1376 1189 1377 1192 '

274 1296 394 1379 quippe
421 1296 502 1379 legis
532 1295 717 1374 scientiam,
748 1301 782 1359 et
804 1301 877 1360 erat
903 1301 1032 1373 sancta,
1062 1300 1097 1359 et
1123 1295 1340 1378 prophetarum

273 1397 429 1462 vaticinia
454 1395 655 1479 quotidiana
689 1395 903 1460 meditatione
939 1401 1150 1478 cognoverat,
1191 1415 1339 1478 nunquan
1377 1408 1378 1492 l

273 1496 368 1578 quasi
395 1494 567 1577 peregrina
596 1515 667 1558 eam
696 1493 853 1559 salutatio
884 1493 1067 1558 terruisset.
1110 1493 1249 1576 Propter
1268 1491 1340 1575 quod

271 1595 419 1678 loquitur
448 1595 479 1660 ei
506 1593 666 1676 Angelus:
700 1594 774 1676 „Ne
803 1594 959 1672 timeas,
990 1592 1133 1672 Maria;
1163 1589 1339 1657 invenisti

274 1695 375 1759 enim
402 1693 573 1776 gratiam
602 1714 733 1758 coram
760 1693 956 1757 Domino.“
1174 1689 1177 1694 ’

333 1785 640 1858 Animadvertamus
661 1814 759 1875 porro
782 1814 856 1857 cum
884 1791 1010 1856 Haine
1038 1790 1058 1854 l.
1082 1813 1119 1870 c.,
1143 1792 1185 1856 ab
1207 1790 1340 1874 Angelo

271 1894 400 1977 priori
420 1892 644 1957 beatissimam
661 1890 829 1973 Virginem
847 1889 949 1955 fuisse
971 1890 1157 1954 salutatam.
1194 1890 1341 1956 Mirabilia

271 1991 419 2075 profecto
452 1991 514 2055 hac
548 1989 588 2054 de
625 1989 872 2054 circumstantia
902 1989 1003 2054 verba
1033 1988 1162 2072 profert
1196 2008 1340 2071 magnus

203 2153 207 2162 ,
271 2091 458 2174 Aquinas
512 2090 826 2171 „Considerandum
859 2089 980 2172 inquit,
993 2090 1017 2170 ¹)
1053 2089 1142 2172 quod
1174 2089 1340 2172 antiquitus

272 2196 344 2254 erat
371 2190 464 2254 valde
493 2211 659 2272 magnum,
690 2189 777 2271 quod
799 2188 916 2271 Angeli
941 2194 1140 2270 apparerent
1159 2187 1339 2262 hominibus,

270 2289 321 2354 vel
344 2289 431 2372 quod
452 2288 598 2353 homines
619 2287 767 2352 facerent
788 2288 834 2353 eis
858 2287 1085 2364 reverentiam,
1107 2287 1272 2352 habebant
1292 2306 1340 2370 pro

271 2389 413 2452 maxima
439 2388 546 2452 laude.
589 2387 683 2452 Unde
715 2394 749 2452 et
776 2386 819 2451 ad
847 2386 978 2451 laudem
1009 2385 1162 2450 Abrahae
1191 2385 1340 2460 scribitur,

271 2487 359 2570 quod
387 2487 512 2570 recepit
540 2486 673 2568 angelos
700 2486 859 2569 hospitio,
890 2493 923 2551 et
945 2485 1032 2568 quod
1061 2485 1211 2550 exhibuit
1231 2486 1277 2550 eis
1301 2505 1342 2548 re

270 2585 459 2650 verentiam.
514 2585 609 2662 Quod
639 2591 751 2649 autem
782 2584 926 2668 Angelus
957 2583 1083 2649 faceret
1113 2585 1236 2650 homini
1265 2604 1341 2650 reve·

271 2684 420 2762 rentiam,
441 2705 619 2766 numquam
640 2682 705 2748 fuit
726 2683 889 2761 auditum,
919 2684 983 2748 nisi
1004 2689 1180 2768 postquam
1201 2683 1341 2751 salutavit

270 2784 301 2847 b.
324 2782 491 2866 Virginem
512 2789 699 2848 reverenter
721 2782 831 2847 dicens
853 2782 972 2864 „Ave“
994 2831 1001 2846 .
1025 2831 1032 2845 .
1056 2832 1063 2846 .
1088 2833 1095 2846 .
1130 2783 1224 2861 Quod
1244 2790 1340 2848 auten

270 2883 453 2966 antiquitus
481 2904 546 2946 non
574 2882 785 2947 reverebatur
805 2882 969 2947 hominem
990 2881 1149 2966 Angelus,
1180 2884 1237 2949 sed
1256 2883 1340 2948 homo

272 2982 446 3065 Angelum,
476 2983 561 3047 ratio
584 2988 647 3060 est,
671 2983 748 3064 qnia
769 2981 912 3065 Angelus
934 2989 1007 3047 erat
1027 2983 1132 3064 major
1151 2982 1293 3060 homine,
1314 2987 1341 3044 et

269 3081 332 3146 hoc
354 3087 513 3164 quantum
535 3081 577 3146 ad
598 3081 672 3146 tria.
714 3081 822 3146 Primo
846 3088 1005 3164 quantum
1027 3081 1070 3145 ad
1099 3081 1340 3164 dignitatem:

270 3182 355 3245 ratio
379 3189 444 3246 est:
465 3203 542 3246 narn
563 3181 706 3264 Angelus
728 3188 779 3246 est
799 3188 937 3245 naturae
959 3181 1168 3262 spiritualis.
1190 3231 1196 3245 .
1217 3231 1233 3260 .,
1255 3182 1340 3245 homo

270 3301 345 3344 vero
369 3286 419 3344 est
439 3286 577 3345 naturae
607 3280 829 3362 corruptibilis
854 3329 860 3343 .
887 3329 893 3343 .
918 3329 924 3343 .
959 3279 1107 3345 Secundo
1130 3289 1287 3364 quantum
1306 3278 1340 3342 ad

270 3378 594 3445 familiaritatem
630 3380 678 3444 ad
715 3380 843 3446 Deum.
897 3379 982 3445 Nam
1017 3378 1160 3462 Angelus
1197 3387 1246 3444 est
1281 3378 1339 3443 Deo

334 3576 491 3634 brittene.
524 3576 779 3646 anianaemerito,
805 3577 853 3634 trie
875 3577 1024 3642 tricatam
1049 3577 1173 3644 Gruter,
1199 3578 1235 3634 tir
1259 3575 1340 3644 inmoti

267 3658 347 3714 ciuem
365 3657 494 3723 &alietate
511 3659 636 3726 tertiatur
654 3661 757 3716 narbon
773 3659 835 3725 lint,
852 3659 923 3725 butte
940 3659 999 3725 onir
1017 3660 1119 3717 warin.

246 3799 256 3818 ⁸
335 3739 486 3796 &liuttere
505 3740 598 3807 intua
616 3741 710 3810 ntegra
727 3741 764 3797 bie
783 3740 899 3806 booten,
917 3741 1007 3797 meruit
1024 3741 1119 3799 litorio
1134 3741 1270 3812 gclqntdt
1286 3749 1339 3802 bot,

268 3837 304 3877 on
327 3821 412 3889 &riht
437 3824 489 3879 unt
513 3823 674 3892 pmlitbleit
697 3823 736 3880 bic
760 3822 869 3881 &ruben
892 3823 934 3878 brt
959 3822 1142 3891 Grlcmmtbeit
1164 3825 1224 3880 niter
1247 3823 1340 3890 lthtiqru

269 3902 399 3971 Gelqbplr
423 3905 480 3970 out,
504 3905 581 3974 trbofi
597 3905 664 3964 onst
681 3905 774 3963 litorio
799 3904 880 3972 ulqlt
905 3903 986 3973 ibren
1010 3906 1143 3975 qttttirbur
1161 3906 1251 3973 &abac
1274 3903 1339 3970 urbe

268 3985 311 4040 ott
329 3985 391 4051 leina
408 4003 483 4056 gangr
499 3989 587 4058 ostiae
605 3989 753 4060 &qtptung
770 3988 855 4045 uest!
