2718 4556
560 354 618 414 341

62 512 198 577 cessariis
219 511 268 576 illi
288 511 483 595 provideret,
506 513 540 575 in
561 512 700 578 fovenda
722 519 755 578 et
777 512 943 578 educanda
963 514 1070 596 prole,
1092 515 1126 579 in

61 613 147 679 rebus
165 613 351 679 domesticis
369 611 526 694 gerendis,
544 618 582 677 ut
597 633 774 696 pauperem
791 611 948 677 familiam
964 611 1126 679 industria

61 734 112 777 sua
131 712 233 776 aleret
260 731 395 794 eamque
421 710 456 774 in
482 710 650 776 laboribus
676 712 814 790 viarum,
845 710 929 775 sicut
957 711 1062 776 eundo
1090 712 1125 775 in

60 811 231 894 Aegyptum
249 816 283 876 et
300 809 465 874 redeundo
484 829 524 873 ex
541 810 602 874 hae
620 816 717 889 terra,
738 809 936 874 defenderet.
972 809 1023 874 Ad
1040 831 1125 894 quae

60 909 229 974 ministeria
258 909 455 992 praestanda
489 915 581 974 aetas
612 915 785 991 tantopere
812 914 966 992 provecta
996 908 1126 974 videtur

59 1029 181 1089 prorsus
206 1008 332 1090 inepta,
366 1029 466 1090 quum
494 1028 517 1071 s.
541 1008 664 1090 Joseph
691 1008 796 1072 alieno
824 1008 935 1090 potius
963 1007 1125 1092 indigeret
1158 1029 1160 1033 ·

60 1105 214 1190 obsequie,
236 1127 334 1189 quam
356 1105 429 1170 aliis
449 1105 607 1170 auxilium
629 1106 782 1170 exhibere
803 1114 923 1188 posset.

111 1205 142 1269 b.
177 1206 311 1284 Decuit‚
345 1211 382 1269 ut
414 1205 447 1268 in
478 1205 540 1269 hoc
571 1205 779 1290 matrimonio
810 1205 1009 1270 nobilissimo
1040 1227 1125 1289 pro·

59 1305 180 1383 portio
198 1305 306 1369 inter
324 1304 447 1367 virum
469 1310 508 1368 et
525 1324 685 1368 uxorem
703 1303 819 1368 saltem
837 1305 912 1370 talis
931 1313 1122 1386 servaretur,

59 1421 134 1482 quac
167 1424 229 1466 usu
265 1402 427 1467 communi
464 1408 627 1480 servatur,
669 1402 765 1467 sicuti
796 1404 965 1486 proportio
1001 1401 1059 1468 illa
1089 1403 1124 1468 in

59 1501 212 1583 sanguinis
233 1500 421 1580 nobilitate,
450 1501 484 1564 in
506 1501 627 1566 virtute
650 1509 683 1566 et
704 1502 880 1588 sanctitate
902 1509 1030 1568 servata
1049 1502 1122 1568 fuit.

60 1597 135 1675 Quid
154 1621 244 1679 vero,
276 1600 303 1664 si
331 1600 362 1664 b.
384 1600 499 1682 Virgo,
530 1622 613 1684 quae
635 1601 881 1684 quatuordecim
902 1607 1031 1666 tantum
1052 1607 1124 1666 erat

58 1718 213 1779 annorum,
236 1700 306 1764 seni
327 1699 405 1764 data
425 1698 543 1764 fuisset
564 1699 792 1781 octogenario?

113 1819 137 1862 c.
167 1799 210 1877 Ii,
242 1799 299 1882 qui
327 1821 350 1862 s.
373 1798 550 1882 Josephum
578 1820 643 1863 non
671 1800 768 1864 aliter
793 1820 813 1863 a
834 1798 967 1880 Virgine
994 1817 1028 1861 se
1049 1817 1123 1860 con-

58 1895 151 1961 tinere
171 1899 317 1980 potuisse
336 1896 500 1982 judicant,
529 1898 591 1961 nisi
621 1919 719 1962 senex
747 1904 780 1962 et
801 1918 860 1980 per
886 1903 1029 1961 aetatem
1049 1915 1124 1977 pro·

58 2004 172 2061 vectam
189 1985 242 2062 'ad
271 1998 531 2063 commixtionem
560 1997 720 2080 impotens
748 1997 878 2074 fuisset,
911 1994 1123 2078 plurimum

59 2093 240 2178 derogant
268 2097 424 2179 gratiae
447 2097 517 2175 Dei,
540 2117 623 2179 quae
645 2103 713 2160 tam
736 2096 846 2161 efficax
868 2097 937 2159 esse
958 2099 1068 2177 potest
1089 2093 1123 2156 in

58 2192 322 2273 adolescentibus,
355 2215 394 2258 ac
425 2194 459 2258 in
490 2194 563 2258 aliis
591 2194 784 2258 hominibus.
833 2194 944 2259 Vanus
976 2199 1026 2257 est
1054 2212 1124 2256 car-

58 2291 170 2356 nalium
190 2293 303 2373 timor;
332 2293 459 2358 facilins
482 2294 567 2357 cnim
595 2295 740 2359 continet
757 2293 885 2376 juvenis
905 2293 995 2374 virgo
1018 2291 1123 2355 Deum

59 2388 172 2471 timens,
192 2413 289 2474 quam
311 2412 409 2456 senex
427 2392 588 2474 impotens
606 2391 797 2475 libidinique
816 2398 973 2456 assuetus.
1008 2388 1122 2454 Nonne

58 2485 254 2554 beatissimae
290 2490 432 2572 Virginis
469 2512 620 2573 sponsus,
661 2492 752 2575 cujus
789 2490 919 2554 laudem
955 2489 1124 2572 praedicat

59 2584 270 2670 Evangelium,
298 2589 402 2653 multo
431 2589 642 2656 excellentior
661 2588 726 2654 fuit
745 2589 903 2672 Josepho,
932 2588 1051 2654 veteris
1074 2594 1122 2651 te-

59 2687 199 2752 stamenti
226 2687 436 2770 patriarcha?
474 2689 518 2752 At
545 2688 598 2753 hic
627 2689 742 2752 eximie
770 2688 993 2771 praedicatur,
1024 2685 1121 2768 quad,

60 2803 147 2863 quum
167 2793 253 2850 esset
267 2786 393 2869 juvenis
410 2786 547 2870 pulchra
567 2786 660 2865 facie,
680 2793 793 2851 contra
810 2786 908 2850 istam
925 2785 1122 2868 impudicam

60 2881 213 2948 mulierem
239 2884 386 2949 illaesam
414 2886 590 2950 servaverit
609 2887 797 2951 castitatem
823 2907 923 2950 suam.
967 2884 1122 2962 Quisnam

60 3000 124 3063 ergo
143 2984 301 3066 suspicari
321 2985 456 3064 audeat,
479 2987 553 3051 novi
575 2987 764 3051 testamenti
785 2985 1005 3068 patriarcham
1025 3005 1121 3066 prop-

59 3085 102 3142 ter
126 3081 379 3147 incontinentiae
400 3083 582 3166 periculum
609 3105 718 3148 senem
744 3085 844 3149 fuisse
873 3083 1032 3148 electum?
1063 3080 1121 3164 „Id

59 3177 217 3261 affirmare,
239 3181 348 3264 inquit
368 3183 485 3246 merito
506 3181 678 3262 Toletus,
689 3183 713 3265 ¹)
742 3189 827 3247 esset
849 3182 975 3246 diuinae
996 3182 1121 3265 gratiae

59 3263 200 3360 injuriam'
224 3281 361 3360 inferre3
390 3303 466 3345 nam
494 3282 551 3365 qui
580 3303 654 3346 eum
682 3281 724 3346 ad
745 3288 872 3346 tantam
901 3281 999 3364 elegit
1020 3281 1122 3364 digni·

59 3379 162 3458 tatem,
192 3401 265 3444 earn
285 3380 395 3463 potuit
415 3379 463 3443 illi
491 3381 631 3462 gratiam
657 3381 819 3464 impertiri
847 3387 880 3445 et
901 3401 975 3445 vere
1003 3381 1121 3463 imper-

59 3474 127 3542 titus
147 3485 204 3558 est,
234 3485 272 3544 ut
292 3480 472 3561 puritatem
501 3481 718 3544 omnimodam
740 3488 1001 3564 consequeretur.
1044 3479 1121 3544 Plus

59 3592 182 3658 namque
213 3583 324 3660 potest
355 3578 475 3659 gratia,
509 3599 607 3661 quam
639 3586 746 3658 aetas3
779 3580 964 3663 castiorque
995 3579 1120 3657 evadet,

60 3691 141 3751 quem
161 3676 267 3758 gratia
289 3674 429 3760 adjuvat,
461 3678 561 3741 etiam
581 3678 615 3741 in
636 3678 732 3741 viridi
753 3684 876 3756 aetate,
906 3699 1002 3762 quam
1025 3698 1120 3760 quem

60 3779 136 3839 aetas
162 3776 258 3860 longa
291 3776 359 3841 sine
387 3777 494 3859 gratia
523 3778 667 3860 corporis
695 3778 818 3843 viribus
848 3783 1012 3842 extenuat.
1063 3775 1120 3840 Et-

64 3914 242 3930 5—-—·

101 3988 132 4056 ’1)
150 3989 212 4060 Sup.
230 3991 298 4046 Luc.
316 4008 358 4061 cp.
378 3991 398 4058 l,
417 3994 518 4046 Annot.
536 3993 576 4046 59.
