2728 4560
747 367 806 426 194

294 527 461 594 Facillime
488 526 722 609 credipotest,
753 545 824 605 cos,
853 525 910 609 qui
930 524 1053 590 Mariae
1075 525 1256 608 singulares
1277 551 1308 594 ac

233 628 399 694 mirabiles
419 626 557 691 virtutes
577 625 662 690 bene
682 631 842 690 noverant
863 645 998 707 eamque
1020 623 1061 689 de
1083 625 1178 692 domo
1202 627 1307 707 David

234 728 275 793 de
292 750 357 812 qua
370 725 579 810 proditurum
591 723 744 808 Messiam
758 744 852 788 nemo
869 723 1041 802 dubitavit,
1057 745 1126 789 esse
1143 725 1307 806 sciverant,
1358 773 1359 786 2

234 825 394 909 suspicari
411 824 565 907 coepisse,
586 829 619 888 et
636 822 698 886 hac
717 822 757 886 de
776 842 812 886 re
830 822 995 887 interdum
1013 822 1113 888 verba
1130 827 1308 907 protulisse,

234 946 312 991 num
340 945 379 989 ea
407 922 546 988 forsitan
578 943 598 986 a
627 922 695 986 Deo
728 921 763 985 in
790 927 930 985 matrem
961 920 1064 1003 ipsius
1092 923 1232 990 Messias
1261 927 1309 990 eli-

234 1024 340 1108 genda
360 1023 456 1088 foret.
499 1021 604 1086 Maria
631 1041 724 1099 vero,
755 1041 839 1102 quae
861 1041 941 1103 prae
968 1020 1111 1096 mirabili
1131 1021 1309 1090 humilitate

234 1141 295 1188 sua
325 1129 395 1187 tam
426 1120 630 1204 praeclaram
660 1119 775 1185 haberi
808 1119 849 1184 de
881 1141 916 1185 se
948 1120 1222 1188 existimationem
1252 1148 1309 1190 non

235 1222 407 1301 sustinuit,
445 1219 615 1303 cogitavit,
654 1218 815 1302 quomodo
848 1218 889 1284 de
921 1220 1018 1285 corde
1052 1241 1111 1284 suo
1143 1228 1243 1307 atque
1276 1225 1309 1288 de

234 1321 374 1386 aliorum
406 1319 558 1402 opinione
585 1318 769 1401 propellere
801 1324 913 1401 posset
940 1319 1165 1403 hujuscemodi
1197 1324 1310 1406 cogita-

234 1421 341 1485 tiones
363 1439 401 1484 ac
423 1437 601 1497 sermones,
630 1438 696 1482 non
725 1416 813 1500 quod
833 1439 900 1481 non
928 1424 1015 1484 esset
1042 1417 1076 1482 in
1104 1441 1234 1486 omnem
1256 1423 1310 1487 Dei

235 1519 437 1584 voluntatem
459 1517 594 1600 parata,
614 1516 672 1581 sed
693 1522 744 1596 ut,
774 1522 935 1600 quantum
955 1517 989 1582 in
1011 1538 1045 1582 se
1068 1525 1155 1598 erat,
1178 1519 1308 1586 dilectae

236 1617 422 1684 consuleret
442 1615 623 1681 humilitati
643 1615 783 1698 ideoque
806 1614 981 1680 Dominum
1002 1615 1095 1681 enixe
1117 1620 1257 1701 rogavit,
1279 1627 1321 1686 ut'

235 1718 313 1797 sibi,
344 1716 423 1800 quid
449 1715 537 1781 iacto
567 1736 648 1797 opus
676 1720 778 1793 esset,
808 1715 1004 1781 ostenderet.
1053 1716 1117 1794 Qui
1139 1719 1170 1783 ei
1197 1720 1309 1784 bonum

236 1816 406 1883 consilium
425 1820 496 1880 tum
517 1814 560 1878 ad
582 1813 651 1896 ejus
671 1813 892 1879 humilitatem
919 1812 1091 1896 fovendam
1113 1818 1308 1902 ampliusque

235 1914 480 1992 illustrandam,
509 1919 580 1978 tum
608 1911 651 1977 ad
672 1912 777 1995 ipsam
797 1913 1058 1995 praeparandam
1086 1915 1200 1996 adid,
1230 1918 1309 2001 quod

236 2016 276 2080 de
304 2015 377 2098 ipsa
406 2013 626 2096 disposuerat,
661 2011 896 2094 suppeditavit,
924 2018 964 2076 ut
992 2033 1107 2095 nempe
1138 2023 1310 2098 perpetuae

236 2113 399 2180 castitatis
422 2112 588 2176 emitteret
609 2117 733 2188 votum,
765 2131 829 2193 quo
851 2131 885 2174 se
913 2111 1019 2192 ipsam
1047 2113 1135 2176 omni
1157 2116 1310 2180 naturalis

235 2212 459 2295 honestaeque
479 2209 581 2292 prolis
610 2230 667 2292 spe
694 2209 840 2291 privaret
868 2208 978 2291 sicque
1008 2216 1041 2275 et
1062 2218 1205 2277 mentem
1226 2235 1312 2278 suam

237 2310 279 2376 ab
301 2311 390 2375 hisce
420 2308 588 2392 expediret
616 2307 774 2372 molestiis
797 2313 832 2372 et
859 2306 941 2372 alios
969 2329 1098 2393 quoque
1119 2312 1310 2393 procedente

236 2418 384 2493 tempore
405 2409 510 2492 ipsam
537 2407 607 2473 sine
628 2406 719 2490 prole
741 2407 903 2485 videntes,
933 2407 1088 2472 certiores
1115 2409 1252 2491 faceret,
1277 2432 1311 2475 se

236 2530 302 2574 non
330 2528 400 2572 esse
428 2506 516 2572 tanti
542 2506 666 2585 meriti,
697 2506 812 2590 quanti
839 2506 881 2571 ab
909 2506 989 2589 ipsis
1017 2507 1207 2590 putabatur.
1254 2509 1311 2576 Sed
1362 2537 1363 2608 p

237 2614 351 2673 contra
372 2606 494 2671 accidit
511 2606 580 2670 Deo
603 2605 713 2669 omnia
733 2604 929 2670 mirabiliter
951 2604 1153 2687 disponente,
1173 2615 1210 2673 ut
1231 2608 1311 2692 quod

237 2707 295 2772 illa
316 2706 358 2771 ad
375 2713 504 2772 tantam
526 2705 720 2789 dignitatem
739 2704 908 2770 humiliter
930 2703 1155 2770 declinandam
1176 2714 1309 2785 voverat,

237 2806 272 2871 id
290 2805 332 2870 ad
351 2804 487 2870 eandem
509 2804 769 2887 consequendam
789 2804 895 2886 ipsam
914 2803 1121 2886 disposuerit.
1162 2806 1310 2891 Apposite

239 2926 314 2989 ergo
343 2903 532 2970 beatissima
553 2902 652 2985 Virgo
680 2908 797 2985 postea
824 2902 959 2967 cecinit:
991 2901 1111 2984 ,Quia
1139 2902 1311 2988 respexit

237 3001 470 3072 humilitatem
490 3001 628 3066 ancillae
650 3001 758 3066 suac.“
800 3000 853 3066 Ita
874 3001 977 3066 sensit
997 3000 1189 3068 Torniellus.
1201 3007 1224 3087 ¹)

300 3106 328 3166 2.
365 3101 453 3184 ,Alii
483 3107 617 3184 putant,
650 3100 759 3183 inquit
791 3099 1067 3183 Salmeron,²)·
1085 3123 1109 3166 s.
1144 3103 1309 3189 Deiparam

238 3201 363 3267 vovisse
397 3200 633 3283 virginitatem,
668 3205 706 3263 ut
739 3197 889 3264 famula
922 3205 961 3264 et
994 3199 1146 3266 ancilla
1180 3199 1309 3266 matris

238 3300 410 3367 Messias
453 3321 523 3364 esse
560 3305 671 3383 posset
707 3304 809 3382 utque
850 3299 920 3382 ejus
955 3299 1150 3384 pedissequa
1186 3299 1311 3366 liberius

238 3399 288 3463 illi
308 3419 347 3464 ac
374 3397 561 3481 diligentius
587 3397 798 3462 ministraret.
842 3396 906 3462 Sed
927 3397 989 3463 hoc
1014 3397 1198 3483 impugnari
1221 3397 1310 3466 facile

238 3503 357 3582 potest.
405 3497 489 3562 Nam
517 3498 545 3562 si
573 3498 614 3562 ob
643 3497 677 3561 id
704 3496 901 3579 virginitatis
928 3499 1132 3580 propositum
1161 3496 1307 3580 concepit,

237 3597 327 3662 haud
348 3596 463 3661 debuit
482 3597 606 3682 nuptiis
633 3596 799 3675 assentiri,
829 3617 869 3660 ne
899 3597 1011 3680 quovis
1038 3597 1134 3664 modo
1157 3594 1309 3681 obsequiis

238 3702 338 3779 atque
360 3695 500 3762 servitiis
521 3695 660 3760 Messias
681 3695 796 3760 matris
817 3694 1085 3777 impedimentum
1106 3696 1266 3762 daretur.“

306 3927 325 3995 ¹)
342 3926 387 3982 Ad
407 3943 484 3983 mun.
505 3942 607 3981 annum
624 3927 697 3982 4050.
732 3924 855 3982 Annales
876 3925 957 3982 sacri.
974 3929 1041 3982 tom.
1058 3925 1095 3981 11.
1136 3926 1158 3994 ²)
1175 3927 1248 3982 Tem.
1265 3919 1306 3984 lll,

237 4014 320 4066 tract.
339 4010 401 4080 Vll,
418 4028 483 4080 sup:
501 4009 645 4079 Quomodo
661 4008 712 4064 fiet
727 4007 822 4063 istud?
