2782 4554
771 328 830 388 492

257 485 317 568 sit3
347 487 492 571 quinimo
509 507 586 568 eam
607 487 805 554 sententiam
831 489 963 553 omnino
983 475 1243 571 amplectendam
1266 503 1325 552 esse

257 586 334 666 dixi,
357 593 396 652 ut
416 587 504 670 piam
526 608 565 652 ac
586 587 737 670 congruis
757 586 940 652 rationibus
960 588 1056 670 longe
1076 587 1325 671 probabiliorem,

258 686 336 769 quia
363 693 401 751 ut
422 685 523 751 talem
549 686 760 770 amplectitur
779 686 941 765 Ecclesia,
971 687 1053 752 adeo
1080 694 1119 753 ut
1145 687 1326 752 temeritatis

196 866 199 871 Ι
258 793 371 850 notam
398 808 463 850 non
486 785 659 868 effugeret,
691 785 747 868 qui
776 785 816 849 de
837 785 897 849 illa
924 784 1122 852 dubitaret.“
1165 787 1237 852 Etsi
1263 807 1325 869 ergo

256 885 288 949 b.
321 880 464 968 Virginis
495 884 684 967 Assumptio
720 906 786 948 non
821 885 865 949 sit
897 884 1056 950 articulus
1088 885 1182 965 fidei,
1218 884 1326 950 nullu

259 992 493 1050 tenus0cam
521 985 582 1049 vel
611 984 802 1066 amplecti
830 983 893 1049 vel
920 984 1112 1050 refellere
1140 984 1279 1067 licet.¹)

203 1154 205 1158 ,
320 1085 496 1167 Assumpta
518 1090 568 1148 est
585 1083 692 1148 Maria
712 1083 746 1146 in
767 1082 902 1161 coelum,
925 1083 1093 1165 „exaltata
1111 1084 1174 1148 Dei
1193 1083 1325 1149 Genitrix

259 1204 358 1267 super
394 1184 509 1248 choros
544 1177 743 1266 Angelorum
779 1182 821 1246 ad
857 1181 1012 1247 coelestia
1046 1183 1177 1265 regna.“
1191 1184 1217 1266 2)
1274 1181 1325 1245 ld-

258 1282 387 1347 miraris
414 1283 448 1346 in
474 1283 606 1364 Angelis
633 1281 832 1365 primaevam
860 1281 1053 1364 puritatem,
1083 1282 1117 1345 in·
1143 1281 1325 1346 Patriarchis

258 1380 365 1460 fidem,
393 1383 427 1446 in
447 1381 620 1464 Prophetis
642 1402 740 1463 spem,
769 1378 930 1444 fervorem
951 1380 986 1444 in
1007 1381 1184 1463 Apostolia
1211 1380 1325 1445 fortitu-

259 1481 367 1552 dinem
388 1482 423 1547 in
444 1480 657 1564 Martyribus,
687 1481 722 1544 in
743 1478 990 1544 confessoribus
1009 1480 1191 1562 justitiam,
1217 1480 1326 1562 sapien·

258 1582 342 1646 tiam
372 1581 407 1646 in
437 1580 650 1659 Doctoribus,
683 1580 717 1643 in
745 1578 933 1662 Virginibus
962 1578 1204 1662 integritatem:
1236 1598 1326 1642 nonne
1369 1561 1370 1586 ¹

260 1679 483 1744 beatissimam
511 1679 678 1762 Virginem
718 1685 752 1743 et
779 1677 912 1761 quidem
943 1677 1012 1760 jam
1050 1678 1208 1744 mundum
1241 1679 1328 1742 intro

260 1786 391 1844 euntem
422 1779 456 1842 in
477 1778 527 1842 his
556 1778 704 1843 omnibus
732 1777 944 1842 ineffabiliter
973 1776 1132 1842 excellere
1162 1774 1327 1859 comperis?

260 1878 350 1955 Quae
379 1898 480 1960 quum
500 1877 609 1942 vivens
631 1867 758 1960 semper
786 1876 932 1941 auxisset
952 1876 1132 1958 gratiarum
1154 1877 1327 1941 thesaurum

260 1998 395 2061 seseque
425 1976 468 2042 ad
495 1976 706 2060 perfectionis
734 1977 862 2042 culmen
891 1977 989 2042 altius
1019 1997 1147 2059 semper
1176 1975 1326 2050 elevasset,

261 2097 402 2159 quanam
435 2076 615 2158 gratiarum
646 2075 848 2140 abundantia
880 2074 987 2140 ditata
1014 2074 1075 2140 hac
1108 2095 1149 2138 ex
1182 2074 1248 2138 vita
1272 2069 1326 2135 dis-

261 2174 374 2255 cessit,
409 2197 506 2258 quam
534 2171 859 2258 incomprehensibile
891 2173 1015 2256 gloriae
1042 2173 1224 2256 promeruit
1247 2191 1327 2255 prae

259 2273 385 2338 mium?
420 2273 494 2338 Non
523 2273 609 2338 enim
642 2280 707 2352 est,
741 2274 798 2356 qui
825 2273 969 2356 ignoret,
1002 2273 1129 2354 gratiae
1158 2279 1193 2336 et
1220 2269 1326 2355 gloriae

259 2373 428 2456 privilegia
445 2373 583 2438 interae
600 2393 670 2437 esse
688 2372 881 2438 correlative
898 2371 1145 2455 testeangelo
1165 2369 1324 2436 Scholae.

260 2471 396 2554 ,Gratia
425 2477 459 2535 et
487 2470 605 2554 gloria,
634 2470 752 2553 inquit,
761 2472 787 2553 ³)
820 2471 862 2535 ad
890 2470 978 2535 idem
1005 2492 1107 2553 genus
1135 2469 1324 2543 referamus

261 2570 339 2652 quia
374 2569 481 2654 gratia
515 2570 598 2634 nihil
629 2576 678 2634 est
706 2567 811 2648 aliud,
853 2591 951 2652 quam
986 2569 1148 2652 quaedam
1179 2565 1325 2633 inchoatio

260 2667 381 2750 gloriae
418 2667 451 2730 in
483 2669 607 2734 nobis.“
661 2668 764 2746 Quam
795 2669 968 2733 veritatem
1004 2667 1214 2733 considerans
1245 2666 1325 2730 devo

259 2765 404 2830 tissimus
438 2765 579 2850 Idiotaa)
614 2767 646 2831 b.
678 2767 846 2853 Virginem
879 2766 968 2830 hisce
1004 2766 1184 2850 alloquitur
1217 2764 1323 2831 verbis:

261 2863 476 2957 ,Sanctorum
505 2865 647 2930 omnium
668 2864 838 2948 privilegia
866 2886 884 2928 o
906 2864 1020 2947 Virgo!
1050 2865 1159 2928 omnia
1179 2863 1274 2928 habes
1297 2861 1324 2924 in

259 2969 294 3028 te
317 2970 484 3045 congesta:
512 2986 605 3029 nemo
627 2963 773 3048 aequalis
793 2964 863 3042 tibi,
886 2985 980 3028 nemo
1002 2963 1114 3046 major,
1136 2963 1201 3028 nisi
1222 2959 1322 3027 Deus.“

321 3060 454 3143 Triplici
474 3063 680 3146 virginitatis
700 3063 891 3149 doctoratus
899 3063 924 3145 5)
948 3067 982 3127 et
1002 3062 1152 3144 martyrii
1160 3064 1186 3145 6)
1209 3057 1323 3127 aureola

328 3310 348 3373 ¹)
366 3307 422 3362 Glr.
444 3306 493 3364 lv.
511 3308 659 3376 appendix.
699 3309 720 3374 ²)
738 3307 781 3362 lte
805 3309 932 3362 Ecclesia
949 3309 978 3362 in
1000 3307 1097 3362 divino
1119 3308 1220 3362 officio.
1246 3307 1277 3378 ¹³)
1291 3306 1322 3380 2}

259 3391 302 3468 22⁰
327 3407 353 3458 q.
378 3388 477 3454 XXIV,
499 3407 523 3444 a.
543 3393 567 3445 3.
589 3393 613 3445 2.
654 3393 676 3457 ⁴)
699 3390 777 3444 Tcm.
800 3389 849 3454 lll,
873 3389 946 3445 Bibl.
969 3395 1057 3444 sanct.
1097 3391 1119 3458 ὓ)
1144 3389 1215 3456 ,illic
1236 3383 1323 3456 gebilbtl

260 3472 308 3528 buc
333 3471 464 3538 dictitat
490 3472 532 3528 bct
556 3471 661 3540 baubat
685 3471 737 3527 unt
761 3471 935 3538 &bucceliam
965 3472 1007 3526 ult
1032 3471 1150 3539 arbitria
1180 3471 1222 3527 bct
1244 3468 1321 3536 belm.

259 3553 359 3609 scribit
383 3553 535 3622 Morgott
558 3554 576 3607 l.
597 3569 621 3608 c.
644 3570 707 3622 pag.
733 3557 787 3608 120.
826 3555 901 3610 aaut
924 3553 987 3610 tiele
1008 3562 1058 3611 bau
1081 3555 1128 3612 bea
1151 3551 1321 3622 &abducitur

260 3637 346 3705 melche
368 3635 407 3692 bie
422 3636 526 3704 tlpuftet
542 3635 614 3704 butri)
633 3635 712 3692 thart
729 3636 781 3691 aab
800 3635 899 3704 &sitiit
916 3637 958 3692 ber
975 3637 1047 3694 utta
1068 3638 1212 3702 tertiaeet,
1234 3637 1321 3691 locutu

169 3737 172 3742 ·
259 3717 291 3786 fic
307 3734 358 3775 cut
374 3727 425 3775 aaa
442 3719 484 3787 ibt
501 3718 627 3786 rechrea,
652 3717 691 3774 bie
707 3717 740 3785 lle
762 3717 838 3775 atleta
861 3718 956 3787 buhle,
982 3719 1029 3776 trie
1046 3721 1198 3788 cementum
1222 3718 1257 3775 bie
1271 3715 1321 3774 lltb

259 3799 333 3868 [batt
357 3800 400 3856 bet
417 3800 527 3871 bracle,
551 3800 605 3868 itur
628 3799 791 3856 machabaeo
808 3799 981 3870 tupituqaifi
998 3802 1049 3858 unt
1073 3802 1167 3871 berulfi
1209 3803 1231 3868 6)
1246 3797 1319 3854 'ritulo

259 3883 375 3950 „regina
392 3883 563 3951 Martyrum*
585 3883 704 3938 donatur
726 3884 756 3936 in
778 3873 884 3938 litaniis
902 3883 1067 3940 haeretanis
1091 3887 1127 3940 ab
1146 3886 1265 3941 Ecclesia
1285 3897 1319 3948 ep

260 3965 392 4032 probatis.
