2772 4550
568 351 627 410 529

62 516 151 579 homo
180 534 297 597 purus3
330 512 426 576 unius
455 510 670 593 corporaliter
699 517 733 573 et
753 509 890 574 alterius
918 508 1138 592 spiritualiter

61 621 161 678 mater
181 619 232 677 est
254 611 389 676 Maria.“
431 608 594 674 Probatur

119 716 147 776 3.
180 732 220 776 ex
241 709 417 774 ratione.

117 834 145 876 a.
185 811 234 875 Ea
264 808 413 893 profecto
447 829 561 873 revera
592 815 643 872 θεῖ
676 814 782 872 mater
812 813 925 871 nostra
956 807 990 869 in
1022 806 1135 870 ordine

60 908 306 994 supernaturali,
325 929 410 992 quae
432 907 541 972 omnia
559 907 672 971 matris
695 904 799 971 officia
820 906 861 970 ad
883 906 1030 970 ordinem
1050 906 1135 970 hune
1216 982 1221 991 ‚

60 1011 254 1092 pertinentia
277 1014 416 1073 exercet.
460 1007 563 1090 Atqui
591 1006 621 1070 b.
644 1006 744 1090 Virgo
772 1005 946 1070 efficaciter
972 1008 1137 1071 concurrit

60 1109 98 1172 ad
117 1109 361 1192 generationem
378 1113 524 1172 nostram
543 1105 756 1189 spiritualem.
792 1106 843 1170 Ad
861 1127 931 1170 rem
949 1113 1025 1172 sunt
1043 1127 1136 1189 prae-

61 1209 144 1273 clara
165 1230 190 1273 ε.
212 1206 429 1290 Augustini
456 1206 565 1272 verba.
608 1205 742 1287 ,Maria
765 1205 881 1288 inquit,
892 1207 916 1286 ¹)
938 1205 1062 1272 faciens
1083 1229 1137 1271 vo-

59 1308 217 1373 luntatem
249 1307 326 1384 Dei,
365 1305 580 1389 corporaliter
615 1304 737 1370 Christi
772 1305 999 1372 tantummodo
1032 1313 1138 1373 mater

60 1415 121 1486 est,
151 1406 508 1491 spiritualiterautem
537 1412 571 1471 et
592 1426 686 1470 soror
714 1412 748 1470 et
769 1410 882 1468 mater.
926 1404 973 1469 Ac
993 1427 1053 1488 per
1075 1405 1137 1470 hoc

59 1507 112 1572 illa
131 1529 200 1573 una
220 1506 350 1584 femina,
379 1525 445 1570 non
465 1504 570 1569 solum
591 1504 719 1588 spiritu,
746 1524 858 1568 verum
880 1504 980 1570 etiam
1001 1527 1137 1589 corpore

60 1613 90 1671 et
119 1615 227 1676 mater
259 1614 310 1671 est
338 1612 372 1670 et
403 1605 502 1687 virgo.
551 1605 596 1668 Et
623 1610 729 1668 mater
757 1601 889 1687 quidem
917 1603 1041 1687 Spiritu
1073 1628 1139 1671 non

59 1707 171 1788 capitis
202 1705 324 1784 nostri,
365 1703 453 1787 quod
486 1710 536 1768 est
568 1701 733 1780 Salvator,
771 1723 810 1766 ex
843 1723 907 1785 quo
943 1703 1000 1769 illa
1035 1707 1138 1788 magis

59 1805 273 1886 spiritualiter
300 1809 380 1869 nata
411 1809 477 1880 est,
515 1801 592 1885 quia
620 1821 745 1878 omneS,
779 1801 835 1883 qui
867 1801 900 1865 in
930 1823 1002 1866 eum
1035 1803 1138 1866 credi·

60 1901 173 1982 derint,
195 1903 230 1967 iu
252 1902 371 1986 quibus
399 1908 432 1966 et
453 1902 525 1984 ipsa
546 1907 610 1978 cst,
640 1906 730 1964 recte
751 1898 812 1964 filii
840 1902 950 1983 sponsi
971 1902 1138 1985 appellan-

59 2008 117 2067 tur.
154 2002 220 2068 Sed
242 2003 339 2085 plane
360 2007 467 2066 mater
487 2000 707 2065 membrorum
729 1999 808 2082 ejus,
828 1999 915 2082 quod
936 2020 994 2064 nos
1016 2021 1135 2078 sumus,

59 2102 130 2183 quia
152 2107 330 2184 cooperata
360 2107 410 2165 est
431 2100 609 2177 charitate,
640 2107 677 2164 ut
698 2098 811 2163 fideles
839 2099 875 2162 in
895 2098 1043 2164 Ecclesia
1064 2121 1137 2164 nas-

59 2208 224 2279 cerentur3
254 2200 310 2282 qui
339 2199 426 2264 illius
456 2199 573 2283 capitis
602 2199 749 2265 membra
775 2204 867 2263 sunt:
898 2218 1033 2279 corpore
1061 2219 1137 2262 vero

58 2307 160 2364 mater
186 2299 289 2381 ipsius
319 2299 489 2381 capitis.“¹
516 2300 552 2363 B.
575 2299 675 2380 Virgo
705 2319 782 2382 ergo
811 2303 895 2362 teste
925 2319 948 2361 s.
979 2298 1136 2363 Antistite

59 2397 177 2480 duplici
194 2398 294 2463 titulo
312 2404 363 2462 est
378 2404 493 2476 mater,
512 2418 629 2462 carne
650 2418 766 2480 nempe
788 2403 822 2461 et
843 2396 999 2478 spiritu.
1034 2396 1137 2462 Carne
1177 2419 1179 2424 ·

58 2497 157 2576 parit,
188 2496 247 2560 sed
275 2495 381 2561 solum
410 2496 594 2574 Christum3
627 2496 745 2579 spiritu
773 2495 877 2578 parit,
907 2493 964 2560 sed
992 2495 1138 2561 membra
1255 2559 1257 2563 .

58 2601 185 2660 tantum
214 2595 344 2660 Christi.
389 2595 514 2678 Spiritu
542 2616 607 2659 non
633 2595 724 2677 parit
751 2595 932 2673 Christum,
963 2595 1043 2678 quia
1068 2596 1139 2678 ipsa

58 2715 76 2757 a
102 2694 233 2759 Christo
262 2694 390 2777 accepit
416 2692 530 2772 fidem,
564 2715 670 2776 spem,
701 2693 896 2773 charitatem
924 2700 1137 2777 caeterasque

57 2793 207 2870 virtutes,
244 2793 363 2877 quibus
394 2793 493 2876 digna
525 2792 588 2857 Dei
618 2792 686 2858 tilia
718 2792 880 2876 dignaque
912 2799 1018 2858 mater
1049 2793 1138 2859 faeta

59 2899 120 2970 θεῖς
151 2913 218 2956 non
239 2912 315 2956 vero
337 2892 486 2958 Christus
508 2913 568 2975 per
588 2893 708 2957 merita
729 2899 763 2956 et
784 2893 922 2957 virtutes
943 2892 973 2956 b.
996 2893 1139 2976 Virginis

58 2988 170 3069 plenus
206 2990 314 3072 gratia
349 2997 384 3055 θῖ
417 2990 556 3056 veritate
592 2990 665 3055 fuit.
720 2991 845 3072 Spiritu
881 3011 956 3074 ergo
989 2991 1138 3058 Christus
1234 3003 1239 3014 '

58 3089 164 3168 potius
192 3095 243 3154 est
262 3095 359 3172 pater
386 3089 501 3155 matris
530 3111 623 3168 suae,
654 3111 752 3172 quam
781 3090 851 3172 ejus
878 3089 974 3154 filins.
1018 3090 1139 3156 Nostra

59 3194 165 3253 autem
187 3195 293 3253 mater
323 3194 373 3254 est
394 3189 528 3273 spiritu,
559 3189 636 3272 quia
664 3189 826 3254 charitate
848 3209 906 3253 sua
932 3197 1136 3272 cooperatur,

59 3293 93 3350 ut
126 3288 161 3351 in
201 3287 348 3353 Ecclesia
384 3294 562 3354 nascantur
595 3286 709 3352 fideles
745 3295 780 3352 et
814 3289 848 3352 in
881 3287 1011 3354 Christo
1049 3309 1139 3372 rege-

60 3395 222 3452 nerentur.

116 3486 148 3550 b.
187 3486 226 3550 ln
258 3485 373 3552 ordine
404 3487 649 3570 supernaturali
683 3485 766 3550 facti
796 3508 907 3552 sumus
941 3487 1139 3553 cohaeredes

58 3583 179 3650 Christi
195 3585 330 3670 ipseque
349 3586 494 3652 omnium
507 3585 629 3669 jurium
647 3607 685 3650 ao
702 3585 946 3668 privilegiorum
960 3585 1139 3669 participes

58 3702 113 3746 nos
135 3682 224 3749 fecit.
266 3684 341 3749 Jam
368 3706 444 3750 uero
468 3684 617 3751 Christus
644 3706 709 3749 non
736 3691 788 3749 est
808 3689 938 3749 tantum
959 3683 1061 3749 Filius
1082 3705 1140 3749 na-

58 3783 173 3847 turalis
194 3783 302 3848 Patris
325 3784 485 3862 coelestis,
509 3782 565 3850 sed
588 3784 688 3849 etiam
709 3783 811 3848 Filius
832 3782 992 3848 naturalis
1013 3783 1044 3847 b.
1065 3783 1141 3848 Vir-

123 4001 143 4066 ¹)
161 4000 201 4054 De
218 4019 239 4056 ε.
257 4001 388 4071 Virginit.
405 4019 448 4071 op.
467 4002 483 4055 5
499 4017 540 4070 sq.
943 4083 977 4138 34
