2772 4550
554 325 612 385 571

39 485 270 570 antiquitus
302 490 498 568 susceptum,
527 484 677 568 religiose
705 484 807 550 fuisse
829 494 1003 553 servatum.
1046 489 1124 570 ,Se-

41 585 184 652 cundum
206 606 299 650 sacra
321 583 515 662 decretalia,
545 583 661 668 inquit,
673 584 696 666 ¹)
726 584 760 648 in
781 583 832 649 his
862 584 962 650 etiam
983 608 1004 651 a
1026 574 1128 652 licitis

38 709 75 751 se
98 684 294 770 quibusdam
312 683 487 761 abstineat,
507 682 782 766 quadragesimali
798 683 951 750 videlicet
968 691 1125 768 tempore,

39 784 130 869 quod
152 793 203 850 est
230 791 307 850 ante
333 783 475 862 Pascha,
501 783 625 866 jejunio
647 790 723 866 post
744 783 975 864 Pentecosten,
1002 785 1126 868 jejunio

39 891 119 950 ante
152 883 393 949 solemnitatem
421 881 663 965 Assumptionis
695 889 827 948 sanctae
858 882 919 946 Dei
951 883 1127 949 Genitriois

41 991 76 1051 et
99 1003 228 1065 semper
248 981 391 1064 Virginis
413 980 563 1045 dominae
590 987 723 1046 nostrae
745 981 883 1060 Mariae,
914 1003 974 1046 nec
995 986 1063 1047 non'
1079 983 1127 1065 je-

36 1083 132 1167 ju'nio
150 1089 228 1148 ante
245 1080 372 1146 Natalis
391 1079 521 1144 Domini
538 1079 645 1143 nostri
659 1079 739 1144 Jesu
758 1078 880 1144 Christi
897 1078 1126 1146 festivitatem:

40 1203 127 1266 quae
145 1181 271 1264 jejunia
292 1186 405 1244 sancta
427 1179 573 1244 Romana
602 1178 746 1260 suscepit
767 1178 951 1262 antiquitus
980 1186 1013 1245 et
1035 1186 1127 1244 tenet

41 1282 222 1348 Ecclesia.“

534 1479 566 1562 s.
590 1477 640 1544 ro.

114 1625 282 1690 Festum
314 1623 593 1689 beatissimae
625 1623 815 1708 Virginis
848 1621 899 1687 ad
929 1622 1064 1688 Nives.

415 1722 489 1786 Die
520 1728 547 1786 5.
575 1722 764 1806 Augusti.

109 1878 136 1935 1.
169 1870 393 1936 Dedicationis
421 1871 577 1937 basilicae
590 1870 593 1877 ’
606 1893 630 1936 s.
653 1871 777 1936 Mariae
807 1871 850 1936 ad
878 1870 968 1934 nives
990 1870 1127 1951 (Romae

42 1975 78 2038 in
94 1970 271 2056 Exquiliis)
290 1971 480 2036 memoriam
502 1971 650 2037 celebrat
665 1971 768 2036 officio
791 1969 914 2053 duplici
931 1969 1130 2035 breviarium

43 2074 238 2149 Romanum,
256 2071 291 2134 in
313 2093 377 2154 quo
399 2071 448 2137 ita
465 2072 633 2154 legitur:²)
656 2070 807 2154 „Liberio
830 2091 954 2136 summo
973 2069 1130 2134 Pontifice

42 2172 189 2238 loannes
207 2170 368 2236 Patricius
387 2172 550 2237 Romanus
572 2179 607 2236 et
627 2193 710 2235 uxor
730 2171 803 2254 pari
823 2169 1006 2247 nobilitate,
1030 2191 1131 2252 quum
1241 2166 1245 2177 ’

43 2272 167 2336 liberos
195 2292 261 2335 nou
290 2271 523 2352 suscepissent,
555 2292 636 2353 quos
665 2269 825 2334 bonorum
846 2268 1004 2333 haeredes
1033 2266 1131 2332 relin-

44 2375 203 2454 querent,
244 2389 337 2433 suam
371 2367 610 2435 haereditatem
646 2368 871 2461 sanctissimae
906 2366 1033 2450 Virgini
1069 2366 1132 2430 Dei

44 2469 150 2534 Matri
169 2475 337 2546 voverunt,
366 2468 408 2532 ab
430 2490 470 2534 ea
491 2468 625 2533 summis
646 2467 797 2551 precibus
819 2465 948 2532 assidue
970 2473 1130 2550 petentes,

44 2576 85 2634 ut
106 2569 142 2633 in
163 2568 252 2652 quod
272 2569 363 2651 pium
384 2589 466 2651 opus
492 2589 564 2632 eam
585 2568 756 2651 pecuniam
778 2566 984 2650 potissimum
1005 2563 1134 2648 erogari

43 2667 161 2744 vellet,
191 2666 301 2750 aliquo
323 2667 419 2732 modo
442 2667 649 2750 significaret.
693 2667 838 2744 Quorum
858 2687 972 2750 preces
1001 2671 1036 2729 et
1056 2671 1133 2730 vota

45 2790 89 2832 ex
110 2768 219 2831 animo
240 2767 343 2845 sacta,
374 2766 474 2831 beata
495 2766 594 2850 Virgo
616 2767 722 2832 Maria
748 2766 887 2848 benigue
916 2763 1052 2829 audiens
1073 2763 1134 2826 mi-

45 2865 160 2931 raculo
183 2865 416 2948 comprobavit.
459 2865 561 2930 Nonis
590 2866 691 2949 igitur
712 2864 868 2947 Augusti,
899 2885 963 2947 quo
985 2868 1135 2945 tempore

44 2968 81 3032 in
103 2965 194 3031 Urbe
223 2965 355 3030 maximi
386 2964 510 3031 calores
539 2986 609 3030 esse
638 2966 761 3044 solent,
790 2970 892 3030 noctu
919 2963 976 3026 nix
1004 2967 1134 3044 partem

45 3064 142 3129 collis
159 3064 327 3148 Exquilini
348 3065 501 3130 contexit.
546 3065 618 3142 Qua
637 3071 734 3129 nocte
750 3063 812 3128 Dei
827 3063 936 3128 Mater
956 3059 1133 3146 separatim

45 3165 210 3228 loannem
245 3171 278 3229 et
310 3165 480 3247 conjugem
513 3165 549 3229 in
580 3164 700 3229 somnis
739 3161 923 3237 admonuit,
963 3163 1001 3224 ut
1037 3177 1134 3241 quem

47 3264 159 3328 locum
187 3263 259 3328 nive
289 3285 497 3347 conspersum
526 3263 690 3342 viderent,
720 3263 754 3327 in
783 3283 821 3328 eo
843 3259 1024 3326 Ecclesiam
1046 3256 1135 3322 aedi·

45 3362 202 3440 licerent,
237 3384 320 3446 quae
349 3363 474 3428 Mariae
501 3363 644 3446 Virginis
675 3361 805 3428 nomine
838 3359 1061 3426 dedicaretur:
1099 3375 1134 3419 se

46 3461 137 3526 enim
159 3460 207 3526 ita
228 3461 311 3528 velle
333 3462 374 3528 ab
397 3463 476 3546 ipsis
497 3460 673 3527 haeredem
696 3460 834 3526 institui.
879 3457 973 3536 Quod
993 3455 1135 3522 Jcannes
1248 3518 1255 3530 ,

47 3561 92 3625 ad
114 3560 283 3636 Liberium
303 3560 495 3628 Pontificem
524 3561 657 3638 detulit,
688 3560 746 3643 qui
773 3559 860 3624 idem
888 3579 947 3641 per
975 3555 1137 3622 somnium

47 3659 114 3724 sibi
137 3659 312 3742 contigisse
341 3661 520 3726 affirmavit.
565 3660 671 3739 Quare
701 3659 837 3725 solemni
865 3656 1074 3723 sacerdotum
1103 3660 1137 3719 et

116 3893 136 3960 ¹)
154 3891 239 3961 Apud
256 3891 409 3962 stbeum.
432 3897 498 3946 tom.
517 3889 594 3955 Vlll,
612 3907 675 3960 pag.
693 3863 751 3946 518.
791 3889 814 3954 8)
832 3887 861 3942 P.
878 3887 983 3942 satira
1004 3884 1041 3938 sd
1061 3885 1139 3938 diem

47 3981 73 4034 5.
92 3978 223 4048 Augusti.
