2736 4552
770 357 830 418 336

258 538 326 600 ego
356 516 539 582 dolentes
569 516 856 598 quaerebamus
885 519 990 600 te.“¹)
1033 518 1082 582 Ex
1110 519 1170 584 hoc
1198 519 1258 583 alto
1285 520 1317 582 si·

257 615 371 680 lentio·
378 616 473 698 juxta
493 615 567 680 illos
595 615 787 680 concludere
816 617 907 695 licet,
937 639 961 681 s.
983 618 1162 701 Josephum
1180 619 1261 683 haud
1280 620 1319 683 ita

257 717 374 794 multo,
404 722 578 799 postquam
599 737 681 798 puer
701 716 797 781 Jesus
826 717 1053 782 duodecimum
1079 719 1196 782 aetatis
1217 739 1319 782 annum

257 815 407 898 explevit,
426 813 554 892 obiisse,
573 814 712 898 ideoque
734 837 816 894 eum,
837 815 914 880 dum
935 816 966 880 b.
983 817 1150 900 Virginem
1172 817 1205 881 in
1224 818 1320 882 matri-

256 916 400 980 monium
422 914 524 992 duxit,
544 914 612 997 jam
633 915 781 997 plurimis
803 921 975 998 gravatum
995 916 1095 980 fuisse
1117 917 1218 980 annis.

318 1018 346 1078 2.
379 1013 598 1080 Confirmatur
616 1013 697 1078 haec
718 1015 880 1079 sententia
902 1014 1102 1080 auctoritate
1124 1015 1319 1098 quorumdam

255 1114 513 1197 apocryphorum
542 1113 687 1196 quidem,
718 1113 775 1178 sed
803 1115 982 1178 certissime
1009 1120 1267 1196 pervetustorum
1290 1113 1320 1175 l'·

255 1212 396 1279 brorum.
432 1212 584 1296 Legimus
605 1235 632 1275 v.
650 1233 679 1295 g.
697 1212 731 1276 in
751 1213 1084 1296 protoevangelio
1106 1235 1130 1278 s.
1147 1213 1168 1278 J
1174 1213 1318 1292 acubitlj

256 1312 370 1394 „Dixit
391 1311 542 1376 sacerdos
562 1312 721 1394 Josephoz
753 1312 801 1376 Tu
830 1333 863 1376 es
886 1319 973 1376 sorte
1003 1311 1111 1376 divina
1132 1310 1265 1388 electus,
1290 1317 1318 1372 ut

255 1411 395 1494 accipias
418 1410 576 1493 virginem
595 1409 726 1474 Domini
746 1410 780 1474 in
802 1410 984 1474 custodiam
1005 1410 1094 1493 apud
1114 1416 1157 1474 te.
1197 1410 1239 1474 Et
1258 1429 1318 1472 oon·

255 1509 393 1574 tradixit
413 1509 535 1591 Joseph
564 1509 690 1573 dicens:
723 1507 807 1574 filios
828 1509 949 1587 habeo,
980 1516 1014 1574 et
1034 1531 1107 1573 sum
1128 1509 1254 1573 senex.“
1290 1505 1319 1569 ln

253 1610 390 1674 historia
427 1616 540 1673 ortus
572 1607 722 1672 Mariae
756 1606 876 1672 dicitur
912 1607 951 1672 de
973 1628 1007 1672 e.
1036 1607 1196 1690 Josepho:
1235 1606 1317 1688 „Erat

253 1708 349 1772 homo
373 1708 412 1772 de
435 1707 530 1771 domo
553 1712 586 1770 et
607 1705 732 1770 familia
755 1706 859 1771 David
881 1705 1113 1788 grandaevus.“

314 1807 503 1871 Plenissime
525 1805 689 1869 consentit
710 1827 734 1869 s.
756 1805 1023 1888 Epiphanius:
1052 1806 1175 1870 Eorum
1196 1804 1316 1878 inscitia,

253 1906 369 1989 inquit,
380 1908 405 1988 ³)
428 1907 485 1988 qui
505 1925 610 1986 neque
633 1923 742 1968 sacras
763 1903 875 1968 literas
897 1910 1051 1968 accurate
1073 1903 1207 1981 callent,
1229 1921 1317 1984 neque

252 2005 287 2069 in
308 2012 456 2069 veterum
483 2003 694 2068 historiarum
721 2002 860 2067 lectione
882 2004 956 2067 triti
977 2009 1068 2082 sunt,
1097 2002 1156 2066 hos
1184 2002 1267 2084 ipsos
1285 1999 1317 2063 ab

253 2104 327 2168 aliis
357 2102 485 2167 adalia
513 2100 672 2165 transfert
699 2108 732 2164 et
753 2101 887 2184 abripit,
919 2123 1020 2185 quum
1049 2123 1089 2165 ex
1116 2101 1245 2184 ingenio
1271 2119 1316 2163 suo

252 2222 290 2266 ao
318 2207 426 2266 mente
455 2200 602 2265 veritatis
631 2199 768 2282 vestigia
797 2206 1035 2275 consectantur.
1079 2200 1117 2263 In
1139 2199 1250 2283 primis
1268 2198 1316 2260 ita·

253 2321 315 2383 que
338 2321 412 2365 cnm
431 2298 530 2362 beato
552 2299 620 2362 viro
641 2298 783 2380 Josepho
806 2297 930 2362 tradita
952 2306 1017 2377 est,
1041 2320 1104 2382 quo
1125 2299 1216 2364 illam
1237 2296 1316 2362 sortis

250 2399 428 2463 necessitas
449 2397 648 2475 adduxerat,
676 2417 883 2479 nequaquam
905 2397 936 2460 ei
957 2397 1000 2461 ad
1020 2397 1258 2480 copulationem
1276 2401 1314 2459 est

251 2518 419 2575 concessa,
454 2496 496 2574 si,
527 2495 615 2578 quod
643 2517 694 2559 res
724 2501 787 2575 est,
821 2517 1007 2561 asseverare
1035 2495 1199 2575 volumus,
1233 2513 1315 2580 quun

251 2596 365 2678 utique
395 2594 511 2658 viduus
540 2601 639 2660 esset:
673 2594 731 2659 sed
751 2601 886 2677 propter
913 2595 1018 2677 legem
1039 2602 1150 2660 tamen
1176 2598 1226 2661 vir
1244 2595 1314 2660 illius

249 2693 444 2776 appellatur.
494 2692 660 2769 Quomodo
694 2693 780 2757 enim
811 2700 880 2758 tam
912 2693 1050 2759 affectae
1083 2717 1183 2760 senex
1214 2692 1314 2760 aetatis

249 2793 405 2874 virginem
436 2791 557 2856 habere
595 2812 729 2856 uxorem
761 2793 885 2874 potuit,
925 2793 983 2875 qui
1013 2799 1066 2858 tot
1099 2795 1194 2858 annis
1226 2799 1312 2866 antea,
1356 2833 1357 2840 κ

249 2891 352 2975 priori
373 2891 508 2973 conjuge
534 2897 620 2956 esset
642 2891 786 2955 orbatus.
827 2891 924 2968 Quod
946 2891 1094 2975 inprimis
1115 2893 1213 2958 homo
1234 2909 1314 2956 senex
1356 2889 1357 2968 ᾗ

250 3011 348 3073 supra
376 2989 543 3072 octoginta
573 3010 676 3053 annos
704 2989 869 3072 Virginem
901 2989 944 3054 ad
970 3011 1065 3054 usum
1094 2993 1237 3074 corporis
1261 3008 1312 3052 non

249 3088 426 3170 acceperit,
456 3087 515 3152 sed
536 3086 644 3152 divina
671 3087 782 3169 potius
804 3089 1008 3171 providentia
1037 3089 1080 3154 ad
1106 3089 1197 3172 illam
1223 3093 1311 3154 custo·

249 3186 401 3251 diendam
422 3193 473 3251 est
493 3186 694 3269 appositus.“
736 3187 780 3251 Et
801 3187 937 3252 ibidem:
967 3187 1066 3270 „Post
1086 3190 1207 3255 multos
1227 3205 1310 3254 annos

248 3284 368 3367 accipit
399 3285 537 3350 Mariam
573 3285 691 3350 viduus
729 3305 827 3368 agens
864 3286 1034 3352 viduitatis
1073 3309 1153 3353 suae
1191 3289 1310 3353 sonasse
1355 3355 1356 3364 χ

247 3383 482 3466 octogesimum
518 3391 552 3450 et
586 3384 706 3449 ultra.“
758 3385 846 3466 „Aut
883 3385 988 3450 solum
1024 3385 1074 3450 vir
1109 3394 1240 3453 vocatus
1272 3387 1310 3449 est

248 3481 411 3566 (dumph),
441 3482 549 3566 inquit
576 3483 663 3548 idem
692 3483 882 3568 Soriptor,4)
911 3506 966 3563 eo,
997 3485 1085 3568 quod
1114 3485 1310 3568 desponsatus
1355 3509 1356 3524 ¹

247 3579 325 3660 fuit,
358 3603 458 3664 quum
485 3605 583 3648 senex
612 3589 699 3647 esset
720 3604 879 3648 annorum
900 3584 974 3667 plus
996 3585 1103 3649 minus
1133 3581 1307 3668 octoginta*

247 3678 314 3744 Nec
353 3681 517 3764 discrepat
555 3682 770 3764 Gregorius
808 3683 1011 3749 Cedrenus
1049 3686 1099 3748 ita
1137 3679 1308 3767 loquenszl)
1354 3757 1355 3792 ἦ

254 3831 449 3842 ————

312 3911 332 3976 ¹)
350 3912 417 3967 Luc.
436 3913 472 3977 ΙΙ,
488 3913 530 3968 48.
569 3913 590 3978 ²)
607 3913 673 3968 Nro.
693 3909 739 3980 IX,
757 3914 791 3968 88
813 3913 879 3969 edit.
896 3913 996 3968 Hamb.
1036 3904 1308 3981 annectuntur

245 3998 345 4048 contra
362 3995 664 4051 Antidicomarianitas.
696 3999 719 4064 ⁴)
736 3997 818 4052 Haer.
836 3997 883 4052 Ll.
916 3998 938 4064 ⁶)
956 3998 1051 4065 Comp.
1069 3997 1132 4052 hist.
