2782 4554
548 363 606 424 521

32 525 375 595 intercessiones
396 523 759 590 incontaminatae
789 523 1008 607 Deiparae,
1039 524 1119 589 item

32 633 225 693 sanctorum
245 623 443 706 Angelorum
465 623 673 707 omniumque
695 622 918 690 Sanctomm.“
959 623 1021 688 Est
1042 642 1118 706 ergo

32 727 173 804 licitum,
193 725 330 790 Sanctus
351 723 516 801 invocare3
539 743 615 806 ergo
637 744 657 788 a
677 714 808 788 fortiori
829 743 853 786 s.
874 721 1050 806 Deiparam
1071 721 1119 785 in·

32 845 152 890 vocare
173 822 295 888 licebit
337 821 517 886 Probamus
535 821 598 886 hoc
620 841 660 885 ex
680 842 745 886 uno
767 820 912 886 alterove
929 821 1118 886 testimonio

101 930 127 988 l.
167 944 192 987 s.
229 919 477 1003 Scripturas.
533 920 634 1002 Lot1)
670 920 757 1003 petit
792 920 839 985 ab
875 919 1041 1003 Angelo,
1077 939 1119 984 ne

34 1025 165 1088 evertat
191 1021 307 1086 urbem
335 1021 444 1103 Segor.
496 1020 651 1102 ,Suscepi
677 1022 797 1103 prece's·
819 1025 911 1098 tuae,
943 1020 1120 1103 respondet

32 1122 196 1205 Angelus,
225 1126 350 1185 utnon
371 1119 557 1184 subvertam
577 1118 706 1198 urbem,
735 1141 794 1202 pro
817 1140 882 1202 qua
902 1119 1032 1185 locutus
1053 1119 1118 1184 es.“

35 1222 72 1288 Si
100 1219 217 1304 Angeli
247 1219 282 1283 in
314 1225 404 1283 terra
435 1217 590 1302 degentes
621 1218 730 1301 rogari
761 1226 912 1301 possunt,
952 1240 1053 1303 quare
1084 1219 1119 1283 in

35 1320 137 1386 coelis
159 1317 397 1400 triumphantes
425 1318 569 1382 invocari
588 1317 769 1397 nonlicet,
800 1339 901 1402 quere
922 1317 1120 1401 Angelorum

35 1419 186 1501 reginam
208 1417 360 1482 invocare
380 1415 473 1481 nefas
495 1416 580 1481 erit?
606 1415 708 1510 Jacob
730 1415 891 1500 Angelum
912 1423 947 1482 et
966 1423 1120 1499 parentes

36 1539 114 1583 suos
136 1516 301 1599 invocatl)
330 1537 428 1599 super
454 1513 531 1580 filiis
551 1514 674 1598 loseph
701 1515 828 1580 dicens³
861 1514 1032 1599 ,Angelus
1063 1516 1120 1599 qui

37 1617 125 1682 eruit
146 1637 198 1680 me
221 1614 261 1679 de
283 1615 409 1679 cunctis
431 1613 541 1693 malis,
571 1612 746 1678 benedicat
766 1615 877 1696 pueris
898 1615 987 1680 istis:
1017 1618 1052 1680 et
1072 1614 1121 1678 in·
1225 1669 1227 1674 .

35 1721 172 1782 vocetur
193 1735 292 1797 super
312 1735 368 1778 eos
389 1735 508 1779 nomen
529 1735 653 1792 meum,
683 1713 816 1779 nomina
838 1733 968 1797 quoque
989 1719 1121 1795 patrum

35 1836 201 1894 meorum,
230 1813 397 1878 Abrabam
425 1817 459 1878 et
484 1811 587 1876 Isaac.
630 1812 682 1876 Ad
709 1812 975 1878 Patriarcharum
1003 1812 1122 1877 merita

36 1931 214 1996 provocare
243 1912 393 1978 solebant
412 1910 593 1976 Israelitae.
638 1911 843 1992 „Recordare
865 1912 1018 1991 Domine,
1047 1932 1120 1994 pre·

38 2020 134 2077 catur
159 2011 296 2094 Moyses,
306 2011 332 2092 3)
364 2009 540 2088 Abraham,
568 2010 660 2074 Isaac
689 2017 723 2075 et
743 2010 846 2076 lsrael
874 2031 1040 2076 servorum
1068 2017 1120 2077 tu·

38 2112 168 2177 oruml“
203 2108 316 2189 Quoad
344 2109 431 2174 hunc
459 2109 665 2192 supplicandi
692 2110 824 2176 modum
852 2110 1124 2194 apprime'notat

37 2209 363 2288 Bellarminus:⁴)
397 2207 605 2292 ,Notandum
627 2216 691 2289 est,
722 2210 801 2294 quia
821 2216 898 2276 ante
920 2209 1043 2276 Christi
1064 2209 1122 2274 ad·
1210 2199 1212 2204 ⁸

38 2317 172 2375 ventum
192 2308 312 2387 Sancti,
332 2307 388 2390 qui
409 2307 642 2388 moriebantur,
662 2330 729 2374 non
748 2309 920 2374 intrabant
939 2308 974 2374 in
995 2301 1122 2373 coelum

37 2430 97 2474 nec
121 2407 228 2472 Deum
254 2406 410 2473 videbant
430 2427 491 2471 nec
520 2428 712 2490 cognoscere
733 2415 890 2491 poterunt
909 2429 1023 2491 preces
1046 2428 1121 2490 sup·

37 2507 241 2592 plicantium,
270 2505 344 2572 ideo
373 2526 439 2571 non
466 2505 568 2572 fuisse
596 2513 788 2574 consuetum
815 2508 850 2572 in
877 2507 981 2572 veteri
1002 2506 1120 2572 ¹Testa·

37 2614 167 2686 ment0,
201 2613 240 2671 ut
270 2604 451 2672 diceretur:
489 2607 627 2672 Sanctus
654 2607 836 2684 Abraham,
870 2627 929 2670 ora
959 2627 1019 2688 pro
1050 2625 1120 2686 me3
1225 2677 1227 2682 ,

36 2707 96 2772 sed
136 2705 242 2770 solum
281 2705 421 2769 orabant
453 2704 601 2770 homines
641 2707 710 2788 ejus
749 2706 906 2787 temporis
942 2704 1048 2769 Deum
1087 2710 1122 2769 et

38 2803 227 2887 allegabant
254 2803 372 2868 merita
394 2804 600 2884 Sanctorum,
631 2805 688 2889 qui
706 2805 774 2888 jam
803 2805 966 2884 obierant,
996 2811 1035 2869 ut
1055 2803 1121 2869 illis

39 2904 186 2987 ipsorum
207 2902 372 2967 orationes
390 2903 613 2985 juvarentur.“

101 3001 146 3065 Et
168 3000 256 3084 quod
276 3000 425 3066 Novum
446 3007 733 3068 testamentum
754 3002 884 3082 attinet,
903 3002 1031 3086 quoties
1049 3025 1077 3066 v.
1090 3022 1119 3085 g,

41 3102 166 3166 Doctor
186 3101 334 3183 gentium
355 3101 558 3166 orationibus
578 3100 724 3166 fidelium
752 3121 824 3165 sese
846 3101 939 3164 enixe
961 3106 1122 3166 commen-

41 3199 145 3264 davit!
181 3199 255 3265 Jem
275 3195 402 3264 verosi
421 3200 549 3265 licitum
571 3206 629 3279 est,
658 3200 836 3264 viventium
856 3200 1122 3265 intercessionem

41 3298 130 3382 apud
170 3297 272 3362 Deum
305 3298 497 3382 implorare,
520 3305 661 3382 ¹quanto
700 3298 944 3364 convenientius
982 3299 1121 3378 uidetur,

42 3399 237 3464 Sanctorum
255 3419 328 3462 cum
343 3397 475 3464 Christo
492 3399 526 3462 in
545 3397 643 3463 coelis
659 3398 866 3481 regnantium
881 3398 1033 3481 precibus
1051 3419 1121 3467 sese

41 3495 284 3576 commendare,
315 3504 438 3580 quanto
467 3497 726 3576 convenientius,
757 3497 899 3562 omnium
929 3498 1122 3564 Sanctorum

41 3596 187 3680 reginam
226 3595 492 3663 intercessionem
530 3597 659 3680 precari
696 3597 976 3681 potentissimam!
1029 3594 1122 3662 Hanc

42 3717 65 3761 s.
86 3695 274 3777 Scripturae
296 3695 479 3762 doctrinam
499 3717 628 3779 semper
648 3703 826 3762 tenuerunt
847 3718 885 3761 ac
906 3694 1123 3774 defenderunt

107 3929 127 3995 ¹)
151 3927 219 3983 Gen.
241 3925 316 3994 XIX,
337 3929 380 3982 21.
420 3927 442 3995 ⁹)
464 3927 532 3983 Gen.
555 3926 685 3994 XLVlll,
703 3930 743 3984 16.
786 3925 916 3994 ⁸)Exod.
935 3923 1122 3990 1111111113.

42 4015 64 4079 ⁴)
82 4011 115 4065 ln
131 4025 214 4066 serm.
230 4008 266 4064 de
282 4008 335 4064 Dei
351 4010 497 4079 genitricis
512 4009 650 4065 laudibus.
