2718 4556
562 338 621 426 347

61 519 125 561 cum
150 497 253 562 Maria
281 497 424 580 Angelus
453 496 492 562 de
522 496 643 578 salute,
677 498 755 581 quia
787 518 860 562 cum
887 498 956 562 Eva
983 498 1125 582 Angelus

62 603 160 678 egerat
191 596 231 661 de
262 596 365 660 ruina.
415 596 562 662 Audistis
593 596 754 679 Angelum
785 596 825 662 de
857 597 963 662 carnis
994 604 1126 662 nostrae

60 696 127 761 limo
162 696 319 778 templum
356 696 483 761 divinae
520 695 702 779 majestatis
746 702 818 760 arte
855 694 1015 760 ineffabili
1050 695 1126 762 con-

61 795 259 868 struentem.“
300 866 304 872 ,
691 861 692 866 ,

115 915 138 958 c.
166 894 199 959 Si
220 915 265 958 ex
282 893 516 959 beatissima
532 893 696 976 Virgine
713 892 810 977 hujus
832 893 978 976 mysterii
998 893 1127 958 inscia

61 990 204 1057 Dominus
221 1013 351 1056 carnem
367 993 570 1076 suscepisset,
588 991 682 1056 nobis
699 1013 764 1056 non
780 992 999 1057 innotuissent
1016 1013 1126 1057 omnes
1154 1075 1156 1078 Ι

59 1091 283 1171 pulcherrimae
311 1091 387 1155 illae
414 1091 566 1168 virtutes,
597 1111 680 1172 quae
710 1091 935 1170 innotuerunt,
966 1113 1067 1174 quum
1096 1093 1126 1156 ei

59 1189 188 1272 Angelus
227 1191 296 1255 Deo
335 1189 470 1274 jubente
508 1189 745 1254 Incarnationis
784 1190 974 1274 mysterium
1013 1191 1048 1253 in
1087 1211 1126 1254 ea

59 1289 266 1372 peragendum
298 1289 464 1373 patefecit.
517 1289 590 1354 Non
625 1289 790 1354 elicuisset
819 1289 878 1354 illa
908 1290 1126 1355 nobilissimos

60 1385 92 1450 de
109 1387 167 1452 hoc
187 1389 341 1470 mysterio
363 1388 440 1453 fidei
461 1394 564 1467 actus,
585 1387 670 1452 unde
692 1388 826 1452 dicitur:
849 1389 1001 1471 ,Beata
1026 1409 1124 1471 quac
1165 1383 1196 1427 '-

59 1487 313 1570 credidisti31)
346 1509 411 1552 non
443 1488 559 1552 elicere
591 1488 753 1569 potuisset
784 1495 877 1552 actus
909 1487 1124 1566 obedientiae,

58 1585 193 1666 pictatis,
227 1588 345 1652 amoris
375 1609 451 1669 erga
480 1585 600 1666 Deum,
630 1585 901 1668 profundissimae
929 1585 1125 1650 humilitatis

59 1691 87 1747 et
115 1684 277 1751 mirandae
309 1685 503 1768 prudentia'e
542 1685 576 1749 in
612 1691 687 1750 voto
724 1684 919 1768 virginitatis
957 1685 1123 1749 servando.

58 1783 237 1863 ,Assensus‚
271 1785 379 1868 inquit
407 1783 719 1866 Trombellius,2)
752 1804 849 1866 quem
869 1781 973 1847 Maria
1002 1782 1123 1864 Angelo

59 1901 123 1944 eum
148 1884 334 1967 exposcenti
361 1883 526 1966 praebuit,
560 1883 683 1952 Mariae
711 1883 893 1964 promeruit
921 1882 1124 1965 contulitque

59 1981 164 2046 eximia
194 1982 252 2046 illa
284 1983 463 2066 gratiarum
496 1983 719 2065 donorumque
752 2002 902 2060 munera,
939 2002 1022 2064 quae
1053 1987 1124 2045 tum

59 2078 189 2146 obtinuit
214 2081 330 2164 Virg0,
364 2105 464 2166 quum
492 2083 526 2147 in
553 2083 725 2165 purissimo
754 2088 848 2146 utero
878 2102 936 2146 suo
964 2080 1124 2146 Altissimi

58 2175 149 2242 filium
180 2181 285 2245 eidem
314 2181 480 2247 Altissimo
511 2180 822 2246 consubstantialem
854 2187 888 2245 et
915 2180 1124 2263 coaequalem

58 2279 217 2361 suscepit.“

111 2376 271 2442 Mirabilia
297 2377 443 2461 profecto
471 2378 552 2444 hacc
581 2399 604 2442 s.
631 2376 1122 2460 Bernardini,Scnensis³)

58 2474 159 2539 verbe:
188 2477 285 2559 ,Plus
306 2477 426 2541 meruit
447 2476 588 2559 gloriosa
608 2475 707 2558 Virgo
734 2475 769 2539 in
789 2497 853 2540 uno
876 2497 933 2540 suo
956 2497 1122 2556 consensu,

59 2573 169 2640 scilicet
201 2576 421 2658 conceptionis
456 2575 516 2638 filii
548 2574 625 2654 Dei,
665 2595 763 2657 quam
798 2595 909 2640 omnes
944 2581 1122 2654 creaturae,

59 2669 114 2735 sive
131 2674 253 2756 Angeli,
273 2675 339 2738 sive
360 2673 514 2753 homines,
535 2674 568 2737 in
590 2674 714 2737 cunctis
736 2672 802 2737 suis
824 2673 961 2752 actibus,
981 2673 1123 2740 motibus

7 2845 8 2852 ἵ
59 2775 86 2831 ct
117 2773 377 2856 cogitationibus.
430 2774 474 2838 Et
506 2772 637 2856 quidem
670 2793 796 2852 omnes,
837 2773 894 2856 qui
923 2779 1122 2851 meruerunt,

58 2867 126 2933 nihil
153 2872 291 2956 amplius
320 2879 499 2955 potuerunt
520 2873 653 2950 mereri,
682 2871 747 2936 nisi
774 2872 952 2936 secundum
980 2872 1123 2938 diversos

58 2972 149 3034 status
171 2979 204 3036 et
220 2973 340 3056 gradus
362 2972 498 3054 gloriam
513 2971 682 3036 felicitatis
703 2977 866 3036 aeternae.
901 2971 990 3036 Haec
1012 2979 1123 3037 autem

57 3063 141 3152 Virgo
180 3071 214 3134 in
254 3072 310 3135 illo
350 3073 490 3156 glorioso
532 3093 692 3136 consensu
726 3071 852 3136 'meruit
892 3071 1123 3137 extinctionem

57 3161 174 3248 fomitis,
186 3171 363 3252 primatum
380 3171 477 3252 orbis,
493 3171 670 3236 dominium
682 3169 799 3246 mundi
815 3191 913 3251 super
928 3191 1038 3234 omnes
1054 3191 1123 3236 cre·

58 3271 168 3347 sturm,
197 3277 363 3352 sceptrum
383 3270 488 3353 regni,
510 3268 748 3352 plenitudinem
769 3267 912 3332 omnium
933 3269 1121 3351 gratiarum,

58 3367 184 3431 omnium
204 3369 377 3448 virtutum,
408 3369 552 3434 omnium
580 3368 752 3445 donorum,
782 3365 925 3430 omnium
946 3367 1123 3432 beatitudi-

57 3481 130 3542 num,
149 3469 292 3532 omnium
309 3469 476 3534 fructuum
494 3468 628 3550 spiritus
648 3473 681 3531 et
700 3467 843 3531 omnium
860 3467 1070 3532 scientiarum
1088 3475 1122 3533 ct

58 3564 180 3630 maxime
200 3567 377 3633 altissimae
398 3567 600 3650 Theologiae,
623 3565 904 3650 interpretationis
927 3587 1120 3644 sermonum,

58 3660 177 3739 spiritus
207 3666 416 3750 prophetiae,
456 3665 661 3731 discretionis
693 3664 883 3748 spirituum,
922 3666 1121 3748 operationis

63 3809 243 3827 Ἣ

116 3897 139 3962 ¹),
149 3896 214 3952 Luc.
233 3897 312 3964 1,45.
355 3901 376 3960 ²)
394 3899 425 3955 L.
449 3915 473 3956 c.
491 3917 517 3970 p.
535 3898 571 3966 ll,
595 3898 658 3954 diss.
678 3896 725 3952 Xl.
766 3898 786 3965 8)
804 3896 890 3954 Serm.
909 3898 942 3959 V,
961 3896 995 3951 de
1018 3897 1123 3953 festivi·

58 3975 145 4032 tatibus
161 3980 191 4036 B.
209 3981 247 4034 M.
266 3981 298 4034 V.
