2728 4554
514 391 516 397 -
570 349 630 410 397

77 513 149 578 enim
175 512 258 576 ratic
287 515 379 574 recta
409 509 586 587 consentit,
615 509 752 594 ioseph,
786 512 931 594 quamvis
960 513 1138 591 occasione,

77 607 211 694 sponsam
229 609 384 674 divinitus
402 614 570 690 acceptam
592 607 804 692 dereliquisse
825 631 864 674 ac
880 631 1012 692 passum
1028 610 1139 691 fuisse,

75 711 225 794 Virginem
253 714 381 774 tantam
410 707 479 771 sine
511 729 545 771 se
573 707 706 790 longum
732 709 798 773 iter
824 708 943 772 subire.
992 710 1140 793 Amplius

73 809 181 892 ioseph
200 808 254 876 ad
284 808 346 872 hoc
382 806 624 871 rationabiliter
659 807 852 890 cogebatur,
892 815 930 873 ut
961 829 1020 891 pro
1056 831 1140 875 nova

75 909 217 974 affinitate
238 907 329 972 novis
352 905 635 988 congratularetur
656 905 820 985 affinibus,
844 929 945 990 quum
965 909 1140 992 praecipue

74 1007 184 1072 nobiles
216 1013 340 1083 essent,
375 1011 408 1068 et
436 1025 570 1088 magnae
603 1004 692 1086 apud
718 1004 861 1070 iudaeos
894 1007 1053 1088 opinionis
1081 1008 1141 1072 Za·

75 1106 187 1170 chariss
224 1112 258 1170 et
289 1102 468 1168 Elisabeth.
522 1103 573 1189 Ad
603 1102 684 1167 haec
716 1103 856 1168 officium
887 1127 925 1170 ac
957 1107 1141 1190 conjugium
1201 1122 1203 1126 '

74 1203 182 1291 loseph
205 1225 293 1286 verga
329 1203 359 1267 b.
392 1201 559 1285 Virginem
594 1209 713 1285 cogunt
744 1225 819 1282 nos,
856 1205 944 1270 idem
978 1228 1138 1272 asserere:

74 1303 198 1368 officium
219 1302 365 1387 quidem,
396 1299 551 1385 quoniam
579 1323 598 1365 a
619 1301 689 1366 Deo
711 1303 883 1369 institutus
904 1303 968 1370 fuit
989 1312 1081 1371 tutor
1097 1309 1140 1372 'ao

73 1403 260 1468 ministrator
287 1401 318 1464 b.
340 1399 496 1484 Virginis,
528 1399 714 1484 quodlicet
741 1402 843 1486 magis
871 1404 1038 1488 magisque
1067 1427 1141 1490 cog·

73 1504 185 1568 novisse
212 1525 235 1567 s.
257 1501 437 1584 Josephum
456 1521 521 1564 non
542 1501 757 1584 ambigamus,
784 1509 860 1585 post
880 1503 1019 1585 primam
1040 1526 1140 1587 appa-

72 1603 211 1666 ritionem
242 1599 446 1682 Angelicam,
487 1605 679 1681 suggerente
715 1606 825 1664 tamen
860 1601 967 1666 divino
1004 1603 1137 1685 Spiritu,

71 1702 223 1784 Virginem
244 1722 309 1764 non
331 1697 587 1780 derelinquebat.
626 1697 699 1761 Non
721 1721 797 1782 ergo
818 1721 924 1788 novus,
941 1700 1141 1783 gubernator

72 1799 101 1862 in
125 1807 189 1864 tam
215 1800 310 1882 longo
337 1799 454 1863 itinere
483 1819 634 1879 sponsam
663 1797 727 1861 sibi
748 1798 905 1864 creditam
934 1799 1138 1882 dereliquit.“

73 1891 224 1963 Hactenus
245 1898 310 1962 ille.

124 2047 228 2112 Etiam
272 2045 477 2110 doctissimus
518 2045 777 2110 Benedictus
819 2046 913 2112 XIV.
957 2047 1033 2112 huic
1076 2047 1139 2131 ipsi

73 2146 203 2227 opinioni
232 2147 343 2210 favore
371 2145 509 2210 videtur.
552 2144 676 2226 „Valde
704 2145 878 2210 verisimile
907 2147 1137 2226 existimamus,

73 2245 217 2329 scribit,1)
250 2245 281 2308 b.
309 2244 475 2326 Virginem
504 2243 539 2308 in
566 2243 685 2307 itinere
713 2243 815 2307 solam
844 2267 909 2309 non
936 2245 1053 2324 fuisse,
1086 2266 1139 2309 co-

73 2344 172 2408 mitem
208 2366 284 2409 vero
322 2343 372 2406 illi
409 2342 510 2406 fuisse
541 2341 734 2424 Joscphum,
775 2348 848 2406 tuto
886 2342 1039 2407 affirmari
1075 2365 1140 2408 non

72 2444 198 2522 potest.“
241 2443 331 2508 Citat
360 2441 436 2505 dein
463 2440 573 2523 plures
602 2441 792 2522 scriptores,
827 2441 883 2524 qui
911 2463 944 2506 s.
962 2441 1140 2524 Josephum

73 2541 182 2606 socium
202 2541 304 2605 fuisse
326 2546 538 2604 asseruerunt
558 2560 607 2622 vg.
631 2539 802 2629 8111111119)Ι
820 2546 854 2604 et
875 2540 1021 2622 Ayala.³)

125 2694 150 2753 3.
181 2690 338 2772 Tempore
366 2688 439 2767 illo,
471 2711 534 2772 quo
555 2688 746 2752 beatissima
766 2687 865 2770 Virgo
893 2689 958 2752 iter
986 2689 1138 2772 suscepit,

71 2785 178 2853 festum
205 2788 387 2866 Paschatis,
418 2810 482 2872 quo
512 2808 648 2869 ,omne
677 2786 954 2851 masculinum
981 2788 1023 2852 in
1051 2809 1140 2852 con-

72 2893 206 2966 spectu
235 2886 400 2951 Domini
428 2885 686 2969 (Hierosolymis)
716 2907 922 2968 apparere
956 2887 1135 2966 debuit“,

72 2986 204 3064 proxime
221 2985 374 3054 instabat.
410 2985 577 3063 Quomodo
597 3006 673 3068 ergo
693 2984 899 3062 credendum,
918 2983 942 3048 s.
961 2984 1139 3067 Josephum

72 3085 172 3162 paucis
193 3084 323 3162 diebus,
353 3091 527 3167 postquam
549 3083 654 3148 Maria
682 3083 779 3162 abiit,
809 3083 927 3166 elapsis
956 3083 997 3147 ad
1019 3081 1139 3148 festum

71 3183 210 3262 paschale
247 3184 452 3248 ascendisse?
496 3184 611 3248 Nonne
643 3183 753 3266 potius
791 3203 973 3247 asseramus
1009 3203 1139 3246 necesse

57 3287 122 3358 est,
148 3304 171 3346 s.
193 3303 347 3364 sponsum
372 3283 404 3347 b.'
426 3283 562 3366 Virgine
587 3283 621 3346 in
650 3282 781 3346 domum
802 3281 977 3345 Zachariae
999 3280 1141 3346 deducta

73 3379 175 3445 exinde
196 3382 656 3466 remeasse-Hierosolymam?

130 3627 148 3694 ¹)
164 3627 195 3683 L.
212 3645 237 3683 c.
254 3645 298 3698 cp.
313 3629 345 3704 V,
363 3631 428 3684 114.
461 3629 482 3696 ²)
499 3628 540 3682 De
557 3627 630 3684 laud.
648 3627 755 3683 Mariae
771 3646 798 3696 p.
816 3627 838 3685 l.
872 3627 894 3696 8)
911 3626 944 3681 ln
961 3627 1028 3696 pict.
1045 3625 1141 3681 christ.

72 3703 112 3762 lib.
128 3707 172 3777 IV,
189 3725 232 3780 ep.
250 3713 266 3764 5
283 3729 310 3766 n.
326 3712 352 3766 4.
