2728 4560
469 350 471 354 ’
553 339 613 400 265

58 501 189 566 novimus
210 521 285 565 cum
306 499 372 564 suis
395 498 588 583 conjugibus
617 506 652 566 et
671 499 764 584 prius
786 497 1008 566 continentem
1028 500 1130 565 vitam

59 599 173 664 duxisse
194 605 229 665 et
246 597 456 683 postmodum
477 598 520 664 ad
540 619 564 663 s.
582 598 748 664 Ecclesiae
766 599 926 682 regimina
942 600 1129 684 migrasse.“

109 698 188 763 Hinc
216 719 315 782 porro
341 704 417 782 post
445 698 637 781 primarium
664 698 827 782 Deiparae
856 719 931 763 cum
958 721 982 764 s.
1009 699 1132 782 Joseph

58 797 227 880 exemplum
244 803 314 862 tam
331 818 507 862 numerosa
525 797 724 862 sanctiorum
740 819 961 881 personarum,
980 797 1130 881 cujusvis,

58 897 213 980 speciatim
237 896 347 979 regiae
368 918 407 962 ac
425 897 657 981 imperatoriae
680 897 850 980 dignitatis
868 897 1017 981 exempla
1037 897 1131 962 nobis

58 1001 203 1077 prostant,
221 1001 260 1060 ut
275 995 403 1077 longior
420 1001 507 1060 esset
524 1016 638 1073 senno,
656 995 765 1060 omnia
782 996 810 1060 si
826 995 982 1060 vellemus
998 997 1130 1062 referre.

111 1092 379 1178 Chrysanthus
412 1101 451 1158 et
480 1093 603 1158 Daria
634 1095 787 1178 conjuges
819 1094 998 1160 secundum
1025 1095 1132 1160 brevi·

58 1194 183 1277 arium1)
212 1193 316 1258 nobili
345 1213 462 1276 genere
490 1193 577 1271 nati,
609 1191 674 1258 fide
704 1194 804 1258 etiam
833 1194 1003 1273 clariores,
1033 1215 1132 1278 quam

59 1293 149 1358 Daris
181 1293 294 1358 mariti
329 1313 429 1375 opera
465 1314 539 1358 cum
552 1373 556 1380 ι
569 1291 732 1377 baptismo
770 1301 973 1378 susceperat,
1010 1295 1132 1360 Romae

59 1392 315 1458 innumerabilem
343 1393 511 1457 homiuum
542 1392 811 1471 multitudinem,
834 1394 916 1458 haec
947 1393 1130 1473 mulierum,

58 1489 107 1556 1111
132 1493 289 1570 virorum,
322 1490 365 1555 ad
394 1489 559 1556 Christum
591 1498 829 1557 converterunt.
880 1493 1133 1558 Contemnentas

60 1591 233 1670 blanditias,
257 1596 503 1656 contemnentes
525 1590 712 1655 saevissima
726 1597 894 1656 tormenta
913 1591 1135 1674 virginitatem

59 1713 151 1775 usque
196 1692 239 1757 ad
280 1691 423 1774 palmam
469 1689 619 1772 martyrii
669 1690 864 1755 incolumem
912 1698 1131 1758 servaverunt.
1214 1709 1217 1714 ·

60 1789 203 1866 Quisnam
232 1811 297 1854 non
325 1789 511 1853 meminerit
537 1787 759 1853 nobilissimae
790 1789 879 1853 illius
908 1788 1040 1872 virginis
1069 1788 1133 1853 Ro-

59 1909 162 1954 manae
194 1888 446 1969 Caeciliae,⁹)
479 1908 563 1970 quae
595 1907 616 1952 a
646 1888 753 1969 prima
784 1894 895 1953 aetate
924 1887 1131 1952 Christianae

58 1985 127 2051 fidei
150 1987 334 2071 praeceptis
365 1987 519 2050 instituta
545 1985 767 2068 virginitatem
799 2007 892 2051 suam
920 1986 990 2051 Dec
1022 1986 1133 2050 vovit?

62 2085 150 2170 Cujus
176 2072 374 2170 virginitatis
402 2091 514 2150 votum
541 2086 628 2150 tanti
656 2085 736 2151 11111
757 2085 863 2165 Deus,
892 2093 930 2151 ut
952 2086 1023 2169 ipsa
1051 2107 1134 2169 nup-

60 2185 170 2250 tiarum
189 2193 285 2250 nocte
307 2185 342 2248 in
361 2185 430 2268 ejus
449 2185 673 2250 testimonium
694 2207 733 2250 ac
751 2186 933 2250 custodiam
953 2184 1134 2269 angelicam

63 2287 305 2367 apparitionem,
335 2284 427 2368 cujus
456 2285 557 2349 etiam
585 2284 745 2350 desiderio
774 2286 968 2350 Valerianus
996 2305 1134 2368 sponsus

63 2405 222 2450 conversus
251 2390 315 2463 est,
346 2383 499 2448 exhibere
527 2383 679 2466 dignatus
706 2384 758 2448 sit.
802 2383 978 2450 Praeterea
1003 2383 1137 2466 virgini-

62 2489 154 2548 tatem
190 2505 282 2550 suam
313 2483 348 2547 in
384 2483 534 2566 conjugio
573 2484 863 2549 incontaminatam
900 2483 1136 2549 conservabant

62 2581 235 2649 Julianus
268 2588 308 2648 11
338 2583 577 2666 Β11111111.3)
627 2583 659 2648 11
692 2583 779 2648 enim
808 2584 915 2668 prima
945 2582 1134 2666 nuptiarum

61 2689 153 2762 noete,
175 2704 276 2767 quum
296 2682 518 2766 virginitatem
538 2690 637 2749 antea
657 2683 812 2762 vovisset,
835 2689 965 2748 tantam
986 2702 1152 2747 rosarum-

63 2781 264 2866 lragrantiam
284 2783 400 2848 hiemis
428 2790 577 2866 tempore
604 2805 663 2867 per
692 2783 891 2861 cubiculum,
921 2782 955 2846 in
984 2781 1084 2864 quod,
1100 2800 1135 2844 11

63 2903 126 2946 cum
152 2904 269 2966 sponsa
297 2888 482 2965 receperat,
511 2903 532 2946 a
560 2882 630 2947 Dec
660 2882 818 2961 obtinuit,
848 2889 887 2947 ut
916 2903 956 2946 ea
983 2884 1136 2963 permota

62 2979 219 3063 Basilissa,
249 2981 378 3047 dicente
400 2981 464 3046 sibi
483 2981 629 3059 Julianc,
659 2981 745 3047 hunc
774 3002 845 3047 esse
869 2979 1050 3046 munditiae
1071 2979 1136 3048 111-

63 3080 166 3161 giuahs
195 3082 343 3160 odorem,
373 3081 486 3146 statim
515 3081 738 3164 virginitatem
767 3100 896 3145 servare
925 3077 1134 3148 consenserit,
1235 3131 1238 3136 i

64 3201 150 3262 quam
171 3204 189 3247 1
209 3182 297 3247 11111
320 3180 455 3246 exiliens
484 3179 657 3246 confestim
678 3180 773 3245 vovit
816 3179 940 3245 Eadem
963 3176 1136 3260 integritas

63 3281 252 3364 resplenduit
269 3281 304 3346 in
322 3303 347 3346 s.
366 3280 569 3358 Eleazaro,
587 3279 643 3362 qui
661 3287 737 3343 cum
751 3299 853 3343 uxore
866 3275 1137 3359 suaDelphina

64 3379 247 3464 virginitatis
275 3379 454 3446 servandae
481 3380 688 3463 propositum
715 3386 791 3444 voto
819 3377 969 3443 firmavit.
1018 3375 1136 3457 Itaque

66 3497 179 3545 sacram
206 3479 322 3545 aedem
350 3479 518 3558 adierunt,
548 3499 624 3544 suas
646 3478 715 3543 Deo
744 3498 858 3562 preces
886 3475 1073 3542 effuderunt
1103 3479 1138 3538 et

63 3585 129 3657 post
157 3578 400 3646 sanctissimum
432 3578 554 3645 Christi
589 3599 707 3662 corpus
738 3583 926 3642 reverenter
956 3578 1136 3656 acceptum,

72 3735 254 3750 w

121 3827 140 3894 ¹)
156 3827 222 3882 Pars
238 3831 380 3883 auctumn.
396 3826 433 3881 ad
449 3825 525 3880 diem
539 3823 624 3881 XXV.
639 3824 737 3881 Octcb.
771 3825 793 3891 ²)
811 3821 883 3879 ibid.
897 3821 933 3876 ad
951 3821 1027 3876 diem
1042 3819 1136 3876 xxlv

64 3903 138 3978 Nom
163 3911 330 3966 masurius
353 3909 383 3964 in
407 3909 467 3965 1111
487 3907 558 3978 ejus,
583 3923 626 3976 cp.
648 3907 687 3976 V;
712 3906 816 3963 Beued.
839 3905 914 3973 XlV,
936 3905 955 3962 1.
977 3919 1003 3960 c.
1043 3903 1064 3969 ⁸)
1082 3901 1138 3958 etr.

65 3986 163 4048 Surium
179 3994 214 4049 ad
232 3993 308 4049 diem
326 3991 374 4048 lx.
391 3993 468 4061 Jan.;
486 3991 673 4047 Ribudeneira
689 3991 720 4045 in
737 4007 833 4045 eorum
850 3990 916 4045 vita.
