2782 4554
573 276 632 380 aa

112 478 164 542 Il.
200 476 394 541 Traditio.

112 595 235 678 „Quod
252 594 403 660 universa
420 599 511 659 tenet
523 594 678 673 Ecclesia,
697 593 811 660 scribit
830 595 859 658 d.
878 595 1137 678 Augustinus,

49 717 110 760 nec
134 717 156 759 a
179 694 326 760 conciliis
346 693 545 772 institutum,
574 692 632 758 sed
653 715 781 777 semper
801 699 966 758 retentum
988 701 1047 773 est,
1074 717 1140 759 non

49 793 114 858 nisi
137 792 340 857 auctoritate
368 791 548 874 apostolica
569 792 729 856 traditum
755 793 935 858 rectissime
964 792 1139 858 creditur.“

51 891 117 956 Sed
150 891 247 955 illum
281 912 304 954 s.
336 888 497 971 Deiparae
530 889 655 954 cultum
686 891 838 955 universa
868 898 961 957 tenet
992 892 1139 957 Ecclesia

49 1011 111 1054 nec
130 1011 153 1053 a
172 987 320 1054 conciliis
337 987 509 1052 institutus
524 988 673 1053 noscitur
690 1011 882 1073 semperque
901 990 965 1056 fuit
980 998 1138 1056 retentus.

49 1088 221 1152 Probatur
241 1087 348 1151 minor
374 1087 560 1169 negative
589 1108 637 1166 eo,
661 1087 749 1170 quod
769 1089 879 1154 nullus
899 1090 1139 1183 haereticorum

51 1188 119 1251 sive
151 1186 364 1268 antiquorum
384 1185 451 1250 sive
472 1186 701 1250 modernorum
724 1187 929 1270 hyperdulioi
949 1189 1056 1255 cultus
1078 1190 1138 1254 ini-

50 1287 137 1351 tium
159 1285 329 1368 hucusque
351 1284 522 1349 ostendere
543 1285 696 1368 potuerit.
738 1285 902 1352 Probatur
921 1289 1095 1371 positive

115 1423 145 1465 a.
184 1422 224 1465 ex
245 1399 457 1482 Liturgiis,
487 1421 592 1483 ,qnae
614 1401 823 1484 singularum,
851 1404 885 1466 in
908 1403 1026 1486 quibus
1047 1427 1140 1469 usur-

51 1507 191 1582 pantur,
222 1498 433 1563 ecclesiarum
461 1505 545 1563 teste
567 1499 817 1584 Zaccharia1)
847 1522 958 1566 vocem
986 1524 1024 1567 ac
1046 1504 1139 1568 testi·

53 1599 202 1663 monium
223 1597 459 1681 quodammodo
482 1598 645 1677 exhibent,
668 1605 768 1683 atque
793 1601 1026 1684 episcoporum,
1049 1623 1138 1685 pres-

52 1699 262 1781 byterorum,
291 1697 357 1762 imo
387 1703 420 1762 et
448 1697 553 1781 plebis
581 1698 683 1780 ipsius
712 1698 882 1783 suffragia,
911 1700 1014 1782 leges,
1044 1701 1136 1777 ritus,

54 1798 165 1876 effata,
191 1797 345 1879 dogmata
365 1795 474 1879 palam
495 1795 652 1861 iaciunt.“

118 1944 148 1978 a.
183 1913 331 1996 Liturgia
353 1935 377 1977 s.
399 1913 419 1978 J
425 1913 583 1996 aoobi,2)
605 1913 663 1977 ubi
683 1914 746 1978 ita:
770 1913 1138 1996 ,Commemorationem

55 2034 190 2094 agamus
212 2012 448 2091 sanctissimae,
479 2011 718 2091 immaculatae,
748 2012 1012 2095 gloriosissimae,
1041 2012 1138 2076 bene-

56 2112 162 2176 dictae
192 2111 350 2175 Dominae
378 2118 510 2176 nostrae
539 2111 653 2176 matris
681 2111 757 2189 Dei,
789 2117 822 2176 et
850 2132 978 2194 semper
1005 2111 1137 2193 virginis

56 2211 195 2288 Mariae,
225 2232 263 2273 ac
287 2211 430 2275 omnium
451 2217 638 2275 sanctorum
667 2216 701 2274 et
718 2211 896 2292 justorum,
927 2216 967 2274 nt
985 2211 1137 2293 precibus

56 2316 155 2392 atque
184 2309 470 2374 intercessionibus
500 2331 612 2374 eornm
641 2331 751 2373 omnes
779 2308 1034 2372 misericordiam
1062 2331 1136 2373 con-

57 2408 260 2492 sequamur.“

121 2531 151 2606 β.
174 2524 322 2606 Liturgia
339 2547 362 2588 s.
378 2524 521 2608 Cyrilli
536 2524 814 2589 Alexandrini:
837 2522 1020 2605 ,Memento
1037 2524 1137 2588 etiam

59 2624 200 2688 omnium
222 2623 424 2702 Sanctorum,
445 2673 452 2688 .
473 2673 479 2687 .
501 2673 507 2686 .
527 2625 703 2706 praecipue
723 2629 835 2688 autem
856 2629 997 2699 sanotae,
1019 2622 1137 2704 glorio-

58 2723 201 2787 sissimae
234 2722 411 2806 Deiparae,
445 2743 573 2806 semper
600 2722 757 2804 Virginis,
791 2742 893 2803 purae
926 2727 959 2785 et
991 2720 1135 2785 illibatae

60 2843 82 2884 s.
104 2820 258 2884 Mariae.“

119 2963 145 3020 y.
163 2935 326 3018 .Liturgia
355 2957 378 2999 s.
408 2935 553 3000 Basilii
580 2936 750 3018 praedicat
779 2935 960 3013 Christum,
990 2935 1068 3017 ,qui
1096 2957 1136 2999 ex
1197 3023 1200 3030 .

61 3071 250 3083 —-....-.--

60 3137 128 3202 burcii
145 3137 181 3192 bie
198 3133 314 3200 bonuti)
331 3131 410 3198 iniret
426 3131 586 3201 moneamus
602 3132 732 3199 unctum
750 3132 879 3202 qemitbett
896 3131 947 3187 unt
966 3132 1136 3201 autgeglitlnn

62 3219 158 3276 murtro
180 3216 223 3283 let:
250 3216 309 3272 obet
333 3214 397 3282 wiht
419 3214 460 3281 ibt
485 3215 549 3272 brun
571 3215 650 3282 aiat,
675 3214 725 3283 tofi
745 3214 776 3271 io
799 3213 879 3281 bition
901 3212 1025 3281 {deinter
1045 3214 1137 3280 barben

62 3302 166 3359 abortat
185 3299 254 3366 {aaa
275 3296 409 3368 qbttticbeo
430 3295 509 3364 Seius
532 3296 576 3364 lidi
600 3297 715 3364 qbttlidie
736 3295 901 3364 debriantia
922 3296 1061 3365 ambergon,
1087 3295 1136 3364 tofi

62 3400 90 3453 qu
112 3384 157 3440 bar
178 3382 296 3450 intimarat
321 3380 479 3448 iirtiunqen,
505 3379 583 3436 benaa
605 3378 637 3444 lte
660 3379 719 3447 autb
745 3380 800 3435 brot
824 3377 944 3444 metleiten
967 3377 1137 3446 itotblcblulle

62 3466 150 3524 botta
173 3462 345 3530 arctatam
370 3462 467 3520 baben
491 3462 569 3529 toute,
595 3462 653 3518 ouda
679 3461 717 3518 bie
741 3477 771 3530 qu
788 3461 878 3530 attico
894 3460 933 3528 let,
958 3461 1007 3528 tofi
1031 3461 1063 3529 fu
1084 3470 1136 3520 bort

62 3548 138 3614 ittam
154 3546 245 3613 &otae
267 3546 309 3602 ult
327 3545 443 3611 iltuttet,
468 3545 516 3601 tote
537 3544 613 3611 biota
629 3544 700 3612 letblt
723 3561 764 3602 om
782 3543 876 3612 ffleuge
896 3551 947 3598 bon
966 3543 1055 3609 tettan
1072 3545 1137 3612 gule

62 3631 135 3698 liciat
155 3629 235 3686 auter
259 3627 302 3684 ott
324 3627 416 3695 bobr,
441 3627 568 3696 glattilant
592 3629 735 3696 ortleuqoet
760 3625 849 3682 motb‘t
880 3625 955 3682 maun
980 3626 1027 3681 tote
1051 3625 1138 3694 qltuat

63 3712 124 3779 uicit
145 3710 229 3781 gerute
254 3709 282 3766 in
299 3709 378 3776 biciso
395 3707 467 3777 ibren
490 3708 515 3774 lo
539 3709 657 3776 Idumen
674 3708 826 3776 palanga
850 3705 904 3774 ibn
920 3706 1070 3774 timmlilcbe
1087 3707 1137 3765 diss

64 3793 127 3860 balb,
144 3791 425 3860 iureconsultum
442 3791 575 3860 stactam
591 3791 642 3847 unt
663 3789 848 3858 &unitorum

125 3879 143 3940 ¹)
164 3875 203 3929 De
227 3891 279 3929 usu
300 3873 437 3928 librorum
458 3873 653 3943 liturgicarum
674 3874 704 3928 in
729 3873 810 3928 rebus
834 3871 998 3942 theologicis
1020 3888 1065 3941 cp.
1085 3869 1137 3941 lv,

64 3959 131 4028 apud
146 3958 233 4012 lisine
250 3956 268 4011 l.
287 3971 311 4011 o.
329 3973 355 4024 p.
372 3957 412 4010 84.
446 3957 467 4021 ²)
485 3957 539 4011 Cir.
557 3956 721 4011 Heinsio.
739 3973 802 4024 pag.
820 3955 853 4008 84
870 3972 928 4023 sqq.

940 4036 975 4092 33
