2782 4554
732 299 792 358 514

221 459 346 543 Spiritu
367 465 480 524 sancto
511 465 544 524 et
566 463 680 523 sancta
702 458 842 523 Domina
869 465 983 524 nostra
1004 460 1148 544 Deipara
1176 487 1312 551 semper

221 559 351 642 Virgine
373 559 479 623 Maria
500 579 631 622 caruem
651 580 819 624 assumens
841 559 991 624 ethome
1013 559 1121 626 factus
1143 567 1225 629 est.“

286 666 314 723 o.
355 657 505 740 Liturgia
541 679 565 722 s.
599 656 887 740 Chrysostomi:
927 658 1048 740 ,Tutos
1083 659 1137 726 fac
1175 686 1312 746 gressus

222 765 350 823 nostros
379 755 531 840 precibus
564 761 598 820 et
626 754 920 838 supplicationibus
951 755 1114 840 gloriosae
1143 761 1310 847 Deiparae

221 863 256 921 et
276 877 404 938 semper
424 854 566 938 Virginis
588 853 742 920 Mariae.“

301 1005 308 1020 .
344 956 435 1020 luter
467 953 617 1036 liturgias
650 952 869 1018 occidentales
900 952 1034 1040 liturgia
1066 955 1255 1040 Romana,
1287 985 1309 1028 a

220 1054 369 1138 pluribus
379 1055 404 1137 ¹)
434 1075 458 1118 s.
480 1053 578 1119 Petro
612 1053 765 1135 ascripta,
793 1052 1014 1136 principatum
1042 1061 1153 1138 tenet3
1184 1059 1220 1124 in
1247 1062 1308 1130 illa

221 1153 342 1236 legitur
363 1151 450 1217 inter
471 1142 552 1216 alia:
586 1150 725 1232 ,Libera
752 1171 827 1228 nos,
857 1172 1053 1238 quaesumus
1075 1154 1231 1238 Domine,
1264 1161 1305 1225 ab

222 1252 310 1317 omni
331 1251 417 1316 malo
439 1251 727 1320 intercessionibus
748 1250 873 1316 Mariae
897 1250 1089 1334 Deiparae.“

284 1357 309 1432 ζ.
342 1351 491 1438 Liturgia
519 1350 780 1416 Ambrosiana
808 1373 865 1416 seu
892 1350 1160 1420 Mediolanensis:
1190 1357 1306 1439 ,Com-

221 1451 424 1515 municantes
460 1455 494 1514 et
528 1449 718 1514 memoriam
754 1449 956 1514 celebrantes
991 1449 1152 1534 imprimis
1186 1455 1306 1540 glorio-

221 1550 368 1616 sissimae
389 1569 582 1632 semperque
602 1548 745 1631 Virginis
766 1548 921 1612 Mariae.“

285 1681 312 1735 q.
342 1649 491 1732 Liturgia
511 1646 779 1724 Mozarabica:
802 1646 885 1729 ,Per
900 1646 1054 1712 virtutem
1075 1658 1210 1718 sanctae
1233 1676 1307 1720 oru-

222 1753 267 1817 cis
289 1758 323 1816 et
343 1771 403 1832 per
424 1747 690 1813 intercessionem
709 1746 827 1811 beatae
849 1745 972 1812 Mariae
993 1747 1168 1831 Virginis.“

286 1861 318 1913 o.
349 1845 532 1929 Liturgia
556 1845 781 1911 Gallicana:
804 1846 868 1928 ,Et
885 1867 944 1928 pro
966 1847 1138 1914 animabus
1160 1851 1306 1916 omnium

223 1950 368 2015 fidelium
396 1944 652 2010 famulorum..
677 1993 683 2008 .
706 1945 741 2008 in
767 1966 847 2027 pace
869 1945 1036 2011 Ecclesiae
1065 1946 1306 2029 defunctorum,

223 2056 260 2114 ut
282 2049 328 2113 eis
356 2053 408 2123 tu,
438 2044 575 2109 Domine
599 2044 686 2112 Deus
715 2050 842 2123 noster,
872 2051 1082 2127 peccatorum
1103 2046 1232 2112 tribuas
1253 2070 1308 2112 ve-

90 2139 93 2148 ’
222 2149 310 2213 niam
333 2196 339 2210 .
428 2143 554 2208 meritis
583 2148 617 2207 et
637 2141 924 2208 intercessionibus
946 2143 1141 2208 Sanctorum
1162 2151 1306 2226 tuorum,

223 2247 347 2312 Mariae
370 2242 545 2310 Genitricis
568 2241 698 2307 Domini
721 2242 827 2306 nostri
845 2243 926 2307 Jesu
947 2241 1100 2307 Christi.“

283 2348 313 2411 b.
351 2346 403 2412 Ss.
435 2343 577 2407 Patres
614 2340 701 2424 quod
733 2341 869 2421 attinet,
905 2341 988 2406 nulli
1024 2342 1156 2407 dicendi
1190 2346 1308 2429 copiae

222 2445 369 2529 nullique
392 2441 628 2507 sententiarum
648 2447 866 2522 pepercerunt
887 2443 1069 2524 apparatui,
1093 2465 1157 2526 quo
1178 2443 1210 2508 b.
1233 2445 1308 2509 Vir·

222 2544 330 2626 ginem
350 2539 560 2625 hyperdulice
583 2539 604 2601 i.
628 2559 655 2601 e.
679 2537 770 2602 cultu
791 2539 997 2604 eminentiori
1019 2540 1189 2606 colendam
1210 2564 1308 2626 prae·

223 2641 411 2706 dicaverint.
454 2638 563 2703 Unum
585 2636 723 2701 aliumve
745 2636 925 2703 audiamus.

283 2739 381 2803 Teste
409 2759 434 2802 s.
455 2734 715 2820 Epiphanio2)
743 2735 775 2800 b.
797 2735 897 2820 Virgo
923 2736 1008 2801 liber
1034 2743 1085 2802 est
1104 2738 1189 2802 nulli
1210 2740 1307 2806 oculo

223 2844 335 2904 creato
365 2836 525 2919 cognitus,
557 2841 596 2899 ut
622 2833 840 2917 peffectiones
868 2836 967 2901 Verbi
995 2837 1122 2900 aeterni
1149 2837 1308 2920 legendas

223 2936 316 3002 nobis
358 2935 519 3000 exhibeat.
576 2932 694 3014 ,Liber
736 2933 1039 3016 incomprehensus,
1079 2937 1205 3019 inquit,
1249 2939 1307 3022 qui

223 3036 367 3102 Verbum
394 3033 502 3099 Patris
533 3031 653 3098 mundo
685 3032 859 3116 legendum
891 3033 1054 3100 exhibet.“
1108 3036 1146 3100 D.
1181 3037 1308 3122 Augu-

223 3135 353 3200 stinus
383 3154 454 3197 eam
481 3133 609 3214 vocat³)
642 3131 802 3198 visibilem
830 3132 1001 3198 invisibilis
1030 3133 1091 3198 Dei
1119 3136 1305 3220 imaginem.

223 3234 280 3318 ,Si
307 3232 446 3298 formam
467 3231 529 3296 Dei
556 3237 591 3296 te
619 3231 797 3314 appellem,
829 3231 927 3316 digna
955 3234 1081 3299 existi.“
1123 3236 1169 3300 At
1196 3258 1306 3304 nonne

224 3332 435 3399 excellentiae
465 3337 499 3396 et
522 3329 677 3414 dignitati
698 3330 799 3398 etiam
826 3330 934 3396 cultus
955 3332 1152 3416 respondeat
1171 3357 1306 3402 necesse

224 3432 296 3496 est?
327 3430 402 3494 Filii
424 3429 526 3512 ipsius
547 3429 698 3496 voluntas
719 3438 778 3510 est,
802 3438 840 3497 ut
861 3431 1001 3496 Matrem
1023 3455 1225 3515 veneremur,
1246 3460 1306 3504 suo

223 3553 282 3596 nos
310 3529 429 3594 docens
457 3530 615 3614 exemplo.
664 3530 749 3612 ,Qui
778 3532 864 3596 enim
891 3531 990 3597 dixit:
1022 3532 1147 3599 honora
1175 3542 1306 3618 patrem

289 3777 309 3842 ¹)
327 3774 484 3845 Liturgiam
500 3791 643 3831 romanam
659 3792 709 3832 seu
725 3777 841 3834 latinam
862 3779 979 3836 moribit
1002 3797 1024 3836 s.
1041 3780 1127 3836 Petro
1142 3781 1220 3838 inter
1236 3783 1306 3841 ulio·

223 3857 669 3928 d.Th0mu111,q.12xxV111.
687 3875 712 3916 a.
728 3862 745 3914 2
762 3860 798 3914 ad
815 3863 840 3917 ὅ.
879 3862 901 3929 ²)
918 3862 960 3918 De
976 3861 1049 3918 laud.
1066 3863 1144 3932 Virg.
1179 3864 1201 3932 ⁸)
1218 3865 1304 3921 Sem

223 3942 259 3999 (le
276 3945 417 4012 Assumpt.
