2782 4554
551 357 610 416 509

45 519 217 600 Scriptores
246 515 378 609 quidem
406 515 555 580 nonnulli
583 515 623 579 de
652 537 676 580 s.
706 516 866 599 Deiparae
896 519 986 586 cultu
1017 521 1117 587 disse·

44 625 142 681 rentes
171 616 270 680 verbo
299 615 478 697 ,adorare“
506 615 689 697 promiscue
717 622 857 694 utuntur
889 623 923 682 et
950 620 1002 683 usi
1029 627 1115 686 sunt.

44 716 119 793 Quid
139 715 214 779 inde
237 715 416 798 sequetur?
437 714 554 795 ,Ratio
575 713 754 796 potissima,
774 715 881 798 inquit
900 716 1115 801 Concina,¹)

43 813 234 879 adorationis
254 819 304 878 est
322 802 517 877 excellentia
535 833 592 876 seu
611 812 754 895 dignitas
772 834 931 896 personae
949 817 1115 883 adoratae.

44 914 99 978 Tot
126 935 202 995 ergo
236 919 313 976 sunt
344 911 616 988 adorationes,
651 918 732 994 quot
760 919 837 977 sunt
872 914 1116 996 dignitatum

40 1013 207 1094 genera.“
252 1010 286 1076 Si
306 1009 431 1074 homini
451 1009 615 1073 hominem
636 1009 879 1076 honoratiorem
900 1013 1037 1079 adorare
1058 1036 1116 1080 seu

41 1113 140 1176 colere
176 1111 267 1176 cultu
304 1108 390 1174 civili
425 1107 519 1184 licet,
559 1129 617 1172 cur
653 1107 848 1191 denegemus
884 1132 1015 1177 necesse
1052 1115 1117 1179 erit

42 1213 160 1278 Sanctis
197 1211 322 1276 cultum
353 1208 470 1272 latriae
502 1207 705 1284 inferiorem,
742 1208 901 1290 dulicum,
940 1232 1044 1296 aeque
1077 1235 1115 1278 ac

39 1309 277 1393 hpperdulicum
299 1307 423 1372 cultum
444 1313 575 1372 creatae
601 1305 754 1390 dignitati
774 1309 1035 1390 respondentem,
1059 1312 1116 1394 qui

40 1409 69 1473 in
95 1410 199 1473 Deum
228 1407 348 1490 ipsum,
379 1405 522 1470 omnium
552 1405 713 1469 bonorum
740 1407 943 1489 largitorem,
973 1409 1117 1474 refertur

40 1507 123 1571 etin
146 1528 184 1570 eo
206 1505 366 1588 quiescit?
393 1503 549 1587 Apprime
571 1504 686 1570 scribit
707 1505 1009 1591 Leibnitzius:²)
1031 1509 1115 1591 ,Ge-

39 1606 189 1671 neraliter
219 1604 396 1670 tenendum
427 1625 532 1686 neque
568 1603 693 1671 cultum
726 1605 918 1671 Sanctorum
950 1614 1008 1672 aut
1040 1609 1116 1674 reli·

38 1706 183 1787 quiarum
203 1703 345 1787 probari,
373 1703 453 1768 nisi
479 1710 677 1785 quatenus
704 1705 752 1769 ad
774 1705 895 1770 Deum
922 1707 1114 1789 refertur,

38 1801 223 1886 nullumque
245 1801 410 1885 religionis
439 1809 550 1866 actum
571 1824 641 1867 esse
664 1803 796 1882 debere,
828 1805 938 1886 quiin
959 1806 1116 1872 honorem

38 1904 128 1967 nnius
161 1902 394 1984 omnipotentis
426 1900 488 1964 Dei
524 1922 590 1965 non
621 1901 804 1966 resolvatur
839 1924 877 1968 ac
909 1905 1113 1970 terminetur.

37 2002 148 2086 ltaque
181 2023 281 2085 quum
311 2001 423 2066 Sancti
449 2000 668 2077 honorantur,
702 2000 762 2065 hoc
792 2001 840 2065 ita
868 2002 1116 2086 intelligendum

38 2111 96 2179 est,
135 2100 408 2185 quemadmodum
440 2099 474 2161 in
506 2099 675 2181 Scriptura
706 2099 841 2164 dicitur:
879 2101 1115 2182 ,Honorificati

37 2210 109 2266 sunt
137 2201 234 2266 amici
263 2200 312 2264 tui
335 2199 443 2264 Deus“
466 2234 505 2244 -
528 2199 696 2280 ,Laudate
724 2199 898 2263 Dominum
927 2200 962 2264 in
992 2204 1114 2268 sanctis

38 2302 132 2384 ejus.“

92 2422 119 2480 2.
152 2416 289 2490 Parem,
318 2413 471 2497 inquiunt
499 2412 691 2490 adversarii,
722 2412 870 2478 Christus
898 2413 963 2478 fuit
986 2435 1115 2497 semper

36 2515 65 2580 in
93 2515 223 2580 blandis
251 2513 403 2595 alloquiis
431 2517 490 2576 aut
512 2512 654 2576 externis
682 2511 848 2577 favoribus
877 2534 954 2595 erga
974 2513 1114 2579 Matrem

36 2637 132 2679 suam.
176 2611 309 2690 Verbis,
339 2611 457 2694 quibus
485 2610 575 2674 illam
603 2609 765 2676 allocutus
794 2618 858 2690 est,
888 2634 954 2677 non
981 2613 1114 2678 honoris

36 2713 279 2789 exhibitionem,
309 2730 374 2773 non
396 2708 593 2791 singularem
616 2706 854 2774 observantiam
875 2733 935 2776 nec
956 2712 1114 2795 grandem

35 2813 70 2876 de
92 2817 198 2876 matre
220 2808 493 2874 existimationem
514 2829 594 2891 prae
616 2829 650 2872 se
671 2807 791 2872 ferunt.
991 2795 993 2800 ⁵

92 2974 122 3010 α.
153 2942 274 3026 ,Quid
296 2949 370 3019 est,
392 2943 563 3025 respondit
583 2948 736 3025 parentes
759 2943 853 3025 quasi
873 2943 1113 3026 reprehendens

35 3044 65 3107 in
103 3042 244 3126 templo,
288 3041 391 3124 quod
429 3063 485 3104 me
526 3041 808 3124 quaerebatis?
849 3043 1111 3122 nesciebatis,

35 3144 130 3226 quia
157 3140 297 3217 inhis,
332 3161 430 3223 quae
459 3140 591 3205 Patris
623 3140 698 3203 mei
726 3146 832 3218 sunt,
866 3148 1028 3224 oportet
1057 3163 1112 3206 me

35 3243 196 3323 esse‘?“³)

90 3384 120 3458 β.
159 3376 198 3440 In
230 3373 334 3438 Cana
368 3373 576 3440 Galilaeae
612 3373 783 3441 deficiente
814 3374 849 3438 in
880 3373 1004 3456 nuptiis
1036 3374 1110 3438 vino

33 3483 135 3542 mater
154 3475 250 3551 Jesu,
280 3481 318 3538 ut
339 3495 531 3556 sponsorum
553 3467 709 3538 ¹consulat
729 3473 864 3556 pudori,
887 3494 1013 3538 summa
1040 3493 1114 3556 cum

32 3573 189 3638 modestia
220 3571 270 3636 illi
302 3571 397 3637 dicit:
434 3572 594 3655 „Vinum
625 3595 701 3637 non
732 3572 910 3638 habent.“
962 3573 1006 3637 Et
1035 3592 1114 3654 quo·

32 3675 123 3739 modo
152 3673 330 3755 respondet
350 3673 445 3738 Jesus
474 3673 532 3752 illi,
561 3695 581 3738 a
604 3695 669 3757 qua
689 3673 790 3738 vitam
819 3678 999 3754 acceperat,
1030 3690 1113 3753 quae

32 3796 102 3838 cum
122 3773 195 3856 ipso
216 3771 251 3834 in
273 3771 457 3857 Aegyptum
479 3773 617 3856 fugerat,
641 3772 695 3838 cui
715 3794 750 3836 se
772 3771 879 3853 ipsum
901 3768 1114 3834 subdiderat?

94 4006 113 4071 ¹)
132 4004 166 4058 ln
175 4004 268 4059 Decal.
282 4004 331 4060 lib.
345 4007 361 4058 3
376 4009 451 4072 cpi.
477 4005 499 4072 2)
517 4005 633 4072 Systom.
642 4004 738 4059 Theol.
752 4017 815 4072 pag.
826 4004 882 4058 160.
906 4002 928 4068 3)
941 4001 1009 4056 Luc.
1022 3999 1059 4066 11,
1071 4001 1113 4056 48.
