2726 4560
567 360 606 420 25

2 529 3 614 j
36 524 193 608 originali
215 523 342 606 agitur,
372 519 503 585 beatam
525 527 559 585 et
586 511 938 603 „immaculatam“
959 520 1126 604 Virginem

36 625 179 689 Mariam
201 621 266 686 Dei
287 619 499 698 Genitricem‚
524 620 581 685 sed
603 618 818 684 observandas
840 640 910 684 esse
932 620 1128 686 Constituti·

37 745 112 788 ones
139 721 252 786 felicis
278 711 514 784 recordationis
536 720 621 785 Sixti
641 719 749 802 Papae
769 719 840 797 IV.,
868 719 929 783 sub
956 720 1069 802 poenis
1092 721 1127 784 in

35 824 85 886 his
108 810 406 886 constitutionibus
429 819 599 897 contentis,
624 841 704 901 quas
726 819 889 883 innovat.“

97 922 128 985 d.
164 918 429 984 Testimonia
456 940 501 982 ss.
532 917 711 982 Patrum.

97 1019 239 1102 „Sancti
260 1037 370 1083 omnes
392 1017 488 1100 hujus
517 1019 566 1081 rei
587 1019 785 1082 mentionem
805 1016 980 1096 facientes,
1009 1019 1127 1082 asserit

39 1120 244 1196 confidenter
270 1117 471 1184 Melchior
500 1117 645 1196 Canus,
654 1119 678 1200 ¹)
707 1139 772 1182 uno
795 1138 856 1206 ore.
874 1124 1070 1196 asseverant,
1093 1118 1124 1182 b.

38 1220 210 1302 Virginem
231 1217 265 1280 in
294 1215 444 1298 originali
468 1223 603 1299 peccato
627 1222 817 1299 conceptam
838 1217 938 1282 esse.“
982 1217 1125 1294 Quanto-

38 1340 112 1400 pere
137 1317 250 1382 Canus
272 1336 292 1378 a
313 1315 453 1379 veritate
483 1315 668 1394 deflexerit,
699 1316 769 1379 sine
792 1315 891 1380 dubio
914 1337 1031 1398 operae
1052 1337 1125 1398 pre-

38 1418 118 1481 tium
142 1415 209 1479 erit
238 1414 412 1495 inquirere.
459 1413 690 1478 Percurremus
713 1435 788 1496 ergo
810 1414 953 1494 saecula,
987 1437 1126 1499 quorum

2 1559 3 1602 3
39 1515 168 1598 singula
189 1519 345 1596 patronos
362 1512 522 1596 privilegii
538 1513 679 1602 Mariani
696 1513 769 1600 plus
787 1515 932 1579 minusve
954 1515 1125 1598 explicitos

39 1615 131 1679 nobis
156 1612 367 1678 exhibebunt.
523 1690 527 1699 ¹

100 1721 126 1777 1.
162 1713 188 1776 I.
217 1717 259 1776 et
287 1710 333 1776 ΙΙ.
365 1733 469 1776 saec.

102 1814 133 1878 S.
169 1811 367 1894 Ignatius
400 1811 597 1893 Martyr²)
632 1806 675 1874 b.'
693 1811 860 1894 Virginem
887 1812 1035 1876 nominat
1066 1811 1125 1875 im-

42 1912 247 1986 maculatam.
302 1910 386 1991 „Qui
417 1932 502 1974 nunc
532 1910 713 1975 novissimis
754 1911 869 1975 diebus
901 1917 1036 1993 propter
1065 1910 1124 1975 no's

43 2013 143 2089 uenit,
181 2009 290 2092 inquit
324 2009 462 2073 antistes
498 2009 813 2074 Alexandrinus
851 2009 1123 2092 Dionysius,³)

43 2133 105 2174 non
136 2111 172 2174 in
202 2109 309 2200 figura
341 2109 442 2191 ignis,
484 2108 542 2198 sed
575 2116 758 2192 conceptus
782 2110 816 2172 in
848 2116 959 2174 ventre
992 2097 1124 2192 virginis

44 2210 179 2288 Mariae,
202 2209 451 2291 superveniente
475 2209 597 2290 Spiritu
620 2215 732 2273 sancto
754 2209 788 2272 in
810 2229 896 2272 eam:
931 2215 964 2273 et
984 2209 1124 2272 Matrem

45 2309 279 2391 incorruptam,
324 2329 344 2371 a
382 2307 520 2390 pedibus
559 2329 661 2391 usque
701 2308 743 2372 ad
781 2315 880 2391 caput
918 2308 1124 2373 benedictam

45 2410 187 2486 serravit,
210 2409 296 2472 sieut
318 2407 388 2489 ipse
410 2407 497 2472 solus
517 2409 608 2472 novit
628 2407 760 2471 modum
780 2412 954 2488 conceptus
977 2413 1011 2471 et
1032 2414 1123 2471 ortus

46 2508 102 2570 sui.
148 2507 238 2571 Haec
265 2513 332 2584 est,
366 2495 464 2588 quam
490 2506 586 2570 Jsaac
611 2505 816 2589 praevidens,
849 2505 979 2569 dicebat
1005 2505 1122 2569 Jacob:

47 2605 109 2669 Det
133 2605 194 2670 tibi
218 2605 377 2669 Dominus
405 2603 665 2668 benedictionem
687 2605 770 2668 coeli
799 2604 939 2686 desuper
966 2610 1000 2666 et
1025 2603 1124 2667 bene-

48 2704 214 2768 dictionem
241 2710 349 2766 terrae
378 2702 530 2790 habentis
559 2703 675 2767 omnia.
720 2702 782 2780 Qui
811 2703 897 2766 enim
918 2725 936 2766 e
957 2703 1046 2767 coelo
1068 2702 1123 2766 de-

47 2803 165 2867 scendit
184 2802 390 2884 Unigenitus,
409 2802 470 2866 Dei
487 2803 640 2880 Verbum,
663 2791 826 2885 gestatum
847 2803 952 2866 estin
973 2808 1067 2866 utero
1090 2809 1123 2866 et

49 2903 184 2982 genitum
214 2923 254 2965 ex
282 2899 434 2983 paradise
462 2897 613 2984 virginali
641 2902 784 2967 habente
811 2893 949 2966 emnia.“
999 2902 1029 2966 S.
1059 2901 1123 2965 Ju-

49 3001 179 3064 stinus
206 2999 369 3081 Martyr
398 2999 437 3063 de
460 3001 567 3065 Verbo
598 2999 734 3083 loquens
745 3002 772 3084 4)
802 2993 897 3080 dicit,
927 3001 1034 3083 ipsum
1062 3023 1123 3083 „ex

49 3096 170 3180 Virgine
191 3098 358 3162 hominem
379 3119 449 3162 esse
470 3098 609 3177 factum,
637 3105 676 3164 ut
697 3121 762 3181 qua
770 3101 835 3164 wia
856 3100 987 3164 initium
1004 3107 1081 3164 orta
1102 3121 1123 3164 a

50 3204 190 3278 serpente
221 3196 445 3261 inobedientia
479 3199 620 3280 accepit,
662 3198 776 3262 eadem
811 3206 845 3263 et
876 3199 1122 3264 dissolutionem
1190 3187 1192 3193 ¹

51 3296 211 3377 acciperet.
261 3295 330 3360 Eva
361 3297 447 3360 enim
479 3319 579 3380 quum
607 3297 706 3381 Virgo
741 3290 827 3363 esset
859 3306 893 3364 et
921 3300 1120 3382 incorrupta,

53 3409 186 3460 sermone
225 3397 388 3478 serpentis
427 3403 583 3479 concepto
622 3397 877 3463 inobedientiam
915 3405 949 3464 et
983 3404 1122 3463 mortem

54 3495 175 3574 peperit.
225 3494 332 3559 Maria
360 3501 470 3559 autem
498 3496 614 3579 Virg0‚
648 3518 749 3579 quum
777 3497 874 3561 fidem
907 3505 941 3562 et
967 3498 1122 3581 gaudium

55 3595 238 3676 percepisset
269 3596 436 3660 nuntianti
469 3595 615 3661 Gabrieli
649 3596 773 3662 laetum
803 3599 970 3676 nuntium,
1004 3619 1121 3681 nempe

64 3750 243 3764 ᾖ.

115 3839 132 3906 ¹)
146 3841 185 3895 De
201 3842 253 3896 loc.
271 3841 319 3896 lib.
332 3840 381 3906 Vl,
399 3858 442 3910 cp.
459 3840 481 3905 Ι,
499 3841 517 3898 f.
534 3818 598 3912 217}
615 3843 665 3899 cfr.
682 3845 828 3914 cajetanus
845 3851 927 3902 tract.
944 3849 986 3902 De
1003 3863 1121 3915 concep·

59 3921 123 3973 tone
137 3923 162 3976 b.
177 3924 298 3994 Virginis
315 3941 358 3994 cp.
376 3925 393 3977 5
409 3942 471 3994 pag.
490 3928 545 3982 140.
577 3930 598 3994 ²)
617 3929 705 3996 Epist.
723 3929 759 3982 ad
777 3947 797 3986 s.
815 3931 960 3985 Joaunem.
992 3931 1013 3997 Β)
1030 3929 1122 3998 Epist.

60 3999 113 4054 adv.
120 4002 222 4059 Paulum
235 4006 441 4061 samosatenum
450 4008 485 4061 ad
492 4015 597 4078 quaest.
607 4010 638 4066 X.
655 4013 678 4079 ⁴)
688 4012 720 4064 ln
730 4012 795 4066 dial.
802 4029 864 4066 cum
873 4012 1021 4082 Tryphone
1029 4031 1056 4068 n.
1066 4016 1121 4068 100.
