2718 4556
737 347 797 408 318

228 510 273 575 sit
293 509 387 592 ratio.
432 507 467 572 Si
487 505 593 572 Maria
621 512 655 572 et
674 506 797 589 loseph
823 506 969 572 nondum
992 506 1125 589 publice
1152 511 1185 574 in
1210 512 1290 577 domo

227 608 459 673 cohabitarunt
486 605 659 689 propria,
688 605 876 670 nullatenus
905 605 1047 688 suspicio
1076 607 1118 672 ob
1145 617 1209 675 tam
1234 633 1290 677 ma-

227 715 336 774 turam
352 705 665 789 impraegnationem
686 705 721 768 in
738 705 848 788 sponsi
869 704 1020 770 absentia
1037 705 1161 772 factam
1177 710 1291 775 vitanda

228 813 308 872 erat.
341 805 494 870 Nondum
514 811 609 869 erant
627 805 789 887 conjuges,
808 803 1017 870 nihilominus
1033 805 1140 872 Maria
1157 810 1292 892 apparuit

227 905 370 990 gravida

289 1005 380 1082 Quae
421 1002 461 1068 de
502 1008 642 1086 utraque
686 1001 838 1084 opinione
879 1008 1008 1085 tempus
1051 1003 1294 1086 desponsationis

228 1108 399 1186 spectante
430 1100 600 1166 sufficiant.
654 1099 802 1183 Utraque
834 1121 900 1164 non
932 1100 1038 1165 solum
1071 1123 1096 1166 s.
1132 1103 1291 1188 Scriptura,

228 1201 287 1266 sed
308 1200 409 1266 etiam
429 1199 565 1264 Petrum
585 1197 746 1263 fundatur
766 1198 971 1264 testimoniis.
1016 1200 1051 1265 Si
1077 1201 1218 1267 admissa
1236 1225 1294 1268 sen·

228 1299 336 1366 tentia
357 1298 416 1362 illa
436 1305 548 1362 textus
569 1297 710 1363 biblicus
730 1296 860 1362 facilius
881 1304 993 1381 potest
1014 1301 1149 1381 exponi,
1171 1301 1295 1366 admissa

227 1399 288 1464 hac
312 1397 490 1464 salvatoris
511 1396 615 1462 nostri
641 1397 776 1480 ejusque
803 1397 1028 1462 sanctissimae
1048 1397 1166 1464 Matris
1195 1401 1294 1466 honori

229 1498 346 1564 melius
368 1495 559 1562 consulitur.
602 1495 696 1573 Quod
717 1517 819 1579 quum
842 1497 1039 1562 sacramenti
1059 1498 1229 1582 majestas,
1247 1521 1294 1564 neo

147 1585 149 1588 ⁵
228 1618 294 1661 non
321 1595 482 1673 rationes,
511 1616 570 1659 our
597 1601 735 1677 nuptam
756 1594 858 1659 Filius
887 1595 949 1659 Dei
977 1598 1138 1662 amaverit
1166 1606 1294 1677 matrem,

229 1695 431 1773 desiderent,
470 1693 676 1758 doctissimus
712 1693 910 1758 Benedictus
948 1692 1049 1774 XIV„
1064 1696 1089 1777 ¹)
1130 1718 1187 1761 sen
1189 1697 1295 1763 tentiae

229 1801 362 1861 nostrae
399 1793 555 1876 majorem
591 1791 736 1856 vindicat
766 1791 1051 1875 probabilitatem,
1091 1797 1295 1861 verisimilitu-

230 1895 399 1961 dinemt
364 1899 464 1977 atque
485 1891 730 1975 praestantiam.
774 1892 968 1957 Beatissimo
989 1893 1088 1976 Virgo
1117 1915 1183 1958 non
1208 1895 1296 1960 solun

230 1995 435 2077 desponsata,
454 1991 627 2056 sedetiam
645 2011 680 2055 re
698 2011 776 2054 vera
794 1991 968 2074 conjugata
984 1990 1058 2070 fnit,
1077 1991 1157 2056 dum
1172 1994 1296 2078 Angelus

229 2095 321 2160 illam
348 2090 512 2157 salutavit.
557 2090 675 2156 Statim
701 2096 778 2172 post
805 2096 999 2172 conceptum
1026 2090 1061 2153 in
1091 2097 1187 2156 utero
1208 2092 1297 2156 Deum

228 2194 313 2260 abiit
334 2192 377 2257 ad
398 2195 570 2274 cognatam
591 2209 683 2252 suam
705 2187 883 2252 Elisabeth.

285 2291 370 2356 iniit
400 2289 541 2354 forsitan
583 2287 614 2351 b.
647 2287 746 2370 Virgo
784 2286 900 2352 foedus
937 2287 1019 2352 illud
1050 2289 1201 2370 nuptiale
1235 2295 1297 2354 ante

229 2390 378 2456 abitum?
415 2389 446 2453 S.
467 2376 599 2451 Literae
627 2385 752 2450 nullam
784 2385 824 2450 de
852 2385 915 2451 hoo
942 2385 1071 2452 faciunt
1099 2389 1297 2476 mentionem

229 2487 361 2574 patroni
378 2507 454 2551 vero
476 2485 646 2568 oppositae
664 2485 845 2550 sententiae
864 2484 1074 2564 contendunt,
1095 2507 1118 2550 s.
1136 2487 1298 2571 losephum

230 2589 332 2654 fuisse
357 2586 517 2650 monitum
543 2584 586 2649 ad
613 2583 872 2649 contrahendum
899 2584 1145 2649 matrimonium
1172 2607 1230 2669 per
1252 2585 1298 2651 illa

230 2686 348 2770 Augeli
368 2683 482 2748 verba:
511 2681 623 2764 ,Noli
649 2682 792 2747 timere
821 2683 1006 2766 accipere
1033 2683 1201 2749 Mariam
1227 2705 1298 2750 con·

228 2787 360 2870 jugem
389 2782 515 2846 tuam“
547 2781 662 2860 verba,
693 2801 777 2864 quae
805 2802 830 2844 s.
851 2781 974 2865 Joseph
995 2803 1062 2846 non
1082 2783 1222 2864 audivit,
1248 2781 1299 2847 nisi

230 2889 307 2968 post
325 2882 369 2946 b.
400 2879 543 2962 Virginis
574 2879 724 2944 reditum.
773 2878 841 2944 Nec
872 2887 1020 2964 tempore
1050 2881 1299 2947 commorationis

231 2982 320 3066 apud
340 3001 433 3046 suam
461 2985 632 3062 cognatam
654 2978 898 3044 matrimonium
918 2980 1079 3059 inieruut3
1112 2980 1210 3046 nimis
1229 2980 1299 3046 enim

231 3082 394 3146 incertum
431 3077 520 3141 videt
506 3083 575 3155 tur,
616 3084 728 3142 utrum
766 3099 790 3174 ⁸:
822 3078 946 3161 Joseph
983 3078 1210 3145 beatissimam
1241 3079 1299 3146 Vir·

202 3261 203 3266 *
231 3179 339 3262 giuem
361 3176 534 3242 comitatus
562 3175 672 3241 fuerit.
682 3177 708 3258 2)
748 3175 818 3241 Neo
845 3177 952 3243 minus
971 3183 1048 3261 post
1069 3179 1228 3259 reditum,
1256 3176 1300 3286 qui

231 3274 392 3342 trimestri
413 3274 523 3358 elapso
546 3274 693 3358 contigit,
715 3297 739 3339 s.
759 3274 865 3340 Maria
885 3276 999 3360 nupsit
1020 3298 1044 3342 s
1062 3277 1216 3361 losepho,
1238 3275 1300 3360 quia

231 3374 288 3440 ille
304 3374 393 3438 iutra
407 3379 538 3438 tantum
553 3372 710 3455 temporis
727 3372 871 3454 spatium
886 3373 1019 3456 virginis
1035 3376 1242 3458 gravedinem
1256 3372 1300 3438 ad·

232 3479 359 3538 vertere
378 3471 553 3550 debuisset,
570 3491 635 3553 qua
653 3477 832 3553 apparente
849 3478 926 3537 ante
944 3494 1056 3538 verum
1072 3473 1299 3541 matrimonium

194 3563 196 3568 ’
233 3576 437 3636 contractum
466 3575 500 3634 et
521 3569 618 3634 citius
639 3575 738 3651 partu
759 3569 933 3637 subsecuto
955 3593 1016 3638 neo
1043 3573 1118 3657 ipsa
1138 3595 1159 3640 a
1178 3573 1299 3638 fornica·

232 3669 332 3735 tionis
353 3688 414 3733 uec
436 3668 584 3734 Christus
613 3667 654 3732 ab
676 3667 839 3750 illegitimi
868 3676 960 3735 ortus
981 3678 1061 3737 uota
1084 3679 1200 3738 contra
1218 3670 1299 3734 finem

233 3766 448 3850 principalem
468 3765 700 3850 hoccoujugio
722 3767 886 3832 intentum
906 3776 1137 3851 praeservatus
1158 3770 1272 3835 fuisset.

301 3933 320 4000 ¹)
332 3932 373 3986 De
384 3930 463 3987 festis
475 3929 506 3984 B.
515 3929 622 3986 Mariae
630 3928 753 3998 Virginis
766 3946 809 4000 op.
819 3930 871 4000 111,
883 3950 910 3989 n.
920 3937 944 3990 6.
968 3933 990 4001 ²)
1002 3933 1058 3990 Cfr.
1070 3951 1098 4004 p.
1107 3931 1145 4001 ΙΙ,
1158 3932 1239 4003 cp,11.
1250 3927 1298 3996 §.2

622 4027 918 4048 'mmmmlm
