2726 4560
771 346 810 408 58

251 507 313 572 Dei
341 506 463 571 visione
492 505 660 585 intuitiva3
673 505 699 587 ¹)
731 511 767 571 at
793 504 850 570 illa
876 526 941 570 non
967 505 1070 572 fruita
1096 513 1147 572 est
1174 505 1205 571 b.
1219 500 1330 590 ‘Virgo

249 605 345 669 modo
378 605 494 670 saltem
526 605 738 687 permanenti.
787 601 872 688 Ergo
904 625 968 669 non
1001 611 1073 670 erat
1104 605 1236 689 physice
1271 607 1330 670 im-

249 703 434 788 peccabilis.
471 703 623 781 Quamvis
644 697 754 769 autem
772 723 837 768 non
858 703 901 768 sit
921 703 1031 786 gavisa
1051 704 1330 787 impeccabilitate
1349 769 1350 778 ,

250 804 391 886 physica,
414 803 578 886 gaudebat
599 808 709 866 tamen
729 801 1002 885 impeccabilitate
1023 803 1165 868 morali
1187 825 1258 868 seu
1282 805 1329 868 ab

250 903 503 967 extrinseco.
546 899 708 964 Probatur

314 1007 339 1064 1.
368 1000 469 1066 Juxta
490 996 688 1082 Angelum
711 998 886 1064 Scholae
908 1020 1007 1082 supra
1026 1000 1163 1065 citatum
1182 1000 1213 1064 b.
1227 1001 1350 1084 Virgo

249 1122 315 1165 uon
345 1099 463 1164 fuisset
492 1099 610 1163 idonea
638 1098 745 1163 Mater
772 1099 848 1177 Dei,
882 1099 910 1162 si
941 1105 1107 1182 peccasset
1139 1099 1327 1183 aliquando.

249 1200 293 1263 At
314 1199 401 1263 idem
422 1198 602 1276 dicendum,
626 1199 654 1262 si
673 1198 704 1262 b.
726 1198 824 1281 Virgo
846 1199 1079 1280 potentiam
1099 1200 1350 1284 1111111111

248 1297 417 1362 habuisset
437 1296 641 1379 peccandi.
674 1296 735 1361 Illa
756 1298 842 1361 enim
862 1297 1010 1378 potentia
1028 1303 1166 1362 matrem
1188 1319 1328 1381 exposu-
1349 1311 1350 1370 1

249 1389 330 1460 11111
357 1395 501 1478 periculo
530 1397 676 1480 proximo
705 1394 890 1460 offendendi
910 1385 1030 1460 Filium
1060 1397 1199 1479 ideoque
1228 1399 1328 1463 matri

236 1494 407 1560 ‘infixisset
427 1503 553 1575 notam,
581 1495 745 1560 defectum
765 1492 965 1572 idoneitatis,
995 1501 1033 1559 ut
1054 1495 1102 1559 ita
1124 1494 1246 1575 dicam,
1280 1498 1327 1560 in·

249 1595 438 1659 volventem.
887 1664 890 1670 ,
1011 1645 1012 1648 1
1349 1595 1350 1676 j

311 1695 338 1756 2.
378 1693 413 1756 B.
447 1693 545 1776 Virgo
579 1693 683 1774 primo
715 1691 942 1773 Conceptionis
976 1711 1054 1755 suae
1085 1678 1236 1757 instanti¹
1256 1717 1327 1777 gra·

248 1791 330 1856 tiam
351 1793 478 1874 accepit
498 1792 725 1874 copiosiorem,
756 1811 854 1874 quam
881 1810 1020 1854 omnes
1048 1791 1199 1874 Angeli
1229 1793 1350 1868 11111111

248 1892 379 1974 sumpti.
403 1929 443 1938 -
464 1891 580 1974 Angeli
601 1911 677 1955 vero
705 1890 740 1954 in
760 1889 866 1973 gratia
885 1889 934 1953 ita
955 1894 1031 1953 sunt
1060 1888 1260 1971 confirmati,
1291 1901 1328 1958 ut

248 1989 387 2071 amplius
411 2011 478 2054 11111
492 1990 661 2072 potuerint
674 2009 818 2072 peccare.
856 1987 941 2070 Ergo
958 1988 1244 2070 impeccabilitatis
1260 2013 1328 2056 mo·
1349 2013 1350 2078 1

247 2087 325 2152 ralis
353 2089 556 2172 privilegium
584 2111 603 2153 a
630 2087 760 2153 fortiori
781 2087 936 2170 competit
956 2087 1154 2170 Angelorum
1182 2091 1323 2172 reginae.
1349 2113 1350 2150 1

248 2185 335 2266 ,Nec
352 2187 496 2266 solvitur,
515 2188 622 2272 inquit
640 2188 722 2252 hane
741 2187 884 2270 allegans
903 2187 1063 2251 rationem
1083 2187 1325 2273 Sedlmayr‚²)

247 2285 400 2364 dicendo,
434 2286 522 2369 quod
550 2287 666 2370 Angeli
696 2286 858 2369 gaudeant
889 2285 1010 2358 visione
1038 2284 1205 2364 beatifica,
1241 2310 1324 2370 quac

230 2383 434 2466 ¹libertatem
467 2385 582 2450 adimit
617 2385 659 2450 ad
689 2385 904 2468 peccandum,
945 2385 1022 2468 quia
1058 2385 1092 2449 in
1123 2388 1325 2452 contrarium

246 2489 391 2565 pugnat,
420 2483 507 2567 qnod
538 2485 662 2566 paritas
692 2484 884 2549 instituatur
916 2505 935 2547 a
965 2482 1167 2566 perfectione
1198 2488 1324 2568 gratiae

247 2580 407 2664 simulque
434 2589 576 2661 constet,
610 2582 697 2666 quod
725 2583 830 2666 gratia
857 2581 887 2646 b.
917 2581 1059 2665 Virginis
1091 2584 1135 2648 sit
1165 2587 1322 2667 superior,

247 2702 346 2763 quam
377 2681 483 2764 gratia
511 2688 732 2746 consummata
760 2681 902 2745 omnium
933 2680 1121 2763 angelorum
1150 2688 1184 2747 et
1211 2682 1324 2748 beato-

246 2801 320 2843 rum
351 2780 447 2844 simul
479 2787 698 2862 sumptorum:
737 2799 812 2862 ergo
846 2779 923 2861 quia
959 2780 1066 2862 gratia
1101 2789 1323 2847 consummata

247 2879 386 2960 cujusvis
421 2878 529 2961 augeli
566 2879 601 2942 iu
631 2877 822 2960 particulari
860 2877 978 2942 fundat
1015 2878 1322 2960 impeccabilitatem

245 2979 441 3059 proximam,
470 2977 573 3042 multo
595 2977 696 3060 magis
727 2997 798 3041 eam
818 2975 970 3041 fundabit
990 2977 1096 3059 gratia
1116 2977 1146 3041 b.
1170 2979 1320 3062 Virginis.

246 3076 313 3141 Neo
345 3076 462 3155 refert,
497 3076 583 3159 quod
615 3076 645 3139 b.
674 3076 773 3158 Virgo
802 3097 867 3139 non
898 3075 1040 3158 gaudeat
1071 3075 1193 3142 visione
1224 3078 1322 3144 beata

245 3176 449 3258 permanenti
474 3197 534 3258 pro
562 3181 653 3240 statu
680 3175 764 3252 viae,
799 3174 875 3257 quia
903 3173 1032 3252 sufficit,
1067 3174 1154 3256 quod
1180 3177 1321 3258 gaudeat

246 3275 361 3357 majori
382 3275 596 3339 unione-oum
618 3275 701 3352 Dec,
735 3279 805 3338 tum
826 3294 885 3357 per
905 3273 1043 3356 gratiam
1065 3274 1152 3338 omni
1174 3296 1320 3340 consum-

246 3380 335 3437 mata
355 3373 526 3438 beatorum
555 3374 769 3457 superiorem,
802 3379 872 3436 turn
894 3393 954 3454 per
982 3373 1151 3437 scientiam
1179 3374 1321 3439 infusam

245 3473 369 3555 gratiae
399 3461 718 3556 correspondentiam,
749 3477 818 3535 tum
839 3492 898 3554 per
925 3471 1118 3537 charitatem
1147 3475 1236 3537 omni
1256 3473 1320 3538 alia

246 3570 405 3635 charitate
421 3571 594 3637 beatorum
615 3571 776 3638 collectim
797 3577 926 3654 sumpta
946 3571 1110 3654 majorem,
1129 3573 1208 3655 quia
1228 3579 1320 3638 tanta
1349 3577 1350 3653 1

245 3669 414 3752 plenitudo
436 3677 470 3734 11
498 3692 646 3735 excessus
672 3670 797 3753 gratiae
826 3691 891 3734 non
917 3676 1027 3752 potest
1053 3692 1118 3735 non
1144 3671 1319 3736 absorbere
1349 3659 1350 3746 1

311 3904 330 3964 ι1
348 3900 403 3956 Cfr.
420 3901 517 3957 Γ1111111.
534 3919 568 3956 ex
586 3900 716 3956 Charmae
732 3900 767 3955 ds
783 3900 893 3956 lucam.
911 3918 954 3972 cp.
971 3901 1034 3966 vn,
1051 3907 1103 3957 art.
1120 3905 1148 3970 23
1167 3902 1266 3958 Suarea
1284 3901 1318 3955 de
1349 3927 1350 3980 1

246 3983 302 4038 luc.
319 3987 387 4038 torn.
403 3983 424 4038 l.
442 3984 512 4053 disp.
527 3983 666 4049 xxxva,
684 3987 750 4038 sect.
768 3982 817 4038 111.
850 3985 871 4052 Ξ)
888 3982 920 4038 L.
934 3999 958 4039 c.
972 4001 998 4054 p.
1011 3985 1059 4051 lv,
1076 3991 1145 4042 sect.
1164 3985 1185 4050 l,
1204 3991 1253 4041 art.
1271 3983 1318 4039 Xl.
1349 3983 1350 4074 1
