2726 4560
750 313 819 398 aa

230 496 389 579 Spiritum
422 494 594 562 Domini
584 517 620 560 m
657 517 729 562 eam
760 503 1047 584 superventurum,
1089 502 1124 562 et
1157 498 1361 582 ιιιιιιιθιιιι

229 595 389 660 Altissimi
416 595 446 661 ei
474 595 802 661 obumbraturum..
825 597 1037 680 .respondit:
1068 597 1186 678 „Fiat
1214 599 1361 666 mihi

229 695 453 760 secundum
481 693 651 758 verbum
680 696 824 759 tuum.“
867 694 1178 779 Comparationis
1149 719 1198 762 ms
1221 697 1264 762 in
1291 721 1334 764 eo

229 793 294 858 sita
316 799 381 872 est,
415 793 503 905 quod
531 793 616 858 siout
636 794 705 858 Eva
733 794 840 859 adhuc
867 795 1057 878 incorrupta
1084 801 1202 878 postea
1226 799 1361 882 origo

229 892 363 958 humani
391 892 518 975 generis
547 892 640 956 exitii
668 892 747 971 fuit,
781 892 829 958 ita
856 892 887 957 b.
916 893 1014 977 Virgo
1044 895 1201 960 inviolata
1236 905 1278 964 et
1312 903 1361 964 al

230 991 343 1075 quovis
365 992 531 1074 peccato
522 992 673 1056 immunis
695 1013 793 1057 causa
813 999 945 1058 nostrae
967 993 1083 1059 salutis
1104 994 1194 1062 facta
1217 1005 1289 1064 est.
1360 1015 1361 1066 1

291 1094 319 1155 2.
352 1089 421 1154 ΙΙΙ.
453 1097 493 1154 et
521 1090 579 1155 IV.
609 1112 713 1155 saec.
1360 1079 1361 1100 ¹

293 1189 323 1254 S.
350 1187 609 1272 Hippolytus
635 1189 796 1272 Martyr
824 1190 855 1254 b.
877 1190 1043 1273 Virginem
1064 1193 1213 1259 nominat
1238 1196 1361 1280 „lig

229 1309 308 1351 num
330 1287 609 1371 incorruptibilef‘
652 1288 847 1370 „Dominus
869 1289 986 1373 inquit,
996 1289 1020 1373 ¹)
1047 1293 1176 1373 peccati
1199 1283 1361 1392 expers}

231 1391 303 1450 erat
335 1392 369 1451 et
401 1408 440 1451 ex
471 1387 567 1470 lignis
596 1387 772 1470 putrefact
764 1388 831 1452 1oni
862 1409 927 1452 non
958 1388 1106 1455 obnoxiis
1135 1394 1361 1486 secundum}

229 1486 406 1565 hominem,
440 1487 501 1552 hoc
522 1495 573 1553 est
595 1509 634 1552 ex
655 1488 788 1571 Virgine
810 1495 844 1553 ot
867 1489 992 1571 Spiritu
1013 1496 1135 1554 sancto.
1181 1479 1361 1578 origi-33

230 1607 302 1650 nes
340 1587 566 1652 antithesin
557 1587 732 1653 instituens
771 1587 903 1652 Patrem
944 1588 1117 1655 coelestem
1153 1590 1246 1656 inter
1292 1602 1361 1659 et

231 1691 369 1750 matrem
390 1693 555 1751 terrenam
576 1708 663 1769 ,non
683 1686 808 1769 indiget
830 1686 1016 1799 (Christus),
1040 1689 1153 1754 scribit
1154 1691 1196 1773 ᾖ)
1218 1699 1361 1773 patre
1360 1709 1361 1788 ι

230 1804 329 1866 super
363 1791 501 1865 terram3
542 1786 711 1869 incorrupt
697 1785 823 1851 tibilem
858 1786 944 1850 enim
978 1786 1081 1852 habet
1115 1795 1251 1871 patrem
1290 1792 1361 1856 in

232 1882 375 1948 excelsis.
426 1837 501 1948 Non
528 1884 653 1967 indiget
681 1885 841 1950 matrem
869 1885 976 1964 coelo,
1006 1886 1257 1976 immaculatam
1291 1891 1361 1968 etl

231 1988 354 2046 castam
385 1983 486 2049 habet
517 1990 656 2049 matrem
688 1985 723 2048 in
753 1990 858 2062 terra,
893 1983 976 2050 hano
1008 1985 1149 2050 multum
1181 1969 1361 2134 beatam}

229 2081 396 2164 Virginem
414 2083 583 2147 Mariamf‘
621 2084 651 2149 S.
673 2083 891 2167 Gregorius
912 2083 1240 2169 Thaumaturgus
1265 2110 1327 2154 vo-

230 2188 285 2246 cat
301 2181 332 2245 b.
345 2182 511 2265 Virginem
522 2184 548 2266 ³)
570 2158 780 2264 ,inviolatam
797 2189 830 2247 et
849 2182 978 2247 omnino
997 2182 1267 2249 immaculatam“
1281 2223 1326 2233 —
1360 2209 1361 2276 ι

173 2298 177 2309 .
230 2279 354 2362 ,solam
369 2281 536 2364 Virginem
553 2302 688 2364 corpore
707 2287 741 2346 et
758 2282 853 2365 spirit
854 2282 896 2346 u
917 2281 937 2345 i.
957 2303 982 2346 e.
1000 2282 1107 2348 nullat
1093 2290 1188 2348 tenus
1207 2305 1361 2369 neque

231 2380 339 2462 quoad
365 2402 482 2464 corpus
510 2402 616 2464 neque
645 2380 753 2463 quoad
780 2381 923 2445 animam
943 2388 1140 2465 corruptam.
1183 2383 1324 2450 Glorio-

230 2481 356 2544 sissime
387 2480 535 2564 loqu1ur
566 2482 606 2547 de
646 2503 669 2546 s
703 2482 846 2565 Deipara
881 2504 904 2546 s.
941 2481 1149 2565 Ephraem
1185 2467 1361 2565 Syrus

230 2579 425 2661 appellando
448 2581 557 2664 eam4)
591 2581 867 2663 „immaculatam
890 2579 1233 2660 immaculatissimam,
1260 2604 1325 2648 no·
1360 2581 1361 2664 ι

230 2699 303 2743 sam
323 2679 462 2743 maxime
491 2701 529 2744 ac
551 2681 693 2745 divinam
719 2681 942 2764 largitionem,
973 2680 1103 2745 omnino
1125 2679 1325 2746 immacula-
1360 2715 1361 2744 ;

230 2785 314 2856 tam,
355 2800 482 2862 semper
512 2779 734 2858 benedictam,
770 2780 857 2844 Evae
893 2779 1036 2862 pretium
1068 2777 1322 2860 redemptionis,
1360 2761 1361 2784 ι

230 2876 355 2942 fontem
375 2878 509 2960 gratiae,
532 2877 690 2961 templum
712 2878 953 2957 divinissimum,
976 2878 1087 2943 sedem
1103 2877 1165 2942 Dei
1185 2899 1321 2960 puram,
1360 2915 1361 2944 2

231 2998 315 3059 quae
345 2977 493 3042 draconis
522 2977 712 3060 nequissimi
740 2985 840 3060 caput
869 2977 1035 3056 contrivit,
1070 2997 1153 3060 quae
1185 2997 1323 3060 semper
1360 3025 1361 3060 3

231 3076 296 3140 fuit
327 3083 398 3141 tum
429 3082 673 3159 corporatum
707 3077 816 3141 anima
847 3077 975 3160 integra
1008 3082 1042 3141 et
1072 3075 1322 3142 immaculata.“
1360 3147 1361 3152 ι

230 3174 298 3239 Neo
319 3175 425 3240 minus
447 3182 625 3247 attestatur
642 3175 726 3240 hanc
745 3177 1005 3258 praerogativam
1024 3198 1047 3240 s.
1068 3174 1321 3241 Ambrosius
1360 3171 1361 3184 ¹

230 3267 400 3339 nominans
411 3275 437 3358 ⁵)
475 3275 506 3339 b.
544 3275 711 3356 Virginem
751 3275 1009 3357 ,incorruptam
1049 3274 1215 3356 Virginem
1255 3296 1322 3357 per

230 3374 384 3456 gratiam,
417 3374 458 3438 ab
488 3375 575 3440 omni
603 3375 677 3440 labe
704 3375 832 3457 peccati
860 3375 1050 3458 integram.“
1093 3373 1320 3440 Celeberrimo
1360 3391 1361 3458 3

230 3472 467 3538 Mediolanensi
485 3475 738 3557 Archiepiscopo
760 3481 917 3540 consonat
935 3475 964 3539 d.
984 3474 1275 3556 Hieronymus,
1291 3478 1319 3557 6)

298 3743 318 3809 ¹)
336 3743 369 3795 ln
392 3745 462 3795 orat.
484 3741 512 3794 in
535 3739 616 3794 illud:
642 3737 795 3803 „Dominus
815 3738 906 3806 pascit
931 3737 1002 3790 me.“
1041 3737 1064 3803 2)
1086 3736 1260 3801 Homil.111‚
1286 3739 1316 3792 in

231 3824 331 3879 divers.
379 3825 402 3891 ³)
429 3823 470 3876 De
496 3825 618 3877 Annunt
643 3821 674 3876 B.
702 3821 780 3889 Virg.
828 3822 850 3888 4)
882 3822 913 3872 ln
940 3819 1014 3875 Orat.
1043 3820 1079 3875 ad
1109 3820 1233 3874 sanctiss.
1260 3820 1315 3875 Dei

231 3905 414 3973 Genitrioem3
433 3906 483 3960 cfr.
501 3904 643 3972 Passeglis
658 3904 677 3958 l.
695 3919 719 3958 o.
737 3908 803 3958 tom.
822 3903 862 3971 Il,
880 3921 943 3973 pag.
961 3907 1022 3968 6473
1040 3903 1133 3956 Melon
1149 3903 1168 3957 l.
1187 3919 1210 3957 c.
1227 3920 1254 3971 p.
1274 3906 1314 3960 19.

229 3989 251 4056 ὁ)
269 3989 356 4043 Serm.
375 3989 461 4056 XXII,
479 3989 509 4042 in
527 3988 571 4042 Ps.
588 3986 713 4044 cxvlu.
747 3987 769 4052 8)
789 3987 940 4042 Comment.
958 3986 988 4040 in
1006 3986 1114 4040 Eccles.
1131 4001 1176 4054 op.
1192 3985 1226 4040 X.
