2726 4560
13 703 15 720 l

13 731 15 752 l

13 767 14 782 l

13 1439 15 1492 l

553 358 592 420 23

105 523 147 582 ll.
177 539 237 602 per
261 516 379 584 Pium
403 519 482 598 lx„
506 517 699 584 immortalis
718 519 903 600 memoriae,
926 520 979 586 die
1000 525 1029 586 8.
1052 521 1116 587 Ds-

54 617 171 682 cambris
199 639 227 682 a.
253 623 334 682 1854
354 617 449 684 bulla
469 616 668 700 „ineffabilis
690 619 798 684 Deus“
814 621 838 704 1)
859 627 931 686 toto
954 627 1117 688 terrarum

54 717 117 781 orbe
142 717 361 800 applaudente
390 717 433 782 ad
461 717 622 802 dogmatis
650 717 810 784 declarati
838 719 1032 804 dignitatem
1052 720 1116 786 ele-

53 822 114 880 vata
132 817 181 882 sit.

102 937 124 980 c.
154 916 355 982 Testimonia
385 916 686 982 conciliorum:

104 1021 126 1078 l.
150 1014 340 1081 ⁴Concilium
367 1015 623 1098 Ephesinum
651 1037 680 1081 a.
702 1021 761 1080 431
794 1022 908 1082 contra
928 1006 1117 1082 Nestorium

53 1112 183 1179 habitum
213 1114 335 1180 tribuit
364 1115 553 1198 b.·Virgini
583 1115 718 1180 titulum
746 1115 882 1197 „Matris
911 1116 1002 1182 Dei.“
1053 1115 1117 1182 Sed

53 1213 116 1294 quia
133 1213 239 1278 Mater
261 1213 338 1291 Dei,
371 1213 444 1278 ideo
473 1213 660 1279 nullatenus
681 1214 839 1280 maculari
859 1215 977 1297 potuit.
1020 1213 1116 1296 „Plus

53 1311 122 1375 enim
140 1314 266 1396 gratiae
288 1312 338 1376 illi
358 1312 513 1378 collatum
536 1318 601 1391 est,
624 1313 732 1396 inquit
753 1335 777 1376 s.
800 1313 1012 1396 Augustinus
1021 1315 1047 1396 ²)
1074 1312 1116 1376 ad

52 1410 226 1476 vincendum
255 1411 345 1476 omni
373 1433 412 1474 ex
438 1418 532 1494 parte
560 1418 746 1494 peccatum,
781 1412 870 1494 quod
890 1412 1060 1494 concipere
1082 1418 1117 1476 et

52 1529 149 1588 parere
169 1511 301 1588 meruit,
326 1530 422 1592 quem
443 1516 574 1575 constat
594 1510 720 1574 nullum
740 1509 893 1576 habuisse
914 1509 1115 1592 peccatum.“

13 1647 15 1700 ἱ
100 1613 125 1672 2.
155 1609 336 1675 Concilium
367 1609 656 1674 Lateranensc
688 1609 720 1688 Ι,
751 1610 811 1675 sub
841 1609 984 1674 Martino
1013 1609 1055 1687 1.,
1086 1631 1114 1674 a.

53 1710 100 1772 649
119 1709 318 1774 celebratum
338 1708 373 1792 in
395 1729 517 1774 canone
539 1714 557 1773 3
578 1709 626 1773 ita
648 1707 809 1773 definivit:
833 1708 888 1790 „Si
910 1708 982 1790 quis
1003 1725 1116 1772 secun-

13 1811 15 1860 ἰ
54 1804 115 1870 dum
141 1815 271 1873 sanctos
291 1807 407 1873 Patres
434 1829 500 1872 non
528 1806 702 1872 confitetur
722 1807 853 1891 proprie
882 1813 916 1872 et
939 1805 1116 1872 secundum

54 1906 220 1986 vamtatem,
251 1907 313 1971 Dei
340 1907 529 1989 genitricem
557 1912 702 1971 sanctam
733 1926 924 1989 semperque
950 1905 1116 1988 Virginem

13 2031 14 2084 j
54 2001 278 2072 immaculatam
299 2005 453 2085 Mariam,
483 2012 599 2089 utpote
627 2006 736 2089 ipsum
757 2005 863 2071 Deum
890 2004 1024 2070 verbum
1044 2025 1116 2087 spe-

53 2101 162 2168 cialiter
182 2111 216 2170 et
237 2105 406 2183 veraciter,
429 2104 486 2187 qui
507 2126 527 2169 a
548 2105 617 2169 Deo
639 2104 736 2169 Patre
758 2110 833 2170 ante
855 2104 964 2169 omnia
985 2103 1114 2170 saecula

53 2208 131 2267 natus
152 2211 209 2284 est
228 2205 264 2268 in
281 2204 405 2270 ultimis
424 2205 628 2270 saeculorum
643 2205 766 2288 absque
785 2205 907 2270 semine
927 2205 1113 2288 concepisse

54 2320 85 2362 ex
103 2303 222 2385 Spiritu
252 2310 365 2369 sancto
394 2311 428 2369 et
456 2304 749 2388 incorruptibiliter
778 2326 852 2370 eum
873 2305 1037 2388 genuisse,
1067 2305 1115 2369 in-

54 2398 216 2468 dissolubili
231 2410 443 2486 permanente
462 2410 588 2487 etpost
607 2410 739 2486 partum
756 2404 901 2486 ejusdem
919 2404 1114 2487 virginitate,

54 2501 268 2568 condemnatus
298 2503 371 2569 sit.“
413 2503 627 2568 Immaculata
655 2502 721 2568 dici
748 2503 878 2586 nequit,
910 2525 994 2588 quae
1015 2503 1116 2569 semel

54 2601 197 2668 nmulata
224 2602 292 2668 fnit
313 2639 353 2648 -
374 2601 459 2667 sicut
487 2623 547 2668 nec
573 2602 778 2686 incorrupta,
810 2623 894 2687 quae
920 2603 1020 2668 semel
1046 2621 1116 2668 cor-

53 2702 218 2781 ruptionem
238 2723 338 2784 passa
361 2708 418 2766 est.
1057 2771 1059 2775 ,

104 2805 127 2864 3.
166 2790 355 2886 Synodus
386 2798 603 2883 generalis
634 2799 694 2864 VI.
728 2799 762 2863 in
794 2801 933 2883 epistola
963 2798 1118 2884 synodica

54 2917 72 2959 s.
83 2899 245 2982 Sophronii
261 2887 548 2984 Hierosolymitani
564 2898 607 2963 ad
623 2899 770 2982 Sergium
785 2899 1116 2982 Constantinopolita-

54 3017 116 3062 num
134 2999 296 3065 declarat:
323 3001 495 3083 „Uterum‚
519 2999 576 3083 qui
596 2999 792 3082 virginitatis
813 3000 1043 3083 resplendebat
1063 3022 1115 3065 ca·

53 3095 149 3164 stitate
165 3099 290 3164 Mariae
306 3106 439 3164 sanctae
456 3149 462 3163 .
481 3149 487 3162 .
505 3148 512 3162 .
530 3149 537 3162 .
556 3105 590 3163 et
608 3098 649 3162 ab
670 3099 773 3163 omni
794 3099 1113 3182 inquinamento

52 3192 185 3263 liberae.“
226 3199 464 3264 Pronuntiatur
485 3218 561 3280 ergo
583 3197 614 3261 b.
637 3197 745 3280 Virgo,
771 3219 872 3280 quum
891 3197 1114 3280 inquinamen-

54 3297 110 3358 tum
127 3297 247 3362 morale
269 3297 313 3361 sit
333 3302 512 3380 peccatum,
534 3295 639 3360 libera
661 3295 702 3359 ab
727 3297 815 3360 omni
835 3303 980 3379 peccato.
1194 3299 1196 3304 ’

102 3402 127 3459 4.
159 3396 395 3462 Concilium
423 3392 671 3458 Basileense
700 3407 785 3458 anno
809 3399 887 3459 1439
916 3394 950 3458 in
971 3395 1114 3460 sessione

55 3494 85 3554 36
95 3495 117 3576 ³)
140 3497 187 3562 ita
207 3495 337 3561 definit:
370 3493 462 3577 „Nos
485 3493 659 3574 diligenter
679 3493 834 3576 inspectis
862 3494 1114 3559 auctoritatibus

55 3597 81 3653 et
97 3595 287 3673 rationibus,
318 3615 402 3677 quae
427 3595 496 3677 jam
518 3615 538 3658 a
559 3592 708 3675 pluribus
734 3593 828 3658 annis
844 3594 883 3666 ,in
904 3593 1044 3677 publicis
1065 3615 1114 3658 re·

13 3759 14 3766 i
54 3687 210 3760 lotionibus
242 3717 282 3759 ex
314 3701 409 3777 parte
439 3694 610 3776 utriusque
648 3692 815 3758 doctrinae
854 3697 964 3757 coram
995 3692 1056 3756 hac
1088 3714 1111 3756 s.

13 3847 14 3850 π
59 3840 235 3857 Ἢ-

13 3935 15 3956 >
108 3924 125 3991 ¹]
141 3926 192 3982 cfr.
206 3911 281 3996 app‘
309 3926 385 3994 ane
398 3930 455 3984 nae
468 3929 497 3980 ee
510 3928 582 3995 gra.
597 3941 638 3993 cp.
652 3927 693 3980 ao.
723 3927 745 3993 8)
765 3928 845 3990 anno
863 3928 927 3979 1439
941 3925 986 3980 aa
1000 3926 1039 3980 15.
1053 3925 1113 3980 oa

13 4117 15 4208 l

57 4004 187 4078 celebrata3
204 4009 254 4066 cfr.
271 4009 408 4098 llarduini
426 4011 496 4065 Acts
514 4010 597 4064 Cone.
614 4011 681 4062 tom.
700 4007 777 4076 VIII,
795 4009 848 4064 eol.
868 4012 939 4064 1266.
