2728 4554
741 344 802 404 438

232 511 375 572 mentor:
413 505 474 570 Illa
502 504 642 588 dignitas
670 503 812 586 spectari
844 502 942 567 debet
969 508 1126 586 tanquam
1156 500 1289 576 maxima,

232 602 275 667 ad
310 624 408 686 quam
445 624 534 668 mera
572 609 723 667 creatura
762 601 853 666 evehi
890 606 1007 684 queat,
1048 622 1132 684 quae
1162 601 1292 684 pertinet

232 702 378 784 proxime
413 701 456 766 ad
486 702 632 767 ordinem
669 701 797 766 unionis
828 699 1069 782 hypostaticae;
1109 699 1190 762 nihil
1218 699 1291 762 enim

231 799 409 884 perfectius
430 821 468 864 ac
489 799 709 882 praestantius
731 799 858 881 concipi
880 805 998 881 potest,
1021 820 1121 881 quarn
1141 797 1194 862 ille
1214 797 1290 874 ordo,

232 920 329 981 quem
350 898 522 963 constituit
542 918 682 980 persona
701 897 856 962 increata.
900 895 1001 979 Atqui
1029 897 1172 978 dignitas
1191 895 1292 960 Matris

231 997 377 1079 proxime
398 997 542 1080 pertinet
562 997 606 1062 ad
626 996 772 1060 ordinem
793 996 921 1061 unionis
942 996 1176 1078 hypostaticae.
1215 995 1254 1058 Et

293 1116 322 1160 a.
361 1095 505 1179 pertinet
541 1096 583 1160 ad
614 1096 700 1160 hunc
736 1094 889 1158 ordinem.
942 1094 1074 1159 Etenim
1105 1094 1210 1159 Mater
1236 1114 1291 1157 non

232 1201 326 1259 extre
353 1195 499 1259 ordinem
519 1194 608 1272 Filii,
638 1193 714 1276 quia
734 1192 849 1256 Matris
878 1199 911 1256 et
932 1192 1007 1257 Filii
1034 1215 1101 1257 una
1129 1192 1290 1274 eademque

232 1300 283 1358 est
314 1293 514 1372 substantia;
545 1293 632 1356 inter
662 1298 837 1374 utrumque
869 1291 967 1355 datur
998 1291 1110 1375 aliqua
1140 1291 1289 1356 identitas.

231 1391 324 1456 Unde
352 1393 509 1457 Snerez:
543 1391 623 1474 ,Illa
644 1390 797 1474 dignitas,
824 1391 946 1473 inquit,
976 1391 1210 1473 quodammodo
1229 1411 1290 1473 pcr-

231 1491 316 1556 tinet
337 1491 379 1556 ad
400 1492 547 1556 ordinem
568 1491 695 1556 unionis
715 1490 953 1572 hypostaticae,
982 1490 1060 1573 quia
1080 1490 1171 1555 illam
1191 1490 1290 1554 intrin-

232 1609 304 1654 sece
343 1590 476 1673 respicit
514 1597 548 1655 et
586 1611 660 1654 cum
697 1588 755 1653 illa
792 1589 1008 1654 necessariam
1046 1589 1290 1673 conjunctionem

230 1686 361 1752 habet.“

292 1786 322 1851 b.
352 1786 499 1851 Pertinet
526 1788 686 1870 proxime3
713 1807 852 1869 namque
879 1792 954 1869 post
967 1786 1135 1851 unionem
1155 1786 1289 1869 hyposta-

230 1885 330 1951 ticam
364 1887 417 1952 vix
447 1909 548 1952 nexus
579 1887 725 1952 intimior
760 1893 793 1951 et
823 1885 962 1951 affinitas
995 1886 1065 1951 Deo
1096 1884 1290 1968 propinquior

230 1986 407 2068 excogitari
434 1993 554 2069 potest.
596 1985 690 2050 Unde
718 1985 747 2048 d.
776 1985 1022 2067 Augustinus
1051 2006 1118 2049 non
1146 1981 1314 2062 dubitavit,

230 2105 391 2162 asserere,
434 2085 521 2168 quod
558 2084 732 2166 ,nativitas
772 2105 872 2148 unum
911 2082 1058 2148 effecerit
1096 2083 1229 2149 Matrem
1262 2085 1289 2143 ct

142 2257 145 2262 Ι
229 2183 377 2247 Filium.“

290 2283 483 2349 Mutemitas
505 2284 584 2347 haec
613 2281 785 2364 conjuncta
811 2303 884 2346 cum
904 2280 1116 2346 maternitate
1145 2274 1289 2362 spirituali

229 2383 443 2466 omnibusque
474 2381 538 2446 illis
576 2381 705 2464 gratiis,
742 2401 826 2464 quae
863 2380 955 2444 illam
989 2384 1241 2462 consequuntur,
1273 2396 1289 2438 a

229 2502 371 2562 quanam
401 2481 524 2564 poterit
555 2480 702 2564 superari
735 2479 915 2562 dignitate?
952 2478 1052 2544 Nulla
1079 2478 1222 2562 prolecto
1249 2476 1288 2538 in·

230 2579 360 2643 venitur
387 2601 446 2644 nec
473 2593 617 2663 unquam
644 2578 827 2643 invenietur
854 2584 1021 2657 creatura,
1051 2600 1138 2660 qnae
1158 2575 1288 2643 beatissi-

228 2698 315 2740 mam
336 2677 398 2741 Dei
418 2685 558 2742 matrem
578 2677 777 2742 sublimitate
799 2676 990 2748 antecedere
1011 2677 1129 2742 valcat.
1174 2675 1207 2742 Si
1225 2692 1287 2754 ergo

229 2773 369 2840 Matrem
398 2776 460 2841 Dei
486 2776 638 2841 invenisti
669 2781 703 2840 et
730 2775 828 2839 altius
860 2773 1034 2840 ascendere
1062 2795 1193 2858 perges,
1221 2768 1289 2836 nihil

228 2874 320 2939 alind
340 2875 491 2956 reperies,
513 2876 575 2940 nisi
595 2876 700 2957 ipsum
722 2874 835 2938 Deum.

293 2971 362 3037 Hoc
384 2979 442 3050 est,
461 2972 548 3056 quod
569 2995 613 3038 ss.
633 2973 772 3038 Patres
792 2971 876 3036 nulli
896 2969 1025 3036 dicendi
1044 2972 1158 3054 copiae
1173 2987 1286 3054 parcere

228 3072 405 3154 potuerint,
435 3093 499 3154 qua
526 3072 557 3137 b.
580 3072 721 3154 Virginis
742 3071 934 3154 dignitatem
955 3071 1185 3154 praedicarent
1205 3066 1287 3134 subli-

228 3170 419 3248 missimam3
448 3171 509 3235 hoc
531 3178 595 3250 est,
625 3171 712 3254 quod
741 3193 765 3236 s.
788 3171 966 3235 Doctorum
995 3177 1029 3235 et
1050 3171 1176 3236 animos
1197 3176 1228 3234 61
1245 3187 1286 3231 ca-

227 3268 330 3333 lamos
351 3289 479 3351 semper
503 3270 538 3333 in
559 3270 900 3353 maximamrapuerit
921 3269 1180 3335 admirationem.
1219 3267 1286 3331 'lan-

227 3373 282 3431 166
304 3368 514 3433 excellentiae
542 3375 593 3434 est
612 3368 693 3433 haec
713 3368 934 3433 Matemitatis
956 3368 1113 3450 dignitas,
1142 3376 1180 3434 ut
1199 3384 1286 3448 neque

227 3463 369 3529 humana
399 3487 504 3549 neque
543 3466 689 3548 angelica
725 3466 941 3548 intelligentia
978 3467 1169 3550 investigari
1198 3482 1286 3546 neque

226 3561 296 3627 ulla
323 3556 564 3646 comparatione
595 3586 669 3629 cum
702 3565 862 3648 dignitate
892 3571 1062 3630 creaturae
1098 3561 1286 3649 quantumvis

228 3659 372 3726 elevatae
394 3664 575 3728 mensurari
594 3670 704 3747 queat.
747 3665 831 3730 Hinc
851 3686 876 3728 s.
897 3665 1089 3730 Eucherii
1117 3665 1285 3731 consilium:

228 3757 425 3838 ,Quaeritis
453 3761 576 3845 inquit,
606 3763 710 3846 qualis
731 3763 859 3828 Mater?
891 3763 1045 3840 Quaerite
1066 3766 1167 3848 prius,
1197 3759 1286 3847 quahs

227 3855 348 3920 Filius?
370 3857 521 3943 Quisquis
538 3859 639 3942 igitur
659 3861 828 3942 explorare
846 3860 1021 3941 desiderat,
1041 3885 1141 3947 quam
1158 3859 1286 3928 sublimis

226 3954 271 4018 sit
298 3975 432 4038 magnae
460 3956 576 4022 Matris
607 3958 765 4040 dignitas3
802 3966 1001 4044 anteaquam
1032 3962 1123 4028 istud
1151 3962 1284 4032 attentet,
