2726 4560
772 368 811 426 50

189 603 190 606 Ἴ
315 530 342 590 2.
376 525 532 590 Debitum
560 524 642 589 illud
671 525 837 608 originalis
858 523 986 607 peccati
1013 524 1132 608 duplex
1162 526 1336 611 distingui·

253 632 324 690 tur:
348 623 494 690 debitum
515 644 631 705 nempe
651 623 881 705 proximum
902 645 940 688 ac
961 622 1108 689 debitum
1128 633 1331 692 remotum.

255 723 410 788 Debitum
437 723 669 805 proximum
697 722 857 806 significat
887 722 1118 806 obligationem
1142 745 1200 790 seu
1221 748 1333 793 neces-

254 822 386 886 sitatem
407 820 620 886 contrahendi
645 822 677 885 vi
698 821 918 905 conceptionis
938 843 1016 886 suae
1038 823 1195 905 originale
1216 847 1333 907 pecca·

254 928 326 987 tum
347 926 382 984 et
410 919 541 1002 quidem
569 920 610 986 ob
633 921 795 986 actualem
823 921 857 985 in
879 919 996 985 Adami
1016 928 1113 1003 pacto
1141 929 1175 988 et
1195 933 1333 1005 peccato

254 1018 480 1097 inclusionem,
513 1018 664 1102 inpacto
686 1041 744 1084 seu
771 1019 902 1085 decreto
924 1019 997 1098 illo,
1031 1041 1094 1102 quo
1116 1029 1333 1105 protoparens

254 1124 354 1202 caput
372 1117 499 1200 generis
519 1116 653 1182 humani
678 1117 801 1182 morale
829 1118 1025 1183 constitutus
1046 1116 1111 1182 luit
1131 1121 1239 1202 qu'oad
1259 1144 1334 1204 gra·

254 1217 335 1282 tiam
365 1216 416 1280 vel
450 1214 734 1282 transmittendam
768 1215 819 1280 vel
850 1216 1071 1282 amittendam.
1126 1218 1284 1284 Debitum
1318 1243 1332 1285 e

254 1322 369 1382 contra
396 1320 598 1380 remotum
625 1335 690 1379 non
711 1314 847 1380 denotat
867 1315 1095 1382 necessitatem
1118 1319 1334 1385 contrahendi

254 1413 415 1480 maculam
444 1414 476 1477 ri
504 1413 724 1496 conceptionis
754 1419 787 1479 et
807 1413 911 1496 pacti,
941 1413 999 1480 sed
1025 1417 1254 1482 necessitatem
1284 1412 1353 1484 so-'

255 1511 420 1578 lummodo
448 1511 555 1591 illam,
588 1534 654 1596 qua
681 1513 776 1578 homo
803 1518 841 1578 ut
870 1511 957 1578 filius
977 1513 1075 1578 Adae
1094 1515 1128 1578 in
1155 1515 1212 1581 illo
1233 1526 1333 1600 pacto

255 1611 430 1678 deberet
456 1611 594 1691 includi,
623 1612 686 1677 nisi
707 1612 748 1676 ab
775 1612 833 1676 illa
852 1611 924 1695 lege
947 1613 1189 1696 dispensaretur
1209 1616 1334 1683 Christi

257 1711 388 1777 Domini
407 1711 542 1776 meritis.

318 1809 369 1873 Ad
389 1809 481 1874 ¹hanc
512 1808 753 1874 distinctionem
773 1807 888 1872 melius
915 1806 1143 1874 illustrandam
1163 1833 1332 1895 ponamus,
1353 1844 1354 1869 t

256 1909 400 1993 aliquam
425 1907 595 1973 mulierem
621 1929 681 1991 per
708 1904 912 1972 contractum
938 1907 1042 1990 redigi
1071 1910 1105 1974 in
1131 1912 1331 1988 servitutem.

257 2007 357 2090 Cujus
378 2005 479 2084 filius,
501 2007 529 2071 si
553 2007 749 2072 eximeretur
768 2006 803 2070 in
830 2005 922 2087 ipso
949 2013 1181 2087 contractu,
1212 2031 1253 2074 ne
1276 2033 1332 2076 na-

258 2111 404 2172 sceretur
424 2126 544 2184 servus,
561 2105 677 2171 merito
698 2111 809 2188 posset
829 2103 894 2168 dici
915 2125 980 2168 non
1000 2108 1201 2172 contraxisse
1224 2112 1333 2192 proxi-

257 2227 347 2271 mum
368 2205 534 2272 servitutis
562 2205 723 2284 debitum,
753 2204 810 2269 sed
830 2210 960 2269 tantum
987 2212 1163 2284 remotum,
1194 2208 1270 2289 quia
1294 2231 1355 2301 en1

258 2327 324 2370 una
344 2310 454 2387 parte,
484 2310 644 2387 quatenus
665 2301 751 2367 filius
773 2323 899 2380 servae,
921 2304 1071 2369 servituti
1092 2304 1267 2383 obnoxius,
1294 2327 1355 2371 cn¹

257 2404 364 2470 altera
391 2424 467 2469 vero
496 2411 590 2487 parte
621 2424 642 2467 a
671 2402 826 2468 servitute
857 2401 922 2467 luit
948 2403 1122 2481 liberatus,
1155 2409 1332 2487 antequam

259 2510 365 2568 mater
385 2502 419 2566 in
440 2503 631 2566 servitutem
651 2500 752 2565 fuerit
772 2500 914 2566 redacta.
955 2501 988 2566 Si
1009 2522 1084 2566 vero
1105 2523 1170 2566 non
1191 2502 1332 2586 inipso

258 2607 437 2679 contractu,
456 2600 513 2665 sed
534 2606 625 2683 post
646 2606 849 2665 contractum
867 2600 983 2664 initum
1004 2621 1024 2664 a
1045 2601 1200 2666 servitute
1216 2599 1333 2666 luisset

257 2700 431 2777 liberatus,
465 2699 664 2763 contraxisse
697 2698 861 2786 diceretur
892 2697 1038 2762 debitum
1065 2699 1248 2782 proximum
1277 2722 1332 2764 na-

258 2797 369 2864 scendi
391 2819 511 2863 servus.
555 2796 678 2875 Quibus
698 2796 901 2879 praenotatis
922 2797 1104 2875 asserimus,

318 2917 346 2960 a.
379 2916 457 2960 non
485 2917 606 2978 posse
633 2895 792 2978 negari,
824 2897 923 2979 quin
951 2896 981 2960 b.
1003 2895 1128 2979 Virgo
1158 2896 1331 2981 aliquod

258 2995 409 3085 saltem
437 2995 705 3061 contraxerit
734 2993 928 3059 debitum.

323 3121 351 3158 a.
382 3092 618 3160 Continebatur
639 3093 725 3158 enim
744 3093 871 3158 ratione
900 3092 1001 3158 debiti
1023 3114 1060 3157 ao
1081 3092 1199 3159 radicis
1220 3095 1331 3177 regula

257 3191 402 3278 generali
419 3200 453 3257 et
470 3199 619 3258 assecuta
637 3199 687 3257 est
702 3191 933 3274 redemptionis
950 3190 1143 3256 beneficium
1160 3213 1180 3256 a
1199 3192 1329 3258 doctore

259 3291 405 3376 gentium
433 3291 614 3356 uniuersale
645 3291 855 3356 declaratum.
903 3290 1120 3374 „Christus
1152 3313 1226 3373 pro
1259 3313 1330 3356 om-

259 3390 380 3456 nibus
401 3397 583 3478 mortuus
605 3391 685 3456 est“
696 3389 721 3473 ¹)
739 3397 779 3436 ’-
796 3409 871 3472 ergo
893 3409 1003 3456 omnes
1024 3387 1145 3454 mortui
1161 3389 1181 3452 i.
1195 3409 1221 3454 e.
1234 3389 1330 3455 morti

260 3488 399 3567 obnoxii,
422 3489 541 3572 sunm)

322 3594 351 3670 β.
384 3587 434 3652 Ex
462 3609 514 3666 eo,
542 3585 630 3672 quod
656 3587 750 3670 juxta
776 3584 900 3652 bullam
928 3583 1145 3668 „Ineffabilis“
1172 3586 1203 3652 b.
1231 3587 1328 3670 Virgo

172 3769 175 3774 ,
260 3692 471 3771 praeservata
498 3686 618 3751 dicitur
649 3684 831 3768 „intuitu
861 3685 1104 3752 meritorum
1135 3684 1327 3763 Christif‘

327 3922 348 3985 ¹)
364 3921 388 3974 Ι.
405 3918 466 3974 Gor.
483 3916 517 3982 V,
535 3916 576 3971 16.
607 3914 629 3983 ²)
646 3915 700 3971 cfr.
718 3913 839 3970 canisius
856 3913 891 3970 dc
907 3913 938 3970 B.
956 3914 1071 3986 Virgine
1086 3914 1135 3972 lib.
1151 3914 1174 3984 1,
1192 3931 1235 3986 op.
1253 3917 1268 3970 5
1284 3932 1325 3984 sq3

260 4001 396 4058 Barradas
414 3997 546 4056 concord.
559 3996 608 4054 lib.
621 3996 670 4064 vl,
687 4012 730 4066 cp.
746 3999 775 4065 ὃς
791 3995 920 4054 Bellarm.
938 3997 1072 4054 controv?
1082 4001 1148 4054 tom.
1166 3996 1217 4067 ΙΙΙ,
1233 4014 1275 4068 cp.
1290 3999 1327 4052 lt.
