2726 4560
752 349 791 410 22

230 509 265 574 in
285 510 431 574 Romana
451 507 598 574 Ecclesia
618 508 814 586 instituisse,
847 507 987 574 officium
1008 509 1184 587 ordinasse,
1206 508 1320 574 indul-

231 609 358 692 gentias
387 608 599 687 concessisse,
629 630 741 674 vocem
762 608 928 692 publicam
957 615 991 674 et
1016 609 1180 692 privatam
1200 608 1322 674 adver-

231 707 326 772 sariis
347 707 514 774 ademisse.

293 812 319 871 9.
357 806 639 872 Innocentius
678 807 740 872 XI.
778 806 813 872 in
846 807 937 872 brevi
975 807 1018 872 ad
1054 807 1259 892 Leopoldum
1294 810 1321 873 Ι.

231 905 466 988 Imperatorem
487 907 701 990 Conoeptioni
721 906 752 970 b.
774 907 916 990 Virginis
937 906 1056 972 tribuit
1077 907 1212 973 titulum
1233 908 1323 989 „lm-

231 1004 434 1070 111661116166α
463 1011 669 1088 testaturque
698 1004 837 1070 officium
865 1005 905 1070 de
933 1005 1153 1089 Gonceptione
1181 1006 1213 1070 b.
1243 1007 1322 1070 Vir·

232 1103 331 1186 ginis,
363 1103 450 1186 quod
473 1103 514 1167 ab
542 1104 767 1187 antiquissimo
789 1111 935 1188 tempore
963 1105 1005 1170 ab
1027 1106 1217 1188 Apostolica
1239 1107 1321 1170 sede

232 1203 425 1285 permissum
453 1202 488 1266 in
508 1203 654 1268 Ecclesia
680 1204 855 1282 recitatur,
886 1225 951 1269 non
979 1204 1147 1287 prohiberi
1174 1204 1321 1270 addens:

233 1301 368 1385 „Neque
399 1303 485 1368 enim
517 1303 709 1368 imminuere
742 1303 809 1369 ullo
841 1310 938 1387 pacto
972 1304 1120 1370 volumus
1152 1303 1321 1387 Deiparae

233 1400 373 1479 cultum,
401 1401 460 1466 sed
479 1403 606 1484 potius,
637 1403 745 1486 quoad
766 1403 838 1468 fieri
858 1410 983 1486 potest,
1010 1424 1129 1486 augere
1152 1409 1186 1468 et
1206 1403 1322 1468 multi-

232 1499 364 1582 plicare.

298 1602 344 1662 10.
378 1599 616 1692 Gregorius¹
636 1602 750 1680 XVI.,
780 1602 955 1667 decretos.
978 1601 1323 1684 Rituuchngrega-
1356 1655 1357 1668 ,

122 1767 123 1773 1
152 1767 153 1771 Ἰ
233 1695 333 1760 tionis
355 1698 504 1764 omuibus
527 1701 686 1784 episcopis
706 1701 893 1784 petentibus
916 1701 1091 1777 concessit,
1114 1707 1153 1765 ut
1173 1700 1209 1764 in
1229 1699 1321 1765 festo

234 1794 462 1879 Conceptionis
501 1800 699 1884 adjiceretur
734 1801 932 1884 praefationi
962 1801 1081 1866 Missae
1120 1807 1175 1882 „et
1210 1807 1246 1865 te
1286 1801 1322 1865 in

234 1897 445 1979 conceptione
473 1899 703 1966 immaculata“
730 1923 790 1965 nec
818 1923 884 1966 non
912 1901 1037 1965 litaniis
1064 1899 1245 1964 lauretanis
1269 1921 1322 1964 sa-

233 1993 352 2060 lutatio
374 1997 519 2080 „Regina
547 1999 617 2062 sine
645 1999 719 2064 labe
748 1999 898 2082 originali
927 1999 1113 2081 concepta.“
1156 1997 1228 2063 Non
1253 1999 1323 2062 exi-

233 2114 316 2176 guae
344 2094 490 2161 laetitiae
519 2098 686 2180 praestitit
718 2104 944 2182 argumentum
971 2097 1101 2162 libellus
1132 2096 1284 2180 supplex,
1297 2099 1321 2179 ¹)

235 2215 331 2276 quem
359 2189 548 2262 ann01843
575 2197 627 2261 (116
653 2203 699 2262 10.
723 2197 910 2262 Decembris
939 2197 1068 2262 nomine
1096 2197 1198 2261 totius
1219 2195 1323 2262 Prae-

235 2294 417 2360 dicatorum
438 2296 560 2361 ordinis
581 2296 735 2379 magister
762 2295 921 2380 generalis
942 2295 1145 2361 sanctissimo
1165 2295 1323 2361 Pontifici

234 2393 371 2459 obtulit:
402 2400 461 2476 „ut
482 2395 521 2460 (16
543 2395 724 2478 apostolica
744 2395 945 2479 benignitate
967 2395 1143 2460 concedere
1165 2394 1322 2460 universo

235 2516 293 2560 suo
316 2495 422 2560 ordini
441 2496 710 2572 Praedicatorum
730 2496 920 2579 dignaretur
941 2491 1118 2572 indultum,
1152 2492 1322 2578 deinceps,

230 2593 326 2676 juxta
348 2596 515 2678 proprium
537 2596 652 2674 ritum,
686 2595 808 2660 festum
828 2593 1057 2677 Conceptionis
1080 2592 1243 2675 Deiparae
1269 2615 1323 2659 ce-

234 2694 385 2760 lebrandi
416 2717 490 2760 cum
522 2701 637 2759 octava
671 2695 822 2772 solemni,
859 2699 959 2777 prout
991 2691 1199 2758 celebrantur
1231 2691 1324 2758 festa

234 2794 516 2873 Annuntiationis,
536 2793 807 2876 ⁴Assumptionis'
826 2815 864 2857 ac
896 2792 1093 2857 sanctissimi
1125 2791 1254 2856 Rosarii
1291 2794 1322 2856 b.

234 2893 359 2958 Mariae
386 2893 543 2976 Virginis,
576 2914 703 2958 necnon
733 2898 771 2957 ut
799 2890 997 2974 praefationi
1024 2891 1143 2955 Missae
1173 2890 1323 2975 Concep

235 2993 334 3058 tionis
354 2993 472 3074 beatae
492 2993 616 3057 Mariae
636 2991 778 3074 Virginis
800 2990 978 3055 adderetur
998 2989 1133 3053 verbum
1162 2988 1321 3070 ,imma-

235 3092 416 3171 culata,“
455 3093 505 3157 uti
544 3114 584 3157 ex
615 3090 804 3174 Apostolica
840 3080 1045 3155 concessione
1085 3086 1158 3151 fiori
1196 3089 1323 3154 assolet

235 3212 334 3276 penes
356 3191 486 3258 ordines
511 3214 535 3256 s.
558 3190 731 3256 Francisci.
776 3189 900 3266 Quibus
921 3187 1072 3270 precibus
1094 3207 1114 3250 a
1136 3186 1323 3253 Sanctitate

235 3313 295 3356 sua
312 3297 519 3374 peramanter
536 3290 689 3373 exceptis,
708 3288 748 3353 de
768 3287 900 3371 speciali
920 3286 1025 3369 gratia
1044 3286 1183 3368 benigne
1201 3289 1324 3352 annuit

232 3390 328 3473 juxta
349 3390 462 3473 petita.

297 3489 348 3553 En
377 3489 483 3555 exitus
512 3487 766 3565 controversiae,
800 3507 883 3568 quae
911 3506 932 3548 a
959 3482 1114 3548 tenuibus
1143 3483 1322 3566 parvisque

236 3594 351 3654 exorta
381 3588 550 3672 principiis
581 3594 657 3670 post
688 3586 845 3669 plurimas
876 3589 927 3648 tot
958 3580 1161 3646 saeculorum
1193 3582 1323 3647 dissen-

234 3689 342 3753 siones
365 3710 402 3752 eo
428 3688 591 3771 pervenit,
620 3692 659 3750 ut
684 3683 938 3750 immaculatas.
963 3682 1124 3764 Deiparae
1146 3685 1321 3764 conceptio

235 3809 301 3871 qua
322 3789 377 3871 pia
398 3788 560 3853 sententia
580 3785 800 3870 principatum
821 3783 941 3866 ubique
964 3781 1166 3847 tenuerit-et

303 4003 322 4069 ¹)
339 4001 393 4056 efr.
411 3976 532 4056 Perrone
549 4002 567 4056 1.
585 4018 608 4055 c.
627 4018 688 4068 pag.
705 4003 746 4055 49.
