2726 4560
763 359 802 418 36

301 521 342 586 ll.
377 519 532 586 Venimus
554 517 596 584 ad
619 537 643 582 a.
666 519 991 585 Beneventurae
1013 520 1207 604 opinionem.

302 620 382 702 ,Hic
413 640 498 685 unus
533 624 583 683 est
618 619 705 682 inter
737 623 878 701 quatuor
912 618 1070 702 primores
1101 619 1322 698 scholasticos

240 720 350 804 inquit
369 719 533 799 Piazza,¹)
566 716 607 781 de
636 721 702 800 quo
724 716 823 782 fateri
852 717 1011 801 cogimur,
1044 720 1230 784 contrariae
1252 742 1323 784 sen-

241 819 364 885 tentiae
386 821 663 901 propugnatorem
684 814 792 886 fuisse,
806 816 840 880 in
859 814 913 882 lib.
935 821 953 880 3
973 817 1060 883 Sent.
1084 817 1158 884 dist.
1177 823 1196 882 3
1214 827 1277 884 art.
1299 827 1323 884 l.

240 923 365 1000 quaest.
387 915 428 980 Π.
472 915 502 980 S.
525 914 757 980 Bonaventura
784 914 903 980 clarius
924 935 1004 998 prae
1027 916 1165 982 caeteris
1186 924 1325 1001 tangens

241 1024 400 1101 punctum
420 1013 603 1097 praesentis
625 1014 865 1080 controversiae
887 1014 1038 1098 inquirit:
1061 1015 1202 1096 ,Utrum
1217 1018 1327 1082 anima

240 1115 358 1180 beatae
390 1112 534 1196 Virginis
574 1111 777 1178 sanctificata
816 1112 918 1178 fuerit
957 1121 1055 1179 ante
1094 1115 1325 1198 originalis

240 1213 408 1297 peccati
437 1211 816 1278 contractionem‘l“
848 1211 923 1295 lpse
950 1234 1025 1278 vero
1058 1215 1241 1280 sententiae
1270 1237 1325 1280 ne-

239 1312 331 1395 ganti
371 1310 561 1375 adhaeret.“
620 1310 659 1374 lu
697 1310 812 1375 eodem
848 1312 1086 1378 sententiarum
1122 1314 1206 1380 libro
1219 1316 1245 1399 2)
1287 1316 1325 1381 de

242 1409 474 1493 Conceptionis
509 1408 594 1474 festo
631 1409 681 1474 ita
716 1407 877 1493 loquitur:
916 1409 1065 1492 „Nullius
1104 1415 1326 1498 conceptionis

241 1508 483 1584 solemnitatem
511 1506 656 1572 celebrat
685 1507 846 1587 Ecclesia,
878 1501 955 1574 nisi¹
970 1508 1070 1576 solius
1098 1511 1173 1576 Filii
1202 1513 1266 1578 Dei
1294 1516 1326 1578 iu

240 1607 498 1674 annuntiatione
528 1606 564 1671 B.
594 1605 637 1670 M.
665 1607 815 1690 Virginis.
866 1608 950 1674 Sunt
977 1615 1087 1674 tamen
1116 1610 1235 1694 aliqui,
1270 1614 1326 1697 qui

241 1727 281 1770 ex
303 1705 438 1790 speciali
459 1704 632 1770 devotione
658 1705 827 1773 celebrant
853 1706 1099 1790 conceptionem
1119 1708 1150 1772 b.
1172 1710 1325 1794 Virginis,

241 1828 323 1890 quos
352 1826 412 1870 nec
446 1803 576 1870 omnino
608 1804 743 1870 laudare
776 1826 835 1870 nec
868 1805 1059 1889 simpliciter
1086 1808 1327 1891 reprehendere

242 1906 356 1972 audeo.
399 1903 472 1969 Non
494 1903 625 1968 omnino
654 1903 836 1985 approbare
858 1903 979 1983 audeo,
1012 1926 1072 1987 pro
1101 1927 1156 1985 eo,
1190 1909 1280 1991 quod
1302 1933 1324 1974 s.

240 2005 370 2082 Patres,
410 2003 467 2086 qui
504 2002 585 2068 alies
622 2002 846 2067 solemnitates
877 2003 1019 2087 Virginis
1052 2004 1176 2087 Spiritu
1212 2017 1325 2075 sancto

242 2103 381 2169 docente
403 2108 605 2179 statuerunt,
637 2101 693 2184 qui
722 2102 822 2166 etiam
850 2103 961 2185 magni
987 2111 1150 2170 amatores
1177 2115 1212 2173 et
1232 2131 1326 2174 vene-

242 2209 369 2268 ratores
391 2202 421 2266 b.
444 2201 586 2284 Virginis
607 2199 757 2280 fuerunt,
781 2201 1026 2285 conceptionem
1046 2203 1189 2286 Virginis
1212 2207 1326 2272 solem-

243 2303 354 2366 nizare
375 2322 441 2365 non
469 2300 651 2364 docuerunt
673 2347 679 2362 .
703 2347 710 2364 .
734 2349 741 2362 .
774 2298 849 2366 Non
869 2301 969 2366 etiam
996 2302 1101 2369 audeo
1123 2304 1255 2369 omnino
1278 2327 1325 2372 re-

241 2401 458 2486 prehendere,
498 2399 590 2484 quia,
627 2405 666 2463 ut
697 2398 830 2481 quidam
863 2399 991 2477 dicunt,
1024 2400 1104 2466 haee
1135 2402 1325 2470 solemnitas

242 2499 403 2566 celebrari
430 2520 496 2564 non
524 2497 632 2580 coepit
659 2497 801 2562 humana
829 2499 1030 2578 inventione,
1064 2501 1121 2566 sed
1143 2502 1256 2568 divina
1277 2527 1325 2570 re

241 2599 420 2664 velatione:
451 2597 588 2682 quodsi
610 2618 721 2662 veru-m
742 2604 807 2677 est,
830 2599 900 2664 sine
921 2598 1021 2665 dubio
1041 2600 1164 2666 bonum
1186 2609 1253 2682 est,
1278 2625 1326 2670 so·

243 2699 419 2764 lemnizare
440 2697 474 2761 in
496 2697 565 2780 ejus
584 2696 820 2779 Conceptioue:
843 2697 900 2762 sed
922 2699 1079 2781 quiahoc
1100 2700 1326 2768 authenticum

242 2820 308 2864 non
337 2804 403 2875 est,
435 2817 501 2861 uon
532 2795 756 2878 compellimur
786 2796 935 2875 credere;
971 2798 1048 2880 quia
1080 2798 1180 2863 etiam
1211 2808 1325 2866 contra

241 2896 340 2962 fidem
362 2902 487 2959 rectam
507 2917 573 2960 non
595 2901 654 2973 est,
675 2915 741 2958 non
761 2894 986 2978 compellimur
1008 2899 1158 2980 negare.“
1189 2899 1243 2970 Ita
1262 2901 1325 2967 ille.

303 2994 430 3072 Posito,
465 3015 488 3057 s.
513 2993 690 3058 Doctorem
709 2993 743 3056 in
764 2992 844 3058 locis
871 2993 981 3060 citatis
1010 3003 1124 3062 contra
1144 2999 1234 3080 piam
1257 3021 1326 3066 sese

243 3093 426 3159 declarasse
447 3093 658 3170 sententiam,
681 3113 775 3157 nemo
797 3099 907 3158 tamen
930 3100 992 3172 est,
1017 3095 1073 3177 qui
1094 3097 1228 3176 nesciat,
1252 3121 1326 3163 eum

241 3193 318 3257 huic
340 3191 567 3274 subscripsisse
590 3198 624 3256 et
642 3191 772 3274 quidem
789 3193 1003 3276 apertissimis
1020 3193 1127 3259 verbis
1145 3195 1326 3280 inscriptis

248 3343 444 3354 .--.----

241 3422 385 3480 areanis
407 3423 535 3480 odltbree
552 3423 651 3493 depuis
668 3423 717 3480 des
740 3423 851 3492 siecles3
878 3441 913 3480 en
930 3424 1036 3481 Franco
1056 3443 1093 3482 ou
1113 3444 1149 3483 ne
1171 3429 1263 3486 saveit
1279 3446 1327 3500 pas

241 3523 296 3576 que
308 3505 414 3576 l’tglise
432 3506 468 3562 de
482 3506 584 3575 Naples
598 3508 627 3561 la
641 3507 803 3562 solennimit
821 3507 919 3576 depuis
931 3508 1097 3577 longtemps.
1125 3508 1179 3564 Les
1191 3509 1327 3568 eldments

240 3589 393 3644 necessairs
417 3588 434 3642 a
457 3605 511 3644 une
536 3589 690 3644 discussion
706 3588 888 3658 approfondic
912 3592 1090 3660 mauquaient
1113 3592 1187 3646 donc
1210 3592 1227 3646 ὲ
1252 3598 1327 3650 cette

240 3672 361 3742 opeque:
387 3688 423 3727 ou
441 3689 476 3726 en
493 3672 563 3728 etait
580 3672 674 3726 reduit
691 3689 745 3726 aux
763 3674 950 3742 conjectures,
968 3691 1022 3728 anx
1040 3674 1208 3730 deductione
1224 3677 1327 3732 labori-

242 3772 333 3820 euses,
359 3773 413 3810 eux
431 3754 607 3824 hypotheses.
641 3757 723 3810 Amsi
740 3774 761 3812 s.
778 3757 904 3812 Bernard
922 3775 957 3812 ne
974 3759 1174 3827 pronaeae-til
1192 3760 1326 3828 peintus

238 3838 374 3908 jnjement
391 3837 540 3894 definitur

309 3920 330 3986 ¹)
356 3921 443 3976 Causa
466 3918 661 3974 immaculatae
686 3919 882 3989 conceptionis
902 3921 1031 3977 Panormi
1055 3924 1119 3977 1747
1142 3925 1205 3979 Act
1226 3925 1244 3978 8
1266 3928 1324 3979 al

242 4001 316 4056 Test
331 4003 348 4056 4
365 4001 439 4072 apud
457 4001 579 4056 Perrone
595 4002 614 4055 l.
632 4016 657 4058 e.
673 4019 735 4073 pag.
752 4005 791 4060 28.
826 4006 847 4072 Ω)
864 4004 926 4060 Lib.
943 4004 960 4060 8
976 4010 1047 4062 sent.
1064 4005 1129 4060 dist.
1146 4005 1163 4060 3
1180 4011 1286 4074 quaest.
1305 4011 1325 4061 1.
