2808 4556
747 379 808 439 630

234 544 306 603 tum
326 536 467 620 professi
488 543 578 615 sunt,
607 538 873 620 gloriosissimam
894 539 1061 622 Virginem
1081 539 1187 604 fuisse
1209 561 1329 622 paren-

234 644 306 703 tum
336 636 587 719 reparatricem,
617 645 825 719 posterorum
852 636 1113 717 vivificatricem,
1144 660 1165 703 a
1194 638 1329 704 saeculo

234 736 389 811 electam,
419 735 461 800 ab
482 735 651 800 Altissimo
673 736 737 800 sibi
757 743 1001 819 praeparatam,
1031 758 1052 801 a
1075 738 1161 814 Deo,
1195 736 1329 819 quando

234 835 277 901 ad
298 841 483 918 serpentem
504 836 562 914 ait,
580 835 768 901 inimicitias
786 858 905 919 ponam
926 836 1014 901 inter
1032 843 1067 901 te
1088 842 1123 900 et
1141 836 1329 914 mulierem,

234 935 455 1017 praedictam,
487 956 572 1016 quae
593 935 708 1018 procul
737 935 836 1001 dubio
864 942 1061 1001 venenatum
1090 936 1242 1019 ejusdem
1264 958 1331 1001 ser·

234 1033 342 1115 pentis
364 1040 465 1115 caput
485 1034 654 1114 contrivit3
683 1055 721 1099 ac
741 1042 917 1118 propterea
938 1034 1152 1113 affirmarunt,
1177 1035 1332 1100 eamdem

234 1131 459 1197 beatissimam
476 1132 643 1215 Virginem
663 1133 765 1198 fuisse
784 1156 843 1216 per
864 1135 1005 1216 gratiam
1025 1133 1068 1197 ab
1091 1133 1181 1197 omni
1198 1135 1332 1216 peccati

235 1229 310 1295 labe
331 1231 495 1312 integram
515 1252 554 1294 ac
575 1231 713 1296 liberam
734 1231 776 1296 ab
799 1233 886 1295 omni
908 1232 1104 1313 contagione
1127 1237 1161 1296 et
1181 1233 1332 1314 corporis

236 1334 271 1393 et
288 1329 416 1393 animae
440 1336 474 1396 et
491 1327 688 1408 intellectus,
708 1351 746 1395 ac
765 1351 894 1412 semper
915 1351 989 1394 cum
1006 1331 1076 1395 Deo
1099 1337 1332 1395 conversatam

236 1434 271 1492 et
302 1428 502 1509 sempiterno
534 1427 665 1492 foedere
699 1450 772 1492 cum
803 1427 864 1492 Illo
897 1428 1120 1511 conjunctam,
1158 1450 1333 1511 nunquam

235 1525 337 1590 fuisse
357 1527 391 1589 in
413 1525 567 1604 tenebris,
589 1526 647 1590 sed
669 1547 797 1608 semper
818 1526 853 1589 in
873 1525 946 1591 luce
969 1526 1149 1591 etidcirco
1172 1527 1333 1592 idoneum

235 1624 332 1706 plane
361 1625 508 1689 extitisse
531 1625 661 1690 Christo
688 1624 914 1690 habitaculum
940 1645 1007 1689 non
1027 1647 1087 1708 pro
1117 1625 1241 1692 habitu
1262 1648 1334 1692 cor-

235 1724 333 1806 poris,
357 1723 415 1788 sed
435 1744 496 1805 pro
517 1725 624 1806 gratia
646 1725 805 1807 originali.

297 1822 467 1887 Accedunt
487 1822 690 1887 nobilissima
719 1823 835 1901 effata,
866 1822 984 1906 quibus
1013 1822 1054 1886 de
1076 1821 1225 1905 Virginis
1248 1823 1334 1889 Con-

237 1921 388 2002 ceptione
410 1921 582 2005 loquentes
604 1922 718 1987 testati
745 1928 836 1999 sunt,
866 1927 1020 1986 naturam
1041 1920 1170 2003 gratiae
1193 1921 1333 1986 cessisse

237 2039 275 2082 ac
302 2019 433 2084 stetisse
461 2020 635 2085 tremulam
656 2042 792 2103 pergere
821 2042 887 2085 non
915 2020 1149 2098 sustinentem
1180 2040 1260 2083 nam
1283 2019 1334 2084 fu-

237 2123 349 2181 turum
378 2125 465 2196 erat,
495 2126 534 2184 ut
557 2120 617 2184 Dei
647 2120 797 2184 Genitrix
817 2119 918 2202 Virgo
947 2141 1013 2184 non
1040 2125 1142 2182 antea
1172 2139 1214 2182 ex
1237 2120 1334 2182 Anna

237 2218 480 2299 conciperetur,
517 2239 616 2300 quam
646 2218 752 2300 gratia
784 2216 928 2282 fructum
957 2217 1087 2282 ederet:
1126 2217 1258 2299 concipi
1292 2217 1334 2282 si-

238 2315 371 2397 quidem
402 2317 653 2399 primogenitam
690 2317 880 2399 oportebat,
918 2336 958 2380 ex
992 2337 1058 2398 qua
1094 2315 1334 2398 concipiendus

238 2422 324 2479 esset
346 2416 449 2480 omnis
471 2422 644 2480 creaturae
664 2415 909 2497 primogenitus.
950 2414 1078 2478 Testati
1099 2420 1179 2478 sunt
1196 2435 1335 2478 carnem

238 2513 381 2596 Virginis
403 2535 443 2578 ex
462 2514 568 2578 Adam
592 2521 756 2596 sumptam
779 2513 924 2578 maculas
946 2512 1037 2576 Adae
1059 2533 1126 2577 non
1148 2512 1333 2590 admisisse,

238 2633 277 2676 ac
308 2619 484 2695 propterea
521 2613 744 2678 beatissimam
774 2612 942 2694 Virginem
973 2611 1229 2677 tabernaculum
1262 2632 1334 2676 esse

237 2711 279 2774 ab
301 2712 371 2792 ipso
396 2712 464 2776 Deo
493 2718 657 2790 creatum,
689 2711 816 2793 Spiritu
838 2711 957 2776 Sancto
986 2710 1167 2775 formatum
1197 2717 1234 2774 et
1254 2731 1334 2792 pur-

237 2829 360 2891 pureae
396 2831 526 2894 revera
545 2832 680 2893 operae,
718 2809 808 2893 quod
838 2831 940 2874 novus
976 2809 1034 2873 ille
1065 2807 1217 2872 Beseleel
1250 2829 1334 2872 auro

237 2908 400 2973 intextum
429 2910 619 2992 variumque
648 2908 784 2987 effinxit,
814 2909 1016 2991 eandemque
1045 2927 1115 2971 esse
1144 2906 1334 2989 meritoque

238 3006 398 3072 celebrari
432 3015 470 3074 ut
504 3008 610 3087 illam,
648 3029 733 3090 quae
769 3007 939 3089 proprium
971 3007 1034 3069 Dei
1069 3027 1152 3087 opus
1188 3005 1335 3086 primum

238 3107 402 3186 extiterit,
432 3108 545 3189 ignitis
573 3105 708 3188 maligni
735 3105 812 3169 telis
840 3105 979 3169 latuerit
1008 3111 1042 3168 et
1063 3103 1181 3187 pulcra
1209 3109 1334 3168 natura

238 3225 276 3268 ac
309 3204 392 3270 labis
424 3227 557 3288 prorsus
595 3205 698 3270 omnis
730 3204 842 3268 nescia
873 3209 1044 3286 tamquam
1075 3223 1198 3266 aurora
1230 3201 1335 3265 unde·

239 3325 368 3386 quaque
391 3305 530 3370 rutilans
552 3305 586 3368 in
604 3303 762 3368 mnndum
778 3302 958 3384 prodiverit
975 3302 1011 3365 in
1031 3323 1092 3366 sua
1108 3301 1333 3384 Conceptione

238 3402 461 3467 Immaculata.
504 3403 578 3468 Non
609 3403 695 3467 enim
724 3401 879 3480 decebat,
909 3407 947 3465 ut
975 3401 1059 3465 illud
1080 3422 1137 3464 vas
1160 3399 1334 3464 electionis

239 3502 464 3566 communibus
492 3501 709 3566 lacesseretur
740 3500 885 3582 injuriis,
919 3499 1075 3582 quoniam
1103 3497 1284 3581 plurimum
1314 3517 1334 3560 a

239 3599 358 3664 ceteris
380 3599 551 3678 differens,
581 3605 701 3664 natura
725 3598 977 3664 communicavit
998 3620 1065 3663 non
1087 3597 1202 3679 culpa,
1233 3597 1334 3660 immo

239 3718 372 3779 prorsus
405 3699 552 3777 decebat,
587 3706 625 3763 ut
657 3698 743 3762 sicut
771 3697 967 3780 Unigenitus
999 3697 1035 3761 in
1067 3695 1168 3761 coelis
1199 3696 1336 3760 Patrem

238 3795 364 3874 habuit,
383 3819 482 3880 quem
498 3796 669 3880 Seraphim
686 3803 739 3860 ter
760 3803 910 3862 sanctum
932 3795 1105 3874 extollunt,
1125 3796 1178 3859 ita·
1192 3799 1336 3858 matrem

239 3893 377 3958 haberet
406 3896 440 3959 in
469 3897 581 3973 terris,
612 3915 696 3978 quae
727 3894 835 3959 nitore
866 3894 1053 3960 sanctitatis
1082 3915 1251 3976 nunquam
1279 3912 1335 3955 ca·

240 3991 353 4055 ruerit.
415 3995 524 4076 Atque
564 3994 645 4058 haec
686 3992 822 4075 quidem
858 3993 1010 4060 doctrina
1048 3992 1132 4058 adeo
1171 3993 1336 4075 majorum
