2718 4556
554 359 612 422 317

49 542 117 586 una
135 521 257 603 quidem
277 521 359 586 hora
381 543 459 586 cum.
474 542 592 604 sponso
614 519 735 584 morari
756 518 907 586 licebat.“
950 523 1124 590 Gemaram

49 620 271 703 Babylonicum
292 622 345 685 hic
370 620 442 686 falli
462 641 630 704 ponamus,
655 620 814 702 numquid
836 641 876 684 ex
898 641 935 685 eo
957 631 1122 706 sequetur,

49 741 154 784 omnes
188 741 320 803 sponsas
359 719 658 798 indiscriminatim,
700 718 800 784 etiam
838 718 927 798 illas,
968 743 1051 804 quae
1089 723 1124 788 in

49 819 164 902 templo
194 819 383 898 alebantur,
422 819 548 901 sponsis
579 819 615 882 in
653 817 836 883 custodiam
866 817 968 884 fuisse
1005 821 1123 886 datas?

51 918 207 994 Quomodo
236 918 313 983 talis
341 917 459 982 asserti
486 917 605 982 veritas
633 923 745 1000 posset
765 916 921 999 probari?
956 918 1008 982 Ad
1028 941 1123 1002 prae-

50 1019 183 1084 cavenda
210 1023 347 1100 peccata
368 1016 515 1081 Ecclesia
544 1016 603 1081 sub
626 1015 739 1098 poenis
768 1016 965 1098 gravissimis
995 1039 1123 1101 semper

48 1117 221 1198 prohibuit,
250 1137 291 1180 ne
320 1115 430 1198 sponsi
458 1121 535 1180 ante
563 1114 808 1180 matrimonium
835 1123 1040 1182 contractum
1061 1118 1122 1182 sub

49 1238 111 1280 uno
136 1217 313 1299 eodemque
333 1214 557 1280 habitaverint
582 1220 681 1278 tecto.
726 1213 824 1293 Quid,
853 1215 1018 1280 Ecclesiae
1048 1238 1123 1299 pro·

48 1322 181 1399 totypus,
204 1337 375 1400 synagoga,
398 1315 599 1380 contrarium
620 1314 803 1397 approbare
825 1316 1006 1397 potuisset?

107 1416 296 1482 Beatissimo
313 1413 413 1496 Virgo
431 1419 523 1496 post
540 1413 760 1478 discessum
778 1434 798 1477 a
816 1413 964 1496 templo
982 1416 1122 1481 statim

48 1511 242 1587 habitavit
286 1535 371 1579 cum
416 1535 440 1578 s.
479 1512 628 1597 Joseph
672 1519 711 1578 ct
751 1513 909 1596 quidem
953 1521 997 1580 ut
1030 1516 1122 1599 ejus
1206 1599 1208 1604 Ι

51 1614 193 1696 conjux.

106 1713 252 1796 Plerique
281 1710 500 1794 antiquissimi
528 1731 566 1775 ao
593 1711 774 1792 gravissimi
794 1711 923 1791 Patres,
952 1713 1124 1795 speciatim

49 1831 72 1874 s.
104 1812 355 1895 chrysostomus,
367 1811 391 1891 1)
424 1831 448 1874 s
482 1809 663 1874 Germanus
696 1809 1122 1893 constantinopolitanus,²)

49 1931 71 1974 s.
101 1911 296 1989 Bernardus‚
310 1911 335 1994 3)
371 1908 603 1992 Euthymius4)
639 1909 761 1992 aliique
795 1916 881 1975 teste
918 1911 1123 1995 Stengelior)

50 2017 228 2086 constanter
260 2030 444 2088 asseruere,
483 2009 706 2074 beatissimam
737 2009 904 2093 Virginem
935 2012 1048 2076 statim
1080 2012 1122 2076 ab

49 2107 134 2173 initio
156 2109 311 2193 conjugii,
341 2108 429 2192 quod
456 2108 592 2190 contigit
620 2108 653 2171 in
683 2107 827 2174 discessu
853 2129 873 2173 a
899 2110 1038 2193 templu,
1066 2111 1122 2176 Jo-

50 2207 139 2289 scpho
170 2207 329 2272 traditam
362 2213 395 2272 et
423 2227 498 2271 mox
525 2206 567 2270 ab
595 2206 666 2289 ipso
695 2206 915 2272 Nazarethum
947 2208 1121 2274 deductam
1235 2279 1238 2285 ,

50 2303 140 2370 fuisse
160 2307 272 2389 ibique
290 2306 324 2370 in
346 2305 450 2384 domo,
468 2306 526 2370 ubi
542 2305 779 2370 Incarnationis
796 2309 988 2390 mysterium
1005 2317 1121 2391 postea

50 2411 208 2483 peractum
252 2411 286 2469 et
325 2407 408 2488 quae
450 2426 537 2469 nuuc
574 2404 710 2469 Laureti
748 2405 813 2470 sita
856 2413 922 2486 est,
967 2429 1040 2472 cum
1082 2431 1120 2474 co

49 2501 212 2568 habitasse.

103 2603 149 2669 Nc
170 2604 327 2688 objiceas,
355 2603 386 2667 b.
408 2602 583 2684 Virginem,
614 2601 744 2684 quando
767 2623 806 2666 cx
828 2603 923 2668 domo
945 2605 1121 2672 Zachariae

50 2702 187 2783 redierit,
218 2724 283 2767 non
312 2702 377 2767 dici
405 2723 567 2766 reversam
593 2701 628 2764 in
657 2701 788 2766 domum
814 2703 835 2767 J
841 2704 978 2786 oscph,
1008 2705 1121 2770 sedin

51 2798 169 2867 domum
200 2803 323 2868 suam!
363 2801 478 2866 Nonne
511 2800 625 2866 domus
657 2801 769 2866 mariti
801 2807 834 2866 et
863 2802 977 2868 domus
1010 2805 1120 2870 uxoris

49 2918 106 2964 una
131 2891 310 2984 cademque
339 2901 453 2966 domus
480 2899 567 2965 fuit?
602 2900 689 2964 Dum
717 2921 792 2983 ergo
821 2901 955 2981 dicitur,
985 2902 1121 2970 rediisse

50 2996 79 3061 in
111 3000 240 3066 domum
276 3021 383 3079 suam,
423 3006 575 3065 censetur
613 3000 713 3064 etiam
750 3021 879 3065 reversa
918 3001 951 3064 in
989 3001 1120 3070 domum

50 3117 71 3160 s.
90 3099 227 3184 Josephi.

102 3198 157 3277 At,
188 3199 356 3282 inquiunt,
387 3197 466 3263 licet
494 3180 595 3261 Maria
628 3203 662 3262 et
681 3197 803 3280 Joseph
832 3219 897 3262 non
925 3199 1039 3263 statim
1067 3221 1120 3265 co-

50 3292 273 3377 habitaverint,
303 3303 415 3362 tamen
435 3297 523 3361 inter
553 3295 628 3360 illos
655 3297 859 3362 intercedere
889 3304 1022 3381 poterat
1043 3298 1121 3365 talis

51 3391 252 3476 familiaritas
276 3418 360 3480 quac
383 3418 511 3461 omnem
531 3395 705 3478 impediret
725 3395 902 3475 infamiam,
925 3399 1120 3481 praesertim

51 3493 74 3555 si
91 3517 112 3559 s.
129 3497 251 3580 Joseph
273 3519 347 3561 cum
364 3495 470 3560 Maria
490 3496 525 3559 in
547 3495 679 3559 domum
696 3496 871 3560 Zachariae
893 3497 1040 3562 ascendit
1059 3498 1120 3562 ibi-

52 3611 104 3672 que
123 3603 291 3678 tamquam
311 3596 345 3659 in
366 3594 462 3660 domo
484 3594 591 3658 aliena
613 3616 686 3658 cum
706 3595 839 3678 Virgine
860 3596 1037 3661 habitavit!
1070 3597 1120 3661 Ex

50 3688 90 3769 iis,
112 3715 191 3776 quac
213 3717 313 3778 snpra
335 3695 490 3773 diximuS,
510 3695 579 3778 jam
599 3701 754 3778 apparet,
778 3716 876 3777 quam
897 3695 1017 3760 stolida
1038 3696 1119 3762 haec

52 3839 233 3857 Ἢ-

107 3926 125 3992 1)
141 3927 175 3982 lu
192 3927 292 3982 Matth.
310 3926 384 3980 hcm.
402 3925 449 3982 IV.
488 3926 511 3992 2)
528 3925 560 3978 ln
578 3926 691 3982 VitaB.
708 3925 841 3996 Virginis.
875 3926 896 3992 l)
914 3925 1002 3995 Super
1018 3927 1119 3982 Missus

51 3999 111 4063 hum.
128 4009 163 4064 11.
194 4012 216 4078 ⁴)
234 4009 267 4064 In
282 4008 383 4065 Mutth.
400 4023 443 4077 cp.
462 4005 482 4064 l.
515 4009 538 4074 5)
556 4007 718 4064 Historias.
737 4007 851 4077 Jcsephi
868 4025 911 4076 op.
930 4007 979 4064 Ill.
