2718 4556
560 360 620 421 373

65 523 180 587 nomine
207 519 450 598 circumfertur,
481 513 678 584 credendum
706 525 770 598 est,
800 519 857 584 ubi
884 520 1043 603 scriptum
1071 525 1130 598 est,

67 621 92 684 b.
112 621 272 704 Virginem
298 619 384 684 forte
413 618 455 682 ad
475 617 701 691 hauriendam
718 618 834 682 exiisse
864 639 998 701 aquam,
1031 637 1132 701 quum

65 719 106 782 illi
132 719 269 802 Angelus
298 717 460 801 apparuit.
509 717 693 799 Utrumque
726 717 810 781 enim
843 724 883 802 et
903 717 1130 800 Evangelistae

65 826 93 882 et
111 819 250 901 antiquis
273 817 421 882 omnibus
442 822 604 900 repugnat
625 815 844 880 auctoribus.“

544 1032 576 1115 5.
599 1029 632 1098 5.

321 1179 374 1243 De
404 1199 427 1240 s.
456 1177 620 1260 Josephi
642 1177 859 1242 anxietate.

117 1328 227 1392 Tribus
248 1326 317 1390 fere
335 1325 500 1390 mensibus
521 1325 639 1407 elapsis
661 1325 701 1389 ab
721 1324 857 1389 aedibus
869 1335 902 1388 s.
921 1320 1130 1389 Elisabethae

65 1425 218 1490 discedens
240 1427 274 1488 in
295 1425 426 1489 domum
447 1446 539 1488 suam
560 1424 660 1488 rediit
680 1424 868 1512 beatissima
886 1423 994 1505 Virgo.
1028 1422 1130 1499 Quam

64 1545 151 1605 quum
181 1524 347 1607 gravidam
379 1524 589 1606 comperisset
626 1545 650 1587 s.
683 1522 819 1604 Joseph‘,
862 1523 1011 1606 quisnam
1042 1520 1129 1585 solli·

64 1619 228 1686 citudinem
261 1622 459 1710 describere,
494 1623 642 1705 quisnam
674 1622 874 1686 anxietatem
906 1623 975 1704 ejus
1006 1620 1130 1703 poterit

65 1723 231 1804 exprimere
267 1722 507 1804 gravissimam?
547 1720 702 1804 Propriae
742 1721 889 1786 conscius
923 1719 1128 1802 virginitatis,

64 1821 194 1904 conjugis
231 1843 308 1885 suae
340 1828 471 1885 uterum
508 1821 596 1885 videt
634 1821 913 1886 intumescentem.
962 1818 1129 1901 Numquid

65 1920 251 1984 existimabit
273 1942 344 1984 eam
366 1920 507 2001 conjugii
524 1919 745 1984 violatricem?
767 1919 811 1985 At
829 1919 973 2002 conjugis
990 1919 1129 1982 virtutes

64 2017 329 2099 splendidissimae
346 2018 395 2081 illi
414 2017 505 2082 fuere
524 2024 681 2101 pernotae
703 2019 743 2083 ab
764 2019 897 2102 ejusque
919 2017 1062 2082 moribus
1080 2016 1128 2079 in·

65 2117 281 2199 culpatissimis
303 2124 371 2182 tam
388 2117 653 2200 persuasissimus
675 2116 747 2195 fuit,
766 2123 803 2181 ut
822 2117 902 2183 talia
922 2137 963 2180 ne
986 2115 1129 2198 cogitare

66 2216 183 2296 quidem
213 2217 368 2300 potnerit.
421 2215 520 2281 Videt
554 2221 685 2280 uterum
719 2215 1004 2280 intumescentem!
1045 2212 1129 2292 Quid

67 2313 185 2393 mirum,
219 2315 350 2397 quando
378 2314 429 2378 vel
458 2314 578 2398 invitus
609 2321 781 2397 raperetur
809 2315 850 2378 ad
878 2313 1129 2397 suspicandum?

67 2410 121 2476 Sed
150 2415 336 2478 continetur
370 2413 570 2497 nimiumque
602 2413 689 2478 inter
723 2420 898 2496 utrumque
929 2434 1059 2496 pressus
1091 2434 1129 2477 ac

66 2511 257 2578 conflictatus
286 2513 325 2576 de
357 2513 491 2595 conjuge
521 2512 715 2577 dimittenda
743 2513 875 2595 cogitat.
925 2513 1130 2595 Inquiramus

64 2611 208 2690 rationes,
242 2633 301 2676 cur
329 2633 352 2676 s.
380 2611 502 2694 Joseph
532 2611 563 2675 b.
592 2611 758 2693 Virginem
787 2611 952 2676 dimittere
979 2611 1128 2676 volucrit.

64 2706 179 2792 Triplex
199 2709 262 2774 hac
284 2709 324 2774 de
345 2731 380 2774 re
403 2716 516 2774 exorta
539 2717 589 2774 est
609 2710 697 2774 inter
717 2710 885 2793 theologos
907 2711 1080 2774 sententia.

467 2891 654 2956 Sentent.
686 2892 717 2956 I:
838 2942 840 2946 .

123 3039 151 3104 S.
179 3036 336 3120 Joseph
369 3037 588 3103 dimittere
620 3006 759 3104 voluit
790 3039 820 3103 b.
851 3039 1079 3123 Virginem,

252 3137 496 3219 suspicione
525 3131 678 3204 ductus
707 3139 924 3204 adulterii.

115 3285 274 3352 Probatur
298 3292 325 3350 1.
349 3308 395 3351 ex
417 3309 440 3351 s.
464 3288 704 3370 Scriptura:

116 3405 142 3448 a.
174 3385 349 3468 „Joseph
377 3392 515 3450 autem
535 3387 597 3450 vir
625 3386 721 3468 ejus,
744 3387 853 3469 inquit
873 3385 1127 3468 Evangelista,¹)

66 3499 170 3560 quum
201 3491 315 3549 esset
344 3486 484 3566 justus
517 3490 558 3549 et
588 3484 723 3549 nollet
755 3505 839 3549 eam
870 3484 1127 3550 traducere.“

65 3577 125 3643 Vox
154 3583 415 3664 „traducere“
448 3584 596 3667 designat
625 3583 677 3648 vel
705 3583 745 3648 de
773 3584 844 3648 loco
872 3584 906 3648 in
933 3583 1041 3649 locum
1070 3583 1128 3647 ali·

67 3697 149 3758 quem
165 3683 342 3748 transferre
363 3683 414 3747 vel
432 3683 644 3765 ignominiose
662 3682 804 3766 aliquem
825 3705 987 3762 accusare,
1007 3683 1128 3746 infame

67 3782 194 3846 ostentui
232 3804 306 3847 eum
344 3781 481 3860 habere,
522 3781 663 3845 infamia·
695 3781 831 3846 afficere.
888 3781 1129 3864 Evangelistam

69 3919 247 3936 Ἁσ-

122 3995 139 4060 ¹l
156 3995 252 4052 natan.
271 3997 291 4060 1,
311 3997 350 4050 19.
