2726 4560
549 374 587 434 73

55 533 215 618 intemplo
242 532 398 613 sobolem,
427 532 463 598 id
481 515 596 599 nostra
623 533 852 613 etiamdum,
882 555 982 618 quum
1010 533 1108 600 simili

54 633 135 698 modo
158 633 318 699 laboraret
345 653 384 697 ac
412 632 526 698 eodem
553 631 690 698 remedii
717 651 835 714 genere
862 639 1028 712 uteretur,
1059 632 1107 699 fe·

52 733 142 797 liciter
165 739 214 796 est
240 737 428 811 consecuta,
458 753 517 814 pro
540 731 700 798 Samuele
717 729 856 796 Mariam
882 753 1006 797 summo
1036 732 1106 798 Deo

53 831 182 896 dedicans
208 851 246 895 ac
274 829 457 912 intemplo
486 828 723 894 instituendam
749 829 966 913 relinquens.“
1010 831 1109 897 Dedi-

52 931 120 994 carit
138 951 210 1013 ergo
231 936 338 994 mater
358 928 460 994 filiam
480 950 573 994 suam
595 929 657 994 Dei
678 927 843 1010 obsequio.
862 957 864 962 ·

100 1029 197 1106 Quare
219 1049 244 1093 s.
262 1027 488 1108 Germanus,
511 1027 891 1110 Constantinopolitanae
911 1028 1108 1112 patriarcha,

52 1148 70 1190 s.
87 1126 201 1192 Annam
229 1126 273 1192 ad
300 1126 386 1194 huno
414 1126 546 1192 modum
574 1126 762 1208 loquentem
789 1125 931 1192 inducit:
946 1128 970 1210 ¹)
1002 1126 1108 1209 „Vota

51 1246 107 1290 mea
134 1225 235 1290 reddo
268 1225 422 1303 Domino,
460 1246 544 1307 quae
580 1224 800 1289 distinxerunt
831 1224 919 1290 labia
949 1247 1038 1303 mea,
1075 1230 1109 1289 et

52 1323 197 1407 Virginum
228 1311 376 1390 catenias
407 1325 498 1408 coegi
529 1347 602 1389 oum
634 1322 840 1406 lampadibus
872 1330 906 1390 et
938 1325 1109 1390 convocavi

51 1425 230 1503 recordatae,
264 1425 456 1507 congregavi
487 1430 641 1507 cognatos
673 1444 777 1501 meos,
811 1423 959 1489 omnibus
988 1423 1107 1502 dicens,

50 1522 300 1606 congratulamini
330 1521 425 1601 mihi,
462 1523 550 1605 quod
584 1522 681 1587 hodie
714 1528 819 1586 mater
854 1528 888 1586 et
918 1523 1110 1606 productrix

50 1621 144 1688 effecto
171 1645 260 1702 sum,
289 1642 355 1688 non
382 1629 421 1686 ut
448 1622 517 1705 regi
545 1629 675 1686 terreno
703 1642 809 1686 meam
838 1620 977 1686 offerens
997 1621 1107 1700 filiam,

50 1721 96 1785 sed
120 1723 187 1787 Deo
220 1721 386 1786 coelesti“
435 1721 625 1785 Plenissime
658 1721 820 1785 consentit
852 1720 1007 1786 Simeon
1038 1719 1110 1784 Me·

50 1821 263 1903 taphrastes
291 1821 338 1885 ita
366 1822 545 1903 testans:²)
575 1820 701 1901 „Quum
726 1820 795 1903 jam
815 1819 970 1884 crevisset
990 1817 1108 1901 puella,

50 1927 136 1983 mater
155 1941 227 1984 eam
250 1919 319 1983 Deo
341 1919 492 1998 tradidit,
521 1919 715 2002 promissum
741 1919 889 2002 implevit
910 1925 944 1983 et
964 1917 1007 1982 ad
1027 1923 1110 1983 tem·

51 2017 124 2099 plum
157 2019 305 2084 adduxit.
360 2019 552 2085 Sacerdotes
589 2025 700 2084 autem
736 2018 868 2083 interim
905 2017 1036 2100 quidem
1068 2016 1112 2080 ad

52 2117 278 2186 similitudinem
297 2119 455 2185 Samuelis
476 2120 563 2184 inter
584 2125 713 2183 sanctos
736 2118 921 2183 educabant
937 2116 1110 2200 puellam.“

52 2216 155 2293 Quibus
171 2217 322 2284 omnibus
339 2225 571 2284 consonantem
587 2218 732 2283 videmus
750 2217 982 2300 Gregorium
1000 2216 1110 2280 Nico-

49 2316 286 2383 mediensem:
299 2318 324 2401 3)
357 2319 514 2401 „Mariam
545 2339 647 2401 quum
677 2317 812 2382 tertium
841 2315 959 2380 aetatis
991 2335 1112 2379 annum

52 2423 156 2497 ageret,
185 2439 206 2482 a
227 2417 418 2499 parentibus
439 2417 473 2481 in
494 2417 652 2500 templum
673 2414 849 2481 adductam
871 2421 904 2480 et
926 2415 995 2479 Deo
1017 2413 1113 2479 simul

51 2514 190 2595 oblatam,
220 2517 256 2581 in
283 2516 404 2599 templo
433 2516 475 2581 ad
502 2515 677 2581 secundam
704 2520 848 2579 aetatem
875 2535 978 2598 usque
1003 2533 1113 2596 perse·

51 2637 174 2697 rorasse,
208 2617 317 2682 divino
349 2638 465 2700 nempe
497 2616 631 2682 consilio
659 2615 803 2698 puellam
833 2612 1028 2677 mirabiliter
1055 2631 1113 2694 gu·

50 2712 199 2795 bernonis,
222 2723 261 2781 ut
281 2717 339 2781 illa
358 2736 423 2781 non
444 2723 566 2781 temere
591 2715 634 2781 ad
656 2735 736 2797 opus
758 2713 820 2778 Dei
841 2712 1017 2777 maximum
1037 2710 1113 2774 inde

52 2813 83 2876 ab
98 2815 187 2881 initio
206 2815 364 2881 destinari
381 2838 420 2881 ac
439 2815 596 2898 singulari
613 2814 722 2879 studio
740 2818 873 2896 praeter
889 2811 977 2876 illius
994 2810 1114 2874 aetatis
1146 2845 1149 2851 ·

53 2915 304 2980 consuetudinem
323 2915 514 2998 praeparari
535 2913 730 2978 videretur.“

102 3014 289 3098 Dionysio
316 3013 583 3079 Canthusiano
612 3010 874 3076 decentissimum
899 3007 1114 3090 videbatur,⁴)

53 3119 98 3192 „ut
116 3113 301 3196 praeelecta
322 3112 491 3194 concipere
510 3111 684 3177 Dominum
704 3108 827 3191 templi,
846 3109 880 3172 in
900 3107 971 3190 ipso
993 3106 1115 3188 templo

54 3218 282 3277 consecraretur
313 3206 611 3294 obsequeret'urque
641 3209 793 3286 Domino,
831 3215 865 3272 et
892 3227 984 3272 suam
1011 3203 1115 3268 infan-

53 3309 119 3373 tiam
137 3311 171 3374 in
191 3309 356 3375 exercitiis
383 3309 581 3392 expenderet
607 3309 707 3373 sacris
734 3314 832 3390 atque
854 3305 976 3386 ibidem
995 3304 1116 3369 instru-

54 3417 147 3473 eretur
165 3409 260 3474 libris
282 3409 433 3474 sanctis.“
475 3407 541 3473 Nec
563 3407 735 3490 displiceat
755 3406 857 3471 citare
884 3403 1116 3470 Fulbertum

54 3527 187 3590 expresse
219 3508 394 3588 fatentem,
433 3529 466 3573 se
498 3508 690 3591 apocryphis
721 3507 814 3572 libris
845 3506 976 3571 minime
1011 3503 1116 3582 inniti,

54 3611 147 3671 tamen
168 3608 209 3672 de
230 3607 261 3671 b.
276 3608 418 3691 Virginis
438 3606 704 3672 Praesentatione
725 3605 773 3672 ita
794 3605 1021 3670 disserentem:
1044 3602 1118 3685 „lta

109 3856 128 3922 ¹)
143 3855 231 3911 Serm.
251 3855 288 3910 de
306 3854 446 3909 Pmesout.
463 3853 594 3922 Virginis.
635 3852 657 3920 ²)
675 3852 707 3906 ln
729 3852 802 3905 libro
826 3850 861 3905 de
885 3855 948 3905 ortu
973 3855 1003 3905 et
1019 3849 1118 3904 educo·

55 3935 117 3992 tione
132 3939 276 4008 Deiparae.
316 3937 337 4004 8)
358 3937 438 3992 Hom.
461 3937 496 3990 do
521 3936 661 3990 oblatione
679 3935 802 4005 Virginis
824 3935 854 3988 in
875 3935 988 4003 templo.
1030 3936 1052 4002 ⁴)
1076 3933 1118 3988 Do

56 4024 187 4086 praeconio
205 4025 235 4076 et
250 4021 388 4090 dignitate
406 4019 511 4074 Mariae
527 4018 577 4073 lib.
594 4017 615 4085 l,
632 4022 684 4073 ert.
702 4021 742 4072 12.
