2728 4554
549 356 608 417 395

55 537 153 580 verum
179 515 345 598 inquietus
374 523 440 595 est,
472 516 574 581 donee
602 516 746 582 inveniat
767 516 911 597 sodales,
944 518 1063 602 quibus
1084 541 1118 584 se

54 617 145 698 possit
166 615 413 680 communicare.

106 714 332 780 Naturales
361 713 449 803 quod
469 714 591 779 attinet
611 715 770 793 rationes,
800 715 989 780 beatissima
1009 717 1118 799 Virgo,

55 821 198 896 cognatae
220 802 298 878 suae
315 813 486 878 Elisabeth
507 813 547 878 de
569 821 728 897 conceptu
750 821 818 879 tam
839 815 1024 879 admirabili
1046 837 1121 880 oon-

54 914 213 995 gratulari‘
231 913 345 995 illique
371 912 483 995 partui
509 912 633 977 vicinae
665 919 827 978 statuerat
854 913 1018 978 inservire.
1067 915 1122 978 lta

55 1033 192 1095 expresse
215 1010 332 1077 docent
354 1032 394 1075 ss.
417 1010 540 1075 Patres.

78 1161 85 1170 ,
107 1111 283 1176 Audiamus
303 1111 390 1174 inter
411 1109 492 1174 alios
521 1109 551 1173 d.
573 1109 842 1174 Ambrosium.
889 1111 975 1193 „Ubi
996 1113 1122 1178 audivit

54 1209 106 1275 hoc
125 1211 238 1289 Maria,
261 1209 377 1292 inquit,
388 1208 412 1292 l)
441 1199 506 1273 non
531 1210 624 1292 quasi
645 1209 813 1273 incredula
830 1209 875 1274 'de
897 1211 1038 1291 oraculo,
1060 1228 1140 1276 nec·

55 1311 137 1391 quasi
156 1311 283 1374 incerta
306 1309 499 1387 denuncio,
529 1331 588 1372 nec
611 1308 703 1391 quasi
727 1308 879 1373 dubitans
902 1310 941 1374 de
964 1312 1120 1395 example,

55 1410 103 1473 sed
130 1409 223 1493 quasi
246 1409 341 1472 'laeta
369 1430 428 1490 pro
458 1416 548 1486 voto,
582 1407 734 1490 religiosa
761 1429 820 1490 pro
849 1406 967 1487 officio,
1001 1408 1122 1474 festina

55 1519 111 1588 pro'
131 1507 263 1591 gaudie,
293 1507 326 1570 in
354 1513 508 1572 montana
534 1507 708 1590 perrexit.“
752 1507 941 1588 ,Didicistis
963 1507 1120 1590 Virgines,

55 1613 154 1670 monet
174 1606 262 1670 idem
283 1605 498 1688 s.·Doctor,2)
520 1605 677 1688 pudorem
701 1605 833 1684 Mariae,
857 1606 971 1670 discite
992 1607 1122 1671 humili-

55 1710 160 1768 tatem:
181 1706 271 1769 venit
288 1705 470 1788 propinqua
492 1705 534 1768 ad
551 1705 740 1786 proximam,
755 1703 866 1786 junior
887 1705 928 1769 ad
947 1705 1120 1785 seniorem;

56 1824 106 1867 neo
134 1804 238 1868 solum
264 1805 368 1881 venit,
399 1803 456 1867 sed
478 1803 577 1867 etiam
597 1803 687 1884 prior
711 1803 882 1882 salutavit3
911 1803 1006 1869 decet
1026 1805 1120 1882 enim,

5 1935 8 1942 =
54 1907 87 1964 ut
113 1909 233 1984 quanto
263 1903 386 1966 castior
413 1903 517 1985 virgo,
535 1908 640 1966 'tanto
661 1901 815 1965 humilior
842 1903 900 1979 sit,
930 1903 1121 1986 noveritque

55 1999 198 2066 honorem
222 2001 349 2066 deferre
377 2001 574 2066 senioribus:
605 2002 648 2066 sit
669 2001 826 2084 magistra
846 2001 1058 2080 humilitatis,
1088 2003 1122 2066 in

57 2121 113 2182 qua
144 2108 192 2166 est
220 2100 379 2184 professio
412 2101 589 2164 veritatis.“
637 2099 826 2164 Plenissime
859 2102 1019 2166 consentit
1050 2123 1120 2166 ren.

55 2199 169 2266 Beda:
200 2201 367 2283 „Intravit
398 2201 513 2284 inquit,
524 2202 548 2281 ³)
577 2200 676 2284 Virgo
700 2200 830 2264 domum
851 2199 1034 2279 Zachariae,
1057 2223 1122 2265 non
1164 2228 1166 2233 ·

55 2305 86 2362 ut
115 2300 247 2363 verbum
274 2289 389 2382 Angeli
420 2301 565 2365 mulieris
597 2301 830 2365 attrectatione
862 2299 1032 2383 probaret,
1066 2301 1135 2365 sed·

55 2403 86 2460 ut
104 2398 231 2462 mulieri
250 2405 423 2492 provectae
452 2400 571 2465 aetatis
593 2399 691 2482 Virgo
712 2399 885 2483 juvencula
907 2399 1124 2464 ministerium

56 2497 159 2561 sedula
178 2497 412 2582 impenderet.“
1084 2525 1086 2530 ·

340 2725 352 2756 .
539 2679 628 2767 §.a

279 2812 356 2876 ·De
385 2811 585 2876 comitatu
613 2811 643 2876 b.
673 2809 864 2893 Virginis.

111 2941 138 3006 S.
157 2943 365 3026 Evangelista
386 2965 486 3026 quum
506 2942 567 3006 hac
590 2941 629 3006 de
652 2943 842 3025 quaestione
863 2941 944 3004 nihil
966 2942 1122 3019 docuerit,

55 3035 81 3100 b.
101 3041 264 3124 Virginem
285 3043 465 3125 perrexisse
493 3042 596 3106 solam
623 3041 674 3106 vel
695 3042 838 3125 aliquam
864 3047 1047 3104 matronam
1067 3040 1125 3104 ha·

56 3135 155 3205 buisse
177 3143 306 3216 sociam,
329 3141 462 3224 quidam
484 3141 671 3206 existimant
690 3140 844 3222 theologi.
889 3140 998 3204 Solam
1018 3139 1123 3217 ivisse,

56 3240 196 3321 congruit
235 3241 404 3324 mysterio,
446 3239 533 3322 quod
571 3246 649 3303 tune
688 3239 776 3303 Deus
815 3238 945 3304 volebat
982 3259 1052 3302 esse
1090 3238 1124 3302 in

58 3339 191 3419 0001111ος
213 3341 309 3404 ivisse
331 3361 402 3404 eam
424 3361 497 3404 cum
518 3339 645 3419 comite,
665 3339 775 3422 aliqua
796 3326 950 3420 prudenti
971 3338 1124 3419 gravique

57 3432 181 3518 femina,
211 3438 353 3521 Virginis
381 3438 499 3521 pudori
527 3460 565 3502 ac
593 3438 759 3503 honestati
790 3437 947 3501 convenit.
997 3436 1078 3500 Aliis
1107 3456 1124 3500 e

58 3543 161 3600 contra
188 3538 319 3601 videtur
345 3537 575 3619 improbabile,
605 3558 628 3600 s.
651 3536 669 3600 J
678 3535 878 3619 osephum,
909 3556 1063 3617 sponsum
1092 3540 1125 3598 et

59 3637 223 3715 custodem,
247 3637 332 3720 ejus
355 3637 538 3702 comitem
559 3657 638 3699 non
661 3635 796 3700 fuisse.
838 3635 1053 3717 Inspiciamus
1074 3655 1125 3698 ar-

59 3741 208 3814 gumenta,
231 3735 349 3820 quibus
371 3743 510 3819 utraque
533 3735 658 3799 nitatur
679 3734 851 3799 sententie.

58 3857 241 3872 *Q—

117 3919 134 3984 ¹)
158 3918 346 3974 1111111111.
369 3918 405 3984 ll,
430 3907 549 3972 1111100.
574 3933 601 3971 11.
626 3917 665 3970 19.
706 3916 727 3979 ²)
752 3913 784 3968 ln
808 3914 873 3968 Luc.
898 3914 948 3968 lib.
975 3912 1009 3980 ll,
1034 3931 1061 3968 n.
1086 3915 1129 3966 22.
1237 3951 1240 3960 .

59 3997 77 4062 ³)
92 3998 165 4058 llom.
182 4000 218 4055 de
236 4001 315 4059 Visit.
