2782 4554
747 349 806 408 566

236 508 360 574 civitas.
410 507 518 586 Quum
549 508 635 574 enirn
664 508 803 574 Romani
831 529 942 574 omnes
974 515 1088 592 gentes
1116 511 1181 575 sibi
1210 512 1319 596 subju-

235 615 380 690 gassent,
411 607 572 672 tributum
594 607 641 673 eis
669 608 896 691 imposuerunt
917 629 955 672 eo
984 614 1114 688 tenore,
1144 616 1184 675 ut
1206 612 1319 694 quinto
1380 647 1381 660 κ

216 727 365 790 ,quoque
394 727 479 771 anno
508 707 595 772 idem
623 707 785 772 tributum
813 706 1009 785 solveretur,
1040 729 1104 790 quc
1134 708 1268 792 expleto
1292 717 1320 775 et

235 827 333 870 censu
363 806 531 889 persoluto
559 807 600 872 ab
622 807 710 871 omni
730 805 866 889 populo,
899 813 939 871 ut
958 806 1083 872 dictum
1105 814 1169 886 est,
1200 808 1320 873 Civitas

234 904 439 972 lustrabatur
460 912 494 971 et
516 906 577 970 diis
598 906 748 972 manibus
770 905 929 970 sacrificia
956 904 1152 983 offerebant,
1183 929 1320 990 quorum

235 1003 357 1068 auxilio
387 1011 420 1070 et
442 1005 564 1070 virtute
592 1011 700 1070 totum
729 1004 841 1070 orbem
870 1027 905 1070 se
934 1005 1124 1089 subjugasse
1146 1007 1318 1088 putabant.
1381 1053 1382 1066 ,

236 1102 340 1179 Quam
356 1103 519 1168 lustrandi
536 1103 740 1168 occasionem
755 1124 896 1186 congrue
916 1111 950 1168 et
965 1104 1116 1187 religiose
1133 1105 1319 1171 Christiana

234 1203 373 1267 mutavit
395 1203 525 1286 religio,
556 1225 656 1286 quum
685 1203 799 1268 eodem
821 1224 945 1280 mense,
974 1204 1049 1268 hoe
1065 1210 1130 1282 est,
1162 1204 1318 1270 hodierna

235 1300 287 1365 die
317 1302 349 1365 in
379 1302 535 1368 honorem
563 1325 587 1366 s.
612 1303 674 1366 Dei
702 1302 877 1368 Genitricis
907 1309 941 1368 et
969 1309 1149 1386 perpetuae
1178 1303 1318 1387 Virginis

235 1399 367 1478 Mariae,
387 1421 451 1466 non
470 1401 575 1466 solum
594 1403 717 1481 Clarus,
737 1403 792 1467 sed
813 1410 847 1468 et
865 1403 968 1467 omnis
987 1403 1079 1486 plebs
1097 1403 1319 1469 Ecclesiarum
1382 1458 1383 1486 ,

233 1498 306 1564 loca
344 1523 418 1566 cum
457 1502 559 1566 cereis
599 1508 632 1567 et
668 1502 803 1567 diversis
838 1502 964 1585 hymnis
999 1502 1220 1569 lustrantibus
1261 1505 1319 1568 cir·
1382 1490 1383 1530 ³

234 1607 405 1677 cumeunt,
437 1622 503 1664 non
528 1601 595 1683 jam
627 1601 662 1664 in
690 1601 879 1666 memoriam
910 1601 1033 1665 terreni
1060 1602 1195 1684 imperii
1229 1604 1319 1686 quin-

235 1720 406 1781 quennem,
424 1700 482 1764 sed
498 1698 539 1764 ob
558 1699 817 1765 recordationem
835 1698 986 1764 coelestis
1002 1701 1094 1782 regni
1111 1703 1318 1783 perennem‚“

234 1797 401 1864 Hactenus
431 1823 454 1864 s.
477 1799 701 1883 ildephonsus.
744 1802 904 1864 Auctores
932 1821 953 1863 a
980 1799 1121 1865 Beronio
1151 1801 1320 1866 Cardinali

234 1896 287 1962 hic
320 1899 550 1966 dissentientes
585 1922 651 1965 non
687 1899 819 1982 quidem
855 1899 888 1963 in
924 1899 1060 1965 dubium
1091 1906 1263 1982 revocant,
1301 1923 1320 1964 a

236 1997 367 2064 Gelasio
397 1999 578 2082 lupercalia
599 2001 731 2066 sublata
753 2022 840 2078 esse,
869 2001 927 2065 sed
956 2001 1174 2078 contendunt,
1213 2022 1255 2066 ex
1283 2022 1320 2066 eo

233 2096 420 2164 nullatenus
442 2101 549 2185 sequi,
578 2099 819 2166 Purificationis
841 2099 962 2164 festum
984 2099 1198 2183 subrogatum
1219 2100 1318 2166 fuisse

234 2195 307 2261 istis
343 2197 592 2280 Lupercalibus,
633 2200 827 2284 praesertim
866 2221 967 2282 quum
1002 2198 1151 2264 Gelasius
1190 2200 1226 2263 in
1262 2221 1318 2264 suo

234 2292 274 2360 de
296 2296 354 2361 illa
382 2297 613 2382 subrogatione
642 2299 875 2374 commentario
904 2298 1092 2363 nullatenus
1120 2299 1318 2366 mentionem

233 2394 359 2462 fecerit.
403 2397 475 2478 Huc
499 2399 641 2477 accedit,
672 2398 775 2483 quod,
805 2399 855 2463 uti
882 2419 982 2482 supra
1010 2397 1229 2478 ostendimus,
1259 2399 1317 2464 hoc

234 2494 356 2561 festum
374 2497 442 2579 jam
464 2498 568 2564 multo
590 2505 689 2564 antea
710 2497 912 2564 celebratum
932 2497 1043 2562 suerit.

295 2601 323 2659 4.
363 2596 637 2664 Processionis
671 2598 912 2664 institutionem
948 2596 1036 2681 quod
1067 2596 1204 2675 attinet,
1239 2618 1315 2662 non·

233 2693 315 2760 nulli
343 2702 495 2780 auctores
524 2719 596 2763 earn
625 2720 645 2763 a
674 2698 785 2781 Sergio
813 2697 902 2780 Papa
929 2702 1094 2779 repetunt.
1137 2696 1176 2760 In
1207 2695 1315 2761 ordine

233 2795 380 2858 Romano
413 2795 498 2859 enim
532 2797 705 2880 sequentia
736 2796 906 2879 leguntur:
943 2796 1013 2878 ,De
1044 2794 1106 2858 hac
1137 2794 1314 2860 festivitate

234 2895 253 2957 i.
274 2915 301 2958 e.
323 2894 449 2978 ὑπάντη
473 2895 605 2960 Domini
630 2902 664 2961 et
688 2895 761 2960 aliis
786 2894 1023 2961 festivitatibus
1040 2900 1175 2958 sanctae
1193 2893 1312 2970 Mariae

233 2993 390 3077 ingestis
419 2994 661 3078 pontificalibus
690 2995 822 3078 legitur,
852 2995 939 3077 quod
962 2992 1093 3076 Sergius
1115 2992 1205 3075 Papa
1225 3013 1312 3076 prae·

233 3093 373 3175 ceperit,
406 3093 539 3159 litanias
566 3093 638 3157 fieri
666 3093 701 3156 in
732 3093 784 3158 die
816 3091 1092 3176 praesentationis
1121 3091 1253 3156 Domini
1281 3091 1311 3153 in

233 3193 365 3276 templo.
415 3190 468 3257 Ita
497 3192 583 3257 enim
612 3194 771 3276 scriptum
800 3201 865 3258 est:
903 3192 949 3256 Ut
977 3192 1010 3255 in
1039 3190 1155 3255 diebus
1183 3191 1310 3255 Annun-

232 3291 380 3357 tiationis
401 3292 548 3370 Domini,
579 3292 793 3357 Dormitionis
821 3313 859 3356 ac
880 3290 1071 3356 Nativitatis
1099 3296 1233 3364 sanctae
1255 3287 1309 3352 Dei

233 3391 408 3456 Genitricis
426 3391 549 3482 Mariae
572 3399 607 3457 et
624 3392 730 3457 sancti
748 3391 916 3470 Simeonis,
936 3390 1024 3476 quod
1045 3389 1173 3475 ὑπάντη
1196 3390 1309 3457 dicitur

232 3511 363 3573 graece,
401 3513 474 3556 cum
510 3490 634 3556 litaniis
670 3498 789 3558 exeant
820 3513 840 3556 a
875 3499 988 3558 sancto
1023 3490 1168 3556 Adriano
1205 3498 1238 3556 et
1271 3487 1308 3554 ad

233 3597 379 3655 sanctam
400 3591 538 3655 Mariam
559 3591 700 3673 populus
722 3597 882 3656 occurrat.
925 3592 1002 3674 Ipsa
1023 3611 1100 3674 ergo
1122 3591 1176 3656 die
1197 3609 1306 3656 aurora

232 3689 429 3754 ascendente
451 3688 609 3772 procedat
630 3690 733 3754 omnis
755 3689 862 3754 clerus
890 3697 924 3755 et
944 3690 1085 3772 populus
1107 3712 1180 3755 cum
1201 3688 1306 3755 litania

233 3795 267 3854 et
295 3788 482 3875 antiphonis
511 3787 553 3852 ad
574 3787 754 3860 Ecclesiam
784 3811 808 3852 s.
832 3787 968 3853 Adriani
997 3796 1207 3872 expectantes
1233 3787 1306 3852 Pou-

233 3887 384 3952 tificem.“
427 3889 480 3952 Ita
509 3888 565 3952 ibi.
609 3888 653 3954 At
685 3887 816 3970 Sergius
841 3887 931 3971 Papa
956 3910 1064 3973 neque
1091 3889 1214 3972 primus
1240 3907 1305 3970 pro·

234 3986 412 4050 cessionem
440 4007 546 4068 neque
575 4007 742 4052 cereorum
771 3987 983 4070 praescripsit
1011 3987 1241 4070 gestationem,
1272 3991 1304 4048 ut
