2730 4564
560 348 617 407 157

63 509 148 573 aits.
177 505 403 589 Gregorius
432 505 768 590 Naziansenns,¹)
798 529 837 572 ex
865 509 972 578 Matre
992 508 1126 592 Virgine

62 609 240 691 concipitur,
274 605 494 688 virginitatem
522 606 611 670 velut
637 605 706 671 lata
733 605 805 690 lege
832 607 986 673 sanciens.
1035 607 1127 673 Post-

63 730 146 790 quam
174 707 323 772 Christus
352 726 392 769 ex
419 703 551 786 Virgine
580 705 752 787 prooessit,
783 713 853 770 tum
881 705 1014 800 effulsit¹
1031 708 1128 772 casti-

107 807 134 870 n'
158 807 185 870 ‘tt

63 829 220 989 modique
242 903 307 968 alio
330 902 436 968 tendit
463 925 487 968 s.
516 903 701 986 Cyrillns
727 903 1126 987 Hierosolymitanns.

62 1005 244 1086 ,Adoretur,
274 1001 429 1085 inquire
462 1002 518 1085 qni
547 1002 587 1066 de
614 1002 745 1085 Virgine
774 1008 871 1068 natus
901 999 1064 1084 Christus,
1083 1007 1128 1069 'et

61 1110 222 1186 agnoscant
260 1101 398 1183 virgines
437 1103 488 1166 sni
526 1109 631 1167 status
670 1102 720 1167 vel
756 1102 925 1185 dignitatis
965 1127 1126 1169 coronam.

61 1205 209 1286 Agnoscat
231 1220 344 1266 eorum
365 1200 445 1265 ordo
467 1209 501 1266 et
522 1201 725 1280 institutum,
749 1202 806 1284 qui
827 1202 927 1266 vitam
948 1203 1128 1268 solitariam

60 1309 154 1384 agunt,
177 1299 342 1366 castitatis
363 1298 515 1382 gloriam3
547 1321 652 1382 neque
674 1301 760 1364 e'nim
780 1300 945 1383 privamur
965 1303 1127 1368 castitatis

60 1400 212 1483 dignitate.
256 1399 294 1463 In
322 1405 434 1463 ventre
463 1398 550 1463 enirn
570 1398 711 1481 Virginis
737 1398 802 1464 fuit
829 1420 944 1464 novem
969 1401 1128 1466 mensium

60 1505 191 1582 tempore
231 1497 415 1564 Servator.“
469 1496 594 1563 Similia
632 1497 736 1562 tradit
774 1519 798 1562 s.
834 1498 855 1563 J
863 1519 1017 1564 oannes
1056 1500 1127 1564 Da-

58 1619 263 1664 mascenus
292 1596 341 1660 ita
362 1595 538 1660 disserens:
552 1596 577 1677 Β)
610 1595 780 1677 ,Christus
809 1596 1003 1679 virginitatis
1024 1597 1129 1681 gloria

59 1717 113 1761 non
132 1696 226 1762 modo
257 1717 297 1760 ex
317 1694 415 1758 Patre
445 1694 513 1758 sine
535 1694 629 1759 initio
658 1701 691 1758 et
713 1695 781 1760 sine
803 1695 941 1760 duorum
970 1717 1128 1762 concursu

59 1797 189 1877 genitus,
213 1794 271 1860 sed
292 1800 327 1858 et
348 1793 443 1857 homo
465 1791 643 1857 secundum
663 1813 722 1857 nos
743 1792 866 1873 factus,
889 1816 987 1877 super
1007 1816 1066 1859 nos
1088 1816 1129 1859 ex

60 1893 178 1977 Virgine
200 1894 269 1959 sine
291 1892 398 1957 alieno
426 1891 588 1958 consortio
618 1892 805 1957 incarnatus
827 1899 890 1958 est:
921 1901 955 1958 et
975 1893 1045 1976 ipse
1066 1894 1128 1957 rir-

58 1991 214 2073 ginitatem
243 2013 353 2056 veram
382 1998 416 2056 et
443 1990 624 2074 perlectam
653 2011 738 2068 esse,
772 1991 806 2055 in
835 2013 869 2056 se
898 1991 968 2074 ipso
997 1991 1128 2057 demon-

58 2093 168 2157 stravit.
212 2090 306 2156 Unde
327 2091 410 2155 hanc
431 2091 525 2155 nobis
546 2090 651 2173 legem
671 2111 737 2154 non
758 2091 885 2169 statuit,
894 2093 921 2173 4)
950 2091 1008 2156 sed
1029 2112 1127 2174 opere

58 2211 107 2254 nos
127 2190 268 2256 erudivit
289 2197 323 2254 et
344 2190 386 2253 ad
407 2189 497 2254 illam
518 2210 576 2254 nos
599 2188 830 2254 confirmavit.“

110 2293 134 2354 2.
158 2289 368 2372 ,Oportebat
383 2289 494 2372 inquit
512 2310 535 2352 s.
554 2287 842 2371 Augustinus&
864 2296 963 2373 capnt
979 2297 1127 2354 nostrum

58 2396 179 2471 propter
206 2386 400 2452 miraculum
431 2388 608 2454 secundum
640 2408 770 2452 carnem
798 2389 888 2452 nasci
915 2387 956 2453 de
984 2389 1125 2472 Virgine,

60 2507 113 2568 quo
134 2486 331 2570 significaret
359 2485 539 2558 membra
568 2507 639 2550 sua
668 2485 716 2550 de
738 2485 910 2568 Virgine
931 2486 1127 2552 'Ecclesia

57 2586 222 2651 secundum
244 2585 402 2669 Spiritum
423 2585 618 2652 nascitura.“
659 2585 765 2662 Quare
788 2585 888 2648 etiam
909 2585 1126 2668 Gregorius

57 2681 212 2768 Magnus
240 2685 289 2748 ita
317 2683 499 2766 disseritzl)
532 2684 645 2766 ,Siout
672 2682 790 2747 Maria
805 2683 971 2748 Christum
998 2685 1127 2767 peperit

56 2781 143 2866 Virgo
165 2791 199 2849 et
219 2790 295 2867 post
316 2790 448 2867 partum
468 2784 657 2866 incorrupta
678 2783 869 2866 permansit,
897 2783 945 2846 ita
966 2789 1000 2848 et
1021 2789 1127 2848 mater

55 2879 189 2949 Ecclesia
216 2882 302 2948 filios
324 2883 386 2947 Dei
414 2883 482 2948 sine
512 2882 623 2947 dolore
652 2887 788 2964 generat
816 2887 849 2946 et
870 2881 969 2964 Virgo
999 2903 1127 2965 semper

55 2977 171 3048 illibata
201 2983 419 3066 perseverat.“
473 2981 611 3063 ,Factus
644 2986 695 3044 est
725 2979 822 3045 homo
854 2980 958 3045 nostri
989 2981 1124 3062 generis,

56 3087 155 3146 monet
181 3103 205 3146 s.
235 3081 326 3159 Leo,
338 3081 362 3163 ⁷)
391 3087 430 3145 ut
457 3101 516 3144 nos
545 3079 672 3144 divinae
700 3085 839 3144 naturae
867 3080 1026 3163 possimus
1055 3101 1125 3145 esse

56 3186 217 3244 consortes
269 3178 449 3262 Originem‚
484 3201 582 3263 quarn
613 3179 751 3260 sumpsit
782 3178 815 3241 in
847 3185 941 3243 utero
972 3179 1124 3262 Virginis,

55 3278 153 3355 posuit
183 3279 217 3343 in
249 3277 341 3342 fonte
368 3276 585 3360 baptismatis.
637 3276 736 3342 Dedit
750 3295 885 3360 aquae,
920 3277 1008 3361 qnod
1034 3278 1126 3344 dedit

55 3377 150 3440 matri.
202 3377 317 3443 Virtus
356 3378 441 3442 enim
473 3375 632 3441 Altissimi
671 3383 705 3440 et
744 3375 950 3440 obumbratio
985 3375 1125 3459 Spiritus

56 3475 164 3553 sancti,
194 3497 278 3561 quae
300 3476 395 3556 fecit,
424 3483 463 3542 ut
483 3476 588 3542 Maria
609 3482 741 3559 pareret
763 3475 981 3553 Salvatorem,
1011 3476 1126 3541 eadem

55 3570 133 3652 facit,
152 3581 188 3640 ut
209 3581 380 3658 regeneret
401 3575 488 3640 unda
510 3574 721 3640 credentem.
741 3623 748 3638 .
767 3623 773 3638 .
793 3623 799 3638 .
823 3574 980 3639 Universa
1001 3595 1126 3640 summa

55 3687 242 3702 ᾖ,

115 3744 132 3809 ¹)
153 3743 193 3798 Do
216 3742 347 3797 laudibus
372 3742 469 3796 Basilii
494 3746 564 3797 orat.
589 3744 628 3794 10.
669 3743 691 3807 ²)
717 3739 858 3795 Cateohes.
880 3738 920 3804 11,
945 3739 980 3792 ad
1004 3739 1125 3795 illumin.

55 3821 72 3880 ³)
93 3823 130 3878 De
151 3825 206 3879 fide
230 3823 386 3879 orthodoxo
407 3825 456 3880 lib.
475 3823 527 3890 IV,
551 3841 594 3893 cp.
612 3825 653 3878 25.
692 3823 714 3889 ⁴)
738 3821 836 3876 Mattlr.
855 3821 933 3886 xlx,
960 3825 998 3877 11.
1039 3823 1061 3888 ⁶)
1084 3823 1125 3877 De

29 3901 176 3984 ¹Virginit.
192 3911 277 3977 cp&
314 3910 338 3975 ο)
361 3907 393 3962 ln
412 3907 455 3962 rs.
472 3910 488 3960 4
505 3905 741 3976 poenitentialem.
781 3906 802 3971 ⁷)
827 3903 914 3960 Serm.
933 3903 956 3959 V
974 3910 1011 3959 et.
1029 3904 1077 3971 Vl,
1095 3905 1125 3960 in

55 3985 135 4046 Natis.
151 3991 271 4046 Domini.
