2718 4556
744 353 805 414 354

244 548 245 552 ¹
296 517 346 582 Ex
369 514 465 581 dictis
485 519 593 598 patet,
625 535 723 596 quam
743 512 936 578 conveniens
964 512 1081 596 luerit,
1110 517 1306 586 beatissimae
1354 507 1355 578 l

229 616 362 700 'Virgini
389 637 449 699 per
468 607 629 697 Angelum
655 612 841 679 Gabrielem
870 613 1138 694 sublimissimum
1165 617 1243 684 illud
1261 620 1306 684 ln·

236 714 434 780 carnationis
455 713 646 797 mysterium
667 712 865 777 annuntiari.

297 813 491 896 Priusquam
522 811 650 894 longius
681 811 925 894 progredimur,
960 811 1072 896 cujus
1102 813 1305 898 dignitatis

237 913 280 978 sit
301 911 443 990 Gabriel,
465 911 631 995 inquirere
652 909 763 975 libeat.

299 1012 349 1078 Ab
362 1011 603 1094 Euangelista1)
621 1009 835 1092 ,Angelus“
851 1009 1054 1075 nominatur:
1075 1011 1238 1092 ,Missus
1256 1019 1307 1077 est

237 1111 410 1194 Angelus
437 1109 602 1176 Gabriel
630 1105 752 1175 a'Deo
779 1109 819 1173 in
846 1108 1053 1175 civitatem
1081 1111 1305 1178 Galilaeae.“

239 1210 428 1289 Quaeritur,
456 1215 568 1274 utrum
596 1207 652 1272 ille
673 1207 716 1272 ad
736 1205 883 1272 infimum
901 1229 946 1278 an
972 1208 1016 1274 ad
1037 1231 1226 1292 supremum
1244 1233 1307 1294 per·

236 1310 342 1374 tineat
374 1308 529 1373 ordinem.
577 1305 714 1372 Plurimi
734 1305 864 1385 Patres,
897 1329 925 1370 r.
954 1327 983 1390 g.
1012 1329 1037 1372 s.
1065 1308 1240 1392 Gregorius
1262 1310 1307 1389 M,

107 1467 109 1470 .
238 1430 262 1474 s.
284 1407 426 1474 Joannes
448 1407 678 1484 Damascenus,
708 1425 732 1470 s.
754 1405 941 1471 Bernardus
963 1426 1004 1470 ex
1032 1428 1216 1491 supremo
1244 1429 1307 1474 eum

14 1555 18 1564 .
131 1583 133 1588 ¹
236 1505 338 1572 fuisse
356 1505 470 1571 ordine
488 1504 714 1570 demonstrant
730 1504 868 1588 ideoque
885 1504 1126 1589 Archangelum
1143 1509 1305 1592 appellant.

238 1604 322 1688 ,Qui
349 1604 484 1670 minima
509 1605 681 1683 nuntiant,
716 1604 824 1688 inquit
855 1625 880 1668 s.
910 1604 1137 1687 Gregorius,
1148 1608 1174 1690 2)
1205 1607 1307 1691 Angeli

239 1704 407 1785 dicuntur3
438 1703 495 1787 qui
522 1724 598 1768 vero
624 1724 758 1781 summa,
788 1702 991 1785 Archangeli.
1040 1703 1126 1770 Hinc
1155 1712 1206 1771 est
1226 1707 1306 1783 enim,

239 1804 326 1888 quod
357 1803 400 1868 ad
431 1802 569 1868 Mariam
599 1802 767 1885 Virginem
797 1822 862 1866 non
895 1801 1034 1885 quilibet
1064 1801 1225 1886 Angelus,
1260 1803 1307 1868 sed

239 1901 373 1967 Gabriel
390 1900 611 1984 Archangelus
629 1901 781 1966 mittitur.
816 1900 868 1965 Ad
885 1899 947 1966 hoc
966 1900 1087 1984 quippe
1105 1902 1306 1968 ministeriun

238 2022 399 2068 summum
426 1999 585 2084 Angelum
613 2001 723 2064 venire
754 1999 889 2082 dignum
916 1997 1041 2077 fuerat,
1075 2000 1134 2082 qui
1162 2020 1306 2066 summum

240 2101 384 2166 omnium
427 2098 675 2165 annuntiabat.“
734 2098 764 2164 S.
804 2099 992 2182 Scripturae
1032 2101 1204 2166 sententia
1240 2101 1306 2164 haec

240 2219 383 2265 consona
404 2219 474 2264 esse
495 2197 640 2277 videtur3
670 2196 754 2262 dixit
773 2197 860 2262 enim
882 2195 1015 2262 Gabriel
1034 2197 1104 2280 ipse
1126 2198 1304 2264 Zachariae

239 2297 338 2380 ,Ego
360 2318 444 2362 sum
464 2295 637 2374 Gabriel,
660 2296 728 2379 qui
749 2302 835 2360 asto
865 2302 957 2360 ante
980 2295 1133 2361 Deum.“
1176 2299 1303 2380 Ideoque

238 2394 377 2461 forsitan
409 2401 443 2460 et
469 2395 523 2460 hic
551 2394 693 2477 Angelus
724 2393 913 2458 immediate
944 2415 966 2459 a
994 2393 1063 2460 Deo
1096 2396 1169 2479 ipso
1202 2397 1306 2461 dicitur

238 2494 370 2588 missus,
399 2515 464 2558 non
484 2513 560 2558 vero
581 2492 623 2558 ab
646 2493 769 2576 Angelo
797 2493 979 2576 superiore,
1008 2493 1095 2558 sicut
1116 2484 1306 2560 ordinaries

240 2593 377 2658 Domino
414 2593 448 2656 in
485 2591 740 2665 revelationibus
770 2592 894 2657 homini
929 2592 1087 2658 faciendis
1124 2593 1198 2659 fieri
1227 2595 1303 2669 solet

238 2693 337 2776 idque
358 2712 424 2756 non
445 2690 551 2756 solum
572 2691 612 2755 ob
634 2691 758 2774 negotii
779 2691 943 2757 tractandi
962 2691 1235 2774 magnitudinem,
1260 2689 1304 2757 sed

239 2790 339 2856 etiam
365 2789 493 2854 ratione
520 2789 622 2872 ipsius
650 2789 801 2872 Virginis.
850 2788 925 2854 Non
953 2790 1040 2854 enim
1068 2813 1248 2876 congruens
1270 2789 1304 2854 vi-

239 2878 394 2968 debatur,
416 2894 455 2952 ut
475 2887 543 2952 tale
564 2888 767 2971 mysterium,
789 2888 825 2951 in
846 2909 910 2972 quo
932 2881 1040 2954 Patris
1060 2892 1225 2972 potentia,
1245 2887 1304 2954 Filii

180 2984 181 2987 '
239 2988 401 3071 sapientia
439 3008 477 3052 ac
511 2987 652 3069 Spiritus
689 3009 714 3052 s.
747 2987 854 3071 gratia
890 2988 1209 3072 resplendescerent,
1246 2988 1302 3054 aliis

238 3086 370 3170 Angelis
400 3093 536 3171 excepto
566 3087 720 3153 Gabriele
748 3088 855 3171 prius,
888 3109 987 3172 quam
1016 3088 1047 3153 b.
1076 3089 1204 3174 Virgini
1229 3091 1303 3154 inno-

238 3193 388 3251 tesceret.
441 3186 573 3270 Angelis
608 3187 739 3271 quidem
769 3187 994 3254 manifestavit
1025 3187 1114 3252 Deus
1147 3190 1303 3277 adventum

237 3306 396 3369 personae
417 3286 519 3350 Verbi
539 3286 581 3350 ad
602 3286 766 3351 hominem
786 3286 1026 3364 redimendum,
1054 3287 1152 3370 hujus
1174 3288 1302 3366 redemp-

237 3384 338 3450 tionis
366 3405 441 3448 vero
469 3384 601 3450 modum
629 3407 695 3450 non
722 3385 893 3464 revelavit,
923 3385 988 3450 nisi
1008 3385 1157 3450 Gabrieli
1185 3393 1217 3452 et
1240 3385 1301 3448 bea·

238 3483 385 3548 tissimae
406 3483 543 3566 Virgini.
1354 3543 1355 3568 ᾗ

299 3583 442 3666 Angelus
474 3582 607 3649 Gabriel
638 3582 793 3665 apparuit
833 3582 970 3649 docente
1002 3604 1026 3647 s.
1056 3581 1235 3665 Thomal)
1271 3578 1300 3641 iu

238 3682 372 3765 specie
400 3682 584 3760 humana,
616 3679 703 3764 quod
732 3679 832 3744 etiam
861 3701 901 3744 ex
930 3681 998 3764 ejus
1027 3680 1070 3745 ad
1097 3680 1128 3746 b.
1156 3680 1300 3764 Virginem

238 3781 386 3864 ingressu
408 3788 441 3847 et
463 3782 608 3846 discessu
630 3779 745 3845 elucet.
789 3779 879 3862 ,Hoc
901 3780 1094 3845 conveniens
1115 3779 1181 3845 luit

306 3998 325 4065 ¹)
341 3997 409 4054 Luc.
426 3997 448 4065 l,
466 4000 507 4054 26.
545 3996 567 4064 ¹)
583 3994 664 4050 Hom.
681 3995 714 4048 34
730 3993 760 4048 in
777 3993 885 4064 Evang.
923 3995 945 4063 8)
962 3995 1013 4063 lll,
1030 4012 1057 4064 p.
1075 4012 1101 4064 q.
1118 3993 1202 4060 XXX,
1218 3991 1299 4046 cac.
