<?xml version="1.0" encoding="UTF-8"?>
<!DOCTYPE html PUBLIC "-//W3C//DTD XHTML 1.0 Transitional//EN"
    "http://www.w3.org/TR/xhtml1/DTD/xhtml1-transitional.dtd">
<html xmlns="http://www.w3.org/1999/xhtml" xml:lang="en" lang="en">
 <head>
  <title>
</title>
<meta http-equiv="Content-Type" content="text/html;charset=utf-8" />
  <meta name='ocr-system' content='tesseract 3.04.00' />
  <meta name='ocr-capabilities' content='ocr_page ocr_carea ocr_par ocr_line ocrx_word'/>
</head>
<body>
  <div class='ocr_page' id='page_1' title='image "./mariologiaseupo00stamgoog_0507.png"; bbox 0 0 2782 4554; ppageno 0'>
   <div class='ocr_carea' id='block_1_1' title="bbox 548 371 609 431">
    <p class='ocr_par' dir='ltr' id='par_1_1' title="bbox 548 371 609 431">
     <span class='ocr_line' id='line_1_1' title="bbox 548 371 609 431; baseline 0.016 -1"><span class='ocrx_word' id='word_1_1' title='bbox 548 371 609 431; x_wconf 64' lang='lat'>433</span> 
     </span>
    </p>
   </div>
   <div class='ocr_carea' id='block_1_2' title="bbox 43 529 1123 3391">
    <p class='ocr_par' dir='ltr' id='par_1_2' title="bbox 53 529 1123 1107">
     <span class='ocr_line' id='line_1_2' title="bbox 56 529 1122 619; baseline 0.002 -19"><span class='ocrx_word' id='word_1_2' title='bbox 56 531 332 608; x_wconf 78' lang='lat' dir='ltr'>maledictionibus,</span> <span class='ocrx_word' id='word_1_3' title='bbox 355 550 439 612; x_wconf 89' lang='lat' dir='ltr'>quae</span> <span class='ocrx_word' id='word_1_4' title='bbox 461 529 559 595; x_wconf 88' lang='lat' dir='ltr'>datae</span> <span class='ocrx_word' id='word_1_5' title='bbox 587 538 664 597; x_wconf 90' lang='lat' dir='ltr'>sunt</span> <span class='ocrx_word' id='word_1_6' title='bbox 683 532 870 598; x_wconf 72' lang='lat' dir='ltr'>hominibus</span> <span class='ocrx_word' id='word_1_7' title='bbox 891 542 1028 618; x_wconf 91' lang='lat' dir='ltr'>propter</span> <span class='ocrx_word' id='word_1_8' title='bbox 1047 557 1122 619; x_wconf 90' lang='lat' dir='ltr'>pec-</span> 
     </span>
     <span class='ocr_line' id='line_1_3' title="bbox 56 628 1123 711; baseline 0 -11"><span class='ocrx_word' id='word_1_9' title='bbox 56 634 183 711; x_wconf 86' lang='lat' dir='ltr'>catum,“</span> <span class='ocrx_word' id='word_1_10' title='bbox 212 633 261 696; x_wconf 89' lang='lat' dir='ltr'>ita</span> <span class='ocrx_word' id='word_1_11' title='bbox 282 628 412 694; x_wconf 88' lang='lat' dir='ltr'>scribit:</span> <span class='ocrx_word' id='word_1_12' title='bbox 447 628 578 710; x_wconf 83' lang='lat' dir='ltr'>,Tertia</span> <span class='ocrx_word' id='word_1_13' title='bbox 599 629 671 696; x_wconf 91' lang='lat' dir='ltr'>&#39;fuit</span> <span class='ocrx_word' id='word_1_14' title='bbox 692 633 871 698; x_wconf 88' lang='lat' dir='ltr'>communis</span> <span class='ocrx_word' id='word_1_15' title='bbox 892 633 969 698; x_wconf 86' lang='lat' dir='ltr'>viris</span> <span class='ocrx_word' id='word_1_16' title='bbox 998 639 1033 700; x_wconf 91' lang='grc'>61</span> <span class='ocrx_word' id='word_1_17' title='bbox 1052 657 1123 700; x_wconf 90' lang='lat' dir='ltr'>mu-</span> 
     </span>
     <span class='ocr_line' id='line_1_4' title="bbox 55 727 1120 811; baseline 0.002 -13"><span class='ocrx_word' id='word_1_18' title='bbox 55 734 189 811; x_wconf 91' lang='lat' dir='ltr'>lieribus,</span> <span class='ocrx_word' id='word_1_19' title='bbox 222 736 261 794; x_wconf 90' lang='lat' dir='ltr'>ut</span> <span class='ocrx_word' id='word_1_20' title='bbox 289 727 416 792; x_wconf 88' lang='lat' dir='ltr'>scilieet</span> <span class='ocrx_word' id='word_1_21' title='bbox 446 727 480 791; x_wconf 93' lang='lat' dir='ltr'>in</span> <span class='ocrx_word' id='word_1_22' title='bbox 508 728 675 810; x_wconf 82' lang='lat' dir='ltr'>pulverem</span> <span class='ocrx_word' id='word_1_23' title='bbox 705 738 957 797; x_wconf 83' lang='lat' dir='ltr'>reverterentur.</span> <span class='ocrx_word' id='word_1_24' title='bbox 1008 735 1051 800; x_wconf 83' lang='lat' dir='ltr'>Et</span> <span class='ocrx_word' id='word_1_25' title='bbox 1079 735 1120 800; x_wconf 91' lang='lat' dir='ltr'>ab</span> 
     </span>
     <span class='ocr_line' id='line_1_5' title="bbox 54 826 1122 913; baseline 0.002 -17"><span class='ocrx_word' id='word_1_26' title='bbox 54 834 104 898; x_wconf 89' lang='lat' dir='ltr'>hac</span> <span class='ocrx_word' id='word_1_27' title='bbox 129 829 280 897; x_wconf 89' lang='lat' dir='ltr'>immunis</span> <span class='ocrx_word' id='word_1_28' title='bbox 308 826 374 891; x_wconf 88' lang='lat' dir='ltr'>fuit</span> <span class='ocrx_word' id='word_1_29' title='bbox 404 826 435 890; x_wconf 92' lang='lat' dir='ltr'>b.</span> <span class='ocrx_word' id='word_1_30' title='bbox 465 826 580 910; x_wconf 87' lang='lat' dir='ltr'>Virgo,</span> <span class='ocrx_word' id='word_1_31' title='bbox 614 828 691 911; x_wconf 88' lang='lat' dir='ltr'>quia</span> <span class='ocrx_word' id='word_1_32' title='bbox 723 851 797 893; x_wconf 91' lang='lat' dir='ltr'>eum</span> <span class='ocrx_word' id='word_1_33' title='bbox 826 851 961 913; x_wconf 90' lang='lat' dir='ltr'>corpore</span> <span class='ocrx_word' id='word_1_34' title='bbox 993 840 1043 898; x_wconf 90' lang='lat' dir='ltr'>est</span> <span class='ocrx_word' id='word_1_35' title='bbox 1071 854 1122 898; x_wconf 90' lang='lat' dir='ltr'>as-</span> 
     </span>
     <span class='ocr_line' id='line_1_6' title="bbox 53 925 1121 1015; baseline 0.002 -19"><span class='ocrx_word' id='word_1_36' title='bbox 53 938 170 1015; x_wconf 90' lang='lat' dir='ltr'>sumpta</span> <span class='ocrx_word' id='word_1_37' title='bbox 200 931 234 994; x_wconf 93' lang='lat' dir='ltr'>in</span> <span class='ocrx_word' id='word_1_38' title='bbox 266 925 423 1012; x_wconf 84' lang='lat' dir='ltr'>coelum.“</span> <span class='ocrx_word' id='word_1_39' title='bbox 473 925 517 990; x_wconf 86' lang='lat' dir='ltr'>Et</span> <span class='ocrx_word' id='word_1_40' title='bbox 547 925 629 991; x_wconf 88' lang='lat' dir='ltr'>haec</span> <span class='ocrx_word' id='word_1_41' title='bbox 662 927 794 1011; x_wconf 92' lang='lat' dir='ltr'>quidem</span> <span class='ocrx_word' id='word_1_42' title='bbox 825 929 866 994; x_wconf 91' lang='lat' dir='ltr'>de</span> <span class='ocrx_word' id='word_1_43' title='bbox 897 952 938 995; x_wconf 91' lang='lat' dir='ltr'>ss.</span> <span class='ocrx_word' id='word_1_44' title='bbox 968 931 1121 998; x_wconf 90' lang='lat' dir='ltr'>Patribus</span> 
     </span>
     <span class='ocr_line' id='line_1_7' title="bbox 53 1026 364 1107; baseline -0.019 -12"><span class='ocrx_word' id='word_1_45' title='bbox 53 1032 160 1095; x_wconf 82' lang='lat' dir='ltr'>dixisse</span> <span class='ocrx_word' id='word_1_46' title='bbox 181 1026 329 1094; x_wconf 87' lang='lat' dir='ltr'>sufficiat.</span> <span class='ocrx_word' id='word_1_47' title='bbox 340 1026 364 1107; x_wconf 92' lang='lat'>¹)</span> 
     </span>
    </p>

    <p class='ocr_par' dir='ltr' id='par_1_3' title="bbox 47 1124 1123 2006">
     <span class='ocr_line' id='line_1_8' title="bbox 104 1124 1121 1206; baseline 0.001 -11"><span class='ocrx_word' id='word_1_48' title='bbox 104 1126 323 1196; x_wconf 88' lang='lat' dir='ltr'>Communis</span> <span class='ocrx_word' id='word_1_49' title='bbox 369 1145 461 1206; x_wconf 89' lang='lat' dir='ltr'>ergo</span> <span class='ocrx_word' id='word_1_50' title='bbox 505 1145 551 1189; x_wconf 91' lang='lat' dir='ltr'>ss.</span> <span class='ocrx_word' id='word_1_51' title='bbox 591 1124 751 1191; x_wconf 83' lang='lat' dir='ltr'>Petrum</span> <span class='ocrx_word' id='word_1_52' title='bbox 793 1149 836 1192; x_wconf 90' lang='lat' dir='ltr'>ao</span> <span class='ocrx_word' id='word_1_53' title='bbox 878 1129 1121 1196; x_wconf 88' lang='lat' dir='ltr'>universalis</span> 
     </span>
     <span class='ocr_line' id='line_1_9' title="bbox 51 1224 1122 1315; baseline 0 -20"><span class='ocrx_word' id='word_1_54' title='bbox 51 1229 245 1295; x_wconf 80' lang='lat' dir='ltr'>Ecclesiae</span> <span class='ocrx_word' id='word_1_55' title='bbox 276 1225 475 1303; x_wconf 85' lang='lat' dir='ltr'>doctrina,</span> <span class='ocrx_word' id='word_1_56' title='bbox 505 1224 728 1290; x_wconf 82' lang='lat' dir='ltr'>beatissimam</span> <span class='ocrx_word' id='word_1_57' title='bbox 748 1227 914 1310; x_wconf 83' lang='lat' dir='ltr'>Virginem</span> <span class='ocrx_word' id='word_1_58' title='bbox 941 1251 961 1294; x_wconf 89' lang='lat' dir='ltr'>a</span> <span class='ocrx_word' id='word_1_59' title='bbox 989 1252 1122 1315; x_wconf 89' lang='lat' dir='ltr'>corrup-</span> 
     </span>
     <span class='ocr_line' id='line_1_10' title="bbox 51 1323 1121 1411; baseline 0.001 -17"><span class='ocrx_word' id='word_1_60' title='bbox 51 1331 129 1394; x_wconf 91' lang='lat' dir='ltr'>tione</span> <span class='ocrx_word' id='word_1_61' title='bbox 168 1334 203 1391; x_wconf 89' lang='lat' dir='ltr'>et</span> <span class='ocrx_word' id='word_1_62' title='bbox 237 1347 258 1390; x_wconf 91' lang='lat' dir='ltr'>a</span> <span class='ocrx_word' id='word_1_63' title='bbox 292 1323 500 1389; x_wconf 84' lang='lat' dir='ltr'>conversione</span> <span class='ocrx_word' id='word_1_64' title='bbox 536 1323 681 1406; x_wconf 86' lang='lat' dir='ltr'>corporis</span> <span class='ocrx_word' id='word_1_65' title='bbox 717 1325 851 1391; x_wconf 88' lang='lat' dir='ltr'>humani</span> <span class='ocrx_word' id='word_1_66' title='bbox 886 1328 921 1391; x_wconf 90' lang='lat' dir='ltr'>in</span> <span class='ocrx_word' id='word_1_67' title='bbox 955 1329 1121 1411; x_wconf 89' lang='lat' dir='ltr'>pulverem</span> 
     </span>
     <span class='ocr_line' id='line_1_11' title="bbox 50 1421 1122 1508; baseline 0.004 -18"><span class='ocrx_word' id='word_1_68' title='bbox 50 1428 140 1493; x_wconf 86' lang='lat' dir='ltr'>luisse</span> <span class='ocrx_word' id='word_1_69' title='bbox 174 1427 359 1490; x_wconf 91' lang='lat' dir='ltr'>immunem.</span> <span class='ocrx_word' id='word_1_70' title='bbox 416 1421 522 1498; x_wconf 83' lang='lat' dir='ltr'>Quum</span> <span class='ocrx_word' id='word_1_71' title='bbox 561 1423 647 1487; x_wconf 91' lang='lat' dir='ltr'>enim</span> <span class='ocrx_word' id='word_1_72' title='bbox 685 1426 853 1508; x_wconf 85' lang='lat' dir='ltr'>corruptio</span> <span class='ocrx_word' id='word_1_73' title='bbox 892 1427 972 1492; x_wconf 88' lang='lat' dir='ltr'>haec</span> <span class='ocrx_word' id='word_1_74' title='bbox 1012 1451 1050 1493; x_wconf 89' lang='lat' dir='ltr'>ac</span> <span class='ocrx_word' id='word_1_75' title='bbox 1087 1430 1122 1494; x_wconf 92' lang='lat' dir='ltr'>in</span> 
     </span>
     <span class='ocr_line' id='line_1_12' title="bbox 50 1520 1123 1611; baseline 0.005 -22"><span class='ocrx_word' id='word_1_76' title='bbox 50 1527 164 1592; x_wconf 83' lang='lat' dir='ltr'>cineres</span> <span class='ocrx_word' id='word_1_77' title='bbox 191 1521 338 1588; x_wconf 88' lang='lat' dir='ltr'>redactio</span> <span class='ocrx_word' id='word_1_78' title='bbox 368 1540 475 1604; x_wconf 88' lang='lat' dir='ltr'>poena</span> <span class='ocrx_word' id='word_1_79' title='bbox 501 1520 545 1585; x_wconf 91' lang='lat' dir='ltr'>sit</span> <span class='ocrx_word' id='word_1_80' title='bbox 565 1523 694 1603; x_wconf 90' lang='lat' dir='ltr'>peccati</span> <span class='ocrx_word' id='word_1_81' title='bbox 721 1524 901 1606; x_wconf 91' lang='lat' dir='ltr'>originalis,</span> <span class='ocrx_word' id='word_1_82' title='bbox 931 1548 955 1592; x_wconf 93' lang='lat' dir='ltr'>s.</span> <span class='ocrx_word' id='word_1_83' title='bbox 980 1527 1123 1611; x_wconf 86' lang='lat' dir='ltr'>Deipara</span> 
     </span>
     <span class='ocr_line' id='line_1_13' title="bbox 49 1619 1121 1703; baseline 0.005 -15"><span class='ocrx_word' id='word_1_84' title='bbox 49 1632 150 1690; x_wconf 89' lang='lat' dir='ltr'>autem</span> <span class='ocrx_word' id='word_1_85' title='bbox 178 1645 200 1688; x_wconf 86' lang='lat' dir='ltr'>a</span> <span class='ocrx_word' id='word_1_86' title='bbox 219 1620 295 1686; x_wconf 88' lang='lat' dir='ltr'>labe</span> <span class='ocrx_word' id='word_1_87' title='bbox 322 1619 380 1684; x_wconf 91' lang='lat' dir='ltr'>illa</span> <span class='ocrx_word' id='word_1_88' title='bbox 407 1620 538 1685; x_wconf 90' lang='lat' dir='ltr'>omnino</span> <span class='ocrx_word' id='word_1_89' title='bbox 566 1620 668 1686; x_wconf 85' lang='lat' dir='ltr'>fuerit</span> <span class='ocrx_word' id='word_1_90' title='bbox 688 1621 808 1703; x_wconf 88' lang='lat' dir='ltr'>libera,</span> <span class='ocrx_word' id='word_1_91' title='bbox 837 1625 913 1690; x_wconf 92' lang='lat' dir='ltr'>hinc</span> <span class='ocrx_word' id='word_1_92' title='bbox 934 1627 1121 1694; x_wconf 90' lang='lat' dir='ltr'>nullatenus</span> 
     </span>
     <span class='ocr_line' id='line_1_14' title="bbox 49 1719 1122 1809; baseline 0.006 -22"><span class='ocrx_word' id='word_1_93' title='bbox 49 1723 271 1799; x_wconf 84' lang='lat' dir='ltr'>dubitandum,</span> <span class='ocrx_word' id='word_1_94' title='bbox 304 1719 410 1802; x_wconf 84' lang='lat' dir='ltr'>ipsam</span> <span class='ocrx_word' id='word_1_95' title='bbox 442 1720 541 1785; x_wconf 88' lang='lat' dir='ltr'>etiam</span> <span class='ocrx_word' id='word_1_96' title='bbox 573 1720 614 1784; x_wconf 88' lang='lat' dir='ltr'>ab</span> <span class='ocrx_word' id='word_1_97' title='bbox 643 1722 704 1786; x_wconf 89' lang='lat' dir='ltr'>hac</span> <span class='ocrx_word' id='word_1_98' title='bbox 732 1744 838 1805; x_wconf 89' lang='lat' dir='ltr'>poena</span> <span class='ocrx_word' id='word_1_99' title='bbox 871 1733 1055 1809; x_wconf 84' lang='lat' dir='ltr'>exemptam</span> <span class='ocrx_word' id='word_1_100' title='bbox 1087 1735 1122 1793; x_wconf 87' lang='grc'>61</span> 
     </span>
     <span class='ocr_line' id='line_1_15' title="bbox 47 1819 1121 1906; baseline 0.003 -17"><span class='ocrx_word' id='word_1_101' title='bbox 47 1828 272 1906; x_wconf 86' lang='lat' dir='ltr'>postmortem</span> <span class='ocrx_word' id='word_1_102' title='bbox 293 1839 454 1900; x_wconf 85' lang='lat' dir='ltr'>unacum</span> <span class='ocrx_word' id='word_1_103' title='bbox 475 1819 583 1884; x_wconf 87' lang='lat' dir='ltr'>anima</span> <span class='ocrx_word' id='word_1_104' title='bbox 604 1826 639 1884; x_wconf 91' lang='lat' dir='ltr'>et</span> <span class='ocrx_word' id='word_1_105' title='bbox 660 1841 795 1904; x_wconf 90' lang='lat' dir='ltr'>corpore</span> <span class='ocrx_word' id='word_1_106' title='bbox 817 1823 851 1886; x_wconf 94' lang='lat' dir='ltr'>in</span> <span class='ocrx_word' id='word_1_107' title='bbox 873 1824 999 1888; x_wconf 91' lang='lat' dir='ltr'>coelum</span> <span class='ocrx_word' id='word_1_108' title='bbox 1019 1825 1121 1892; x_wconf 84' lang='lat' dir='ltr'>fuisse</span> 
     </span>
     <span class='ocr_line' id='line_1_16' title="bbox 48 1918 899 2006; baseline 0 -18"><span class='ocrx_word' id='word_1_109' title='bbox 48 1928 248 2006; x_wconf 79' lang='lat' dir='ltr'>assumptam.</span> <span class='ocrx_word' id='word_1_110' title='bbox 291 1918 453 1982; x_wconf 86' lang='lat' dir='ltr'>Probatur</span> <span class='ocrx_word' id='word_1_111' title='bbox 474 1919 555 1984; x_wconf 88' lang='lat' dir='ltr'>haee</span> <span class='ocrx_word' id='word_1_112' title='bbox 576 1920 696 1985; x_wconf 88' lang='lat' dir='ltr'>veritas</span> <span class='ocrx_word' id='word_1_113' title='bbox 895 1930 899 1936; x_wconf 86' lang='lat'>&#39;</span> 
     </span>
    </p>

    <p class='ocr_par' dir='ltr' id='par_1_4' title="bbox 47 2017 1121 2302">
     <span class='ocr_line' id='line_1_17' title="bbox 103 2017 1119 2102; baseline 0 -16"><span class='ocrx_word' id='word_1_114' title='bbox 103 2027 130 2086; x_wconf 90' lang='lat'>3.</span> <span class='ocrx_word' id='word_1_115' title='bbox 167 2043 212 2085; x_wconf 86' lang='lat' dir='ltr'>ex</span> <span class='ocrx_word' id='word_1_116' title='bbox 243 2017 414 2095; x_wconf 91' lang='lat' dir='ltr'>ratione,</span> <span class='ocrx_word' id='word_1_117' title='bbox 445 2017 616 2100; x_wconf 89' lang='lat' dir='ltr'>speciatim</span> <span class='ocrx_word' id='word_1_118' title='bbox 646 2039 685 2082; x_wconf 89' lang='lat' dir='ltr'>ex</span> <span class='ocrx_word' id='word_1_119' title='bbox 714 2018 873 2101; x_wconf 90' lang='lat' dir='ltr'>dignitate</span> <span class='ocrx_word' id='word_1_120' title='bbox 901 2020 1018 2086; x_wconf 91' lang='lat' dir='ltr'>Matris</span> <span class='ocrx_word' id='word_1_121' title='bbox 1048 2024 1119 2102; x_wconf 92' lang='lat' dir='ltr'>Dei,</span> 
     </span>
     <span class='ocr_line' id='line_1_18' title="bbox 48 2115 1121 2201; baseline 0 -17"><span class='ocrx_word' id='word_1_122' title='bbox 48 2142 81 2184; x_wconf 84' lang='lat' dir='ltr'>ex</span> <span class='ocrx_word' id='word_1_123' title='bbox 112 2121 227 2185; x_wconf 83' lang='lat' dir='ltr'>intima</span> <span class='ocrx_word' id='word_1_124' title='bbox 258 2137 331 2180; x_wconf 88' lang='lat' dir='ltr'>curn</span> <span class='ocrx_word' id='word_1_125' title='bbox 360 2115 489 2181; x_wconf 81' lang='lat' dir='ltr'>Christo</span> <span class='ocrx_word' id='word_1_126' title='bbox 517 2117 600 2181; x_wconf 88' lang='lat' dir='ltr'>Filio</span> <span class='ocrx_word' id='word_1_127' title='bbox 633 2118 862 2201; x_wconf 90' lang='lat' dir='ltr'>conjunctione</span> <span class='ocrx_word' id='word_1_128' title='bbox 894 2141 953 2184; x_wconf 89' lang='lat' dir='ltr'>neo</span> <span class='ocrx_word' id='word_1_129' title='bbox 984 2142 1048 2186; x_wconf 91' lang='lat' dir='ltr'>non</span> <span class='ocrx_word' id='word_1_130' title='bbox 1082 2143 1121 2186; x_wconf 87' lang='lat' dir='ltr'>ex</span> 
     </span>
     <span class='ocr_line' id='line_1_19' title="bbox 47 2215 1037 2302; baseline 0 -19"><span class='ocrx_word' id='word_1_131' title='bbox 47 2221 116 2285; x_wconf 89' lang='lat' dir='ltr'>Filii</span> <span class='ocrx_word' id='word_1_132' title='bbox 134 2221 167 2284; x_wconf 96' lang='lat' dir='ltr'>in</span> <span class='ocrx_word' id='word_1_133' title='bbox 188 2217 328 2282; x_wconf 83' lang='lat' dir='ltr'>Matrem</span> <span class='ocrx_word' id='word_1_134' title='bbox 349 2215 571 2298; x_wconf 84' lang='lat' dir='ltr'>dignissimam</span> <span class='ocrx_word' id='word_1_135' title='bbox 592 2216 712 2282; x_wconf 84' lang='lat' dir='ltr'>affectu</span> <span class='ocrx_word' id='word_1_136' title='bbox 735 2224 769 2282; x_wconf 92' lang='lat' dir='ltr'>et</span> <span class='ocrx_word' id='word_1_137' title='bbox 790 2239 900 2283; x_wconf 91' lang='lat' dir='ltr'>amore</span> <span class='ocrx_word' id='word_1_138' title='bbox 922 2220 1037 2302; x_wconf 90' lang='lat' dir='ltr'>petita.</span> 
     </span>
    </p>

    <p class='ocr_par' dir='ltr' id='par_1_5' title="bbox 43 2314 1122 3391">
     <span class='ocr_line' id='line_1_20' title="bbox 67 2314 1120 2399; baseline 0.001 -15"><span class='ocrx_word' id='word_1_139' title='bbox 67 2335 69 2338; x_wconf 80' lang='grc'>’</span> <span class='ocrx_word' id='word_1_140' title='bbox 103 2342 130 2384; x_wconf 83' lang='grc'>6.</span> <span class='ocrx_word' id='word_1_141' title='bbox 164 2315 379 2382; x_wconf 87' lang='lat' dir='ltr'>Beatissimae</span> <span class='ocrx_word' id='word_1_142' title='bbox 411 2314 554 2397; x_wconf 82' lang='lat' dir='ltr'>Virginis</span> <span class='ocrx_word' id='word_1_143' title='bbox 586 2337 719 2399; x_wconf 88' lang='lat' dir='ltr'>corpus,</span> <span class='ocrx_word' id='word_1_144' title='bbox 757 2317 785 2381; x_wconf 91' lang='lat' dir='ltr'>si</span> <span class='ocrx_word' id='word_1_145' title='bbox 816 2338 880 2382; x_wconf 91' lang='lat' dir='ltr'>non</span> <span class='ocrx_word' id='word_1_146' title='bbox 916 2319 1120 2399; x_wconf 86' lang='lat' dir='ltr'>surrexisset,</span> 
     </span>
     <span class='ocr_line' id='line_1_21' title="bbox 46 2414 1121 2499; baseline 0.003 -19"><span class='ocrx_word' id='word_1_147' title='bbox 46 2418 89 2482; x_wconf 82' lang='lat' dir='ltr'>vel</span> <span class='ocrx_word' id='word_1_148' title='bbox 116 2419 280 2499; x_wconf 88' lang='lat' dir='ltr'>integrum</span> <span class='ocrx_word' id='word_1_149' title='bbox 307 2419 340 2477; x_wconf 92' lang='lat' dir='ltr'>et</span> <span class='ocrx_word' id='word_1_150' title='bbox 361 2414 586 2495; x_wconf 91' lang='lat' dir='ltr'>incorruptum</span> <span class='ocrx_word' id='word_1_151' title='bbox 612 2415 646 2478; x_wconf 93' lang='lat' dir='ltr'>in</span> <span class='ocrx_word' id='word_1_152' title='bbox 668 2421 758 2480; x_wconf 88' lang='lat' dir='ltr'>terra</span> <span class='ocrx_word' id='word_1_153' title='bbox 779 2417 986 2497; x_wconf 89' lang='lat' dir='ltr'>perstitisset,</span> <span class='ocrx_word' id='word_1_154' title='bbox 1015 2419 1121 2483; x_wconf 84' lang='lat' dir='ltr'>velim</span> 
     </span>
     <span class='ocr_line' id='line_1_22' title="bbox 45 2511 1119 2600; baseline 0.006 -22"><span class='ocrx_word' id='word_1_155' title='bbox 45 2517 163 2581; x_wconf 89' lang='lat' dir='ltr'>eineres</span> <span class='ocrx_word' id='word_1_156' title='bbox 194 2513 311 2579; x_wconf 82' lang='lat' dir='ltr'>fuisset</span> <span class='ocrx_word' id='word_1_157' title='bbox 342 2511 519 2576; x_wconf 87' lang='lat' dir='ltr'>redactum.</span> <span class='ocrx_word' id='word_1_158' title='bbox 575 2514 620 2578; x_wconf 88' lang='lat' dir='ltr'>At</span> <span class='ocrx_word' id='word_1_159' title='bbox 649 2520 803 2578; x_wconf 91' lang='lat' dir='ltr'>neutrum</span> <span class='ocrx_word' id='word_1_160' title='bbox 840 2515 972 2581; x_wconf 87' lang='lat' dir='ltr'>admitti</span> <span class='ocrx_word' id='word_1_161' title='bbox 1000 2525 1119 2600; x_wconf 88' lang='lat' dir='ltr'>potest.</span> 
     </span>
     <span class='ocr_line' id='line_1_23' title="bbox 45 2610 1121 2699; baseline 0.004 -21"><span class='ocrx_word' id='word_1_162' title='bbox 45 2615 153 2699; x_wconf 90' lang='lat' dir='ltr'>Neque</span> <span class='ocrx_word' id='word_1_163' title='bbox 173 2614 278 2698; x_wconf 81' lang='lat' dir='ltr'>prius3</span> <span class='ocrx_word' id='word_1_164' title='bbox 306 2610 423 2692; x_wconf 82' lang='lat' dir='ltr'>nullibi</span> <span class='ocrx_word' id='word_1_165' title='bbox 445 2612 531 2675; x_wconf 90' lang='lat' dir='ltr'>enim</span> <span class='ocrx_word' id='word_1_166' title='bbox 550 2617 714 2677; x_wconf 88' lang='lat' dir='ltr'>terrarum</span> <span class='ocrx_word' id='word_1_167' title='bbox 735 2635 853 2695; x_wconf 90' lang='lat' dir='ltr'>corpus</span> <span class='ocrx_word' id='word_1_168' title='bbox 874 2616 1038 2681; x_wconf 91' lang='lat' dir='ltr'>invenitur</span> <span class='ocrx_word' id='word_1_169' title='bbox 1059 2619 1121 2682; x_wconf 89' lang='lat' dir='ltr'>vir·</span> 
     </span>
     <span class='ocr_line' id='line_1_24' title="bbox 44 2710 1121 2796; baseline 0.002 -17"><span class='ocrx_word' id='word_1_170' title='bbox 44 2716 168 2796; x_wconf 89' lang='lat' dir='ltr'>gineum</span> <span class='ocrx_word' id='word_1_171' title='bbox 188 2710 390 2777; x_wconf 87' lang='lat' dir='ltr'>venerationi</span> <span class='ocrx_word' id='word_1_172' title='bbox 412 2711 604 2793; x_wconf 87' lang='lat' dir='ltr'>expositum,</span> <span class='ocrx_word' id='word_1_173' title='bbox 624 2712 712 2794; x_wconf 94' lang='lat' dir='ltr'>quod</span> <span class='ocrx_word' id='word_1_174' title='bbox 733 2734 757 2776; x_wconf 89' lang='lat' dir='ltr'>s.</span> <span class='ocrx_word' id='word_1_175' title='bbox 776 2712 919 2796; x_wconf 89' lang='lat' dir='ltr'>Deipara</span> <span class='ocrx_word' id='word_1_176' title='bbox 940 2715 1121 2781; x_wconf 86' lang='lat' dir='ltr'>certissime</span> 
     </span>
     <span class='ocr_line' id='line_1_25' title="bbox 44 2809 1120 2897; baseline 0.004 -22"><span class='ocrx_word' id='word_1_177' title='bbox 44 2819 220 2879; x_wconf 89' lang='lat' dir='ltr'>mereretur</span> <span class='ocrx_word' id='word_1_178' title='bbox 237 2831 316 2893; x_wconf 87' lang='lat' dir='ltr'>prae</span> <span class='ocrx_word' id='word_1_179' title='bbox 339 2809 489 2874; x_wconf 92' lang='lat' dir='ltr'>omnibus</span> <span class='ocrx_word' id='word_1_180' title='bbox 510 2811 648 2876; x_wconf 89' lang='lat' dir='ltr'>caeteris</span> <span class='ocrx_word' id='word_1_181' title='bbox 668 2811 812 2891; x_wconf 83' lang='lat' dir='ltr'>Sanctis3</span> <span class='ocrx_word' id='word_1_182' title='bbox 835 2813 917 2878; x_wconf 91' lang='lat' dir='ltr'>alias</span> <span class='ocrx_word' id='word_1_183' title='bbox 935 2814 1039 2897; x_wconf 89' lang='lat' dir='ltr'>major</span> <span class='ocrx_word' id='word_1_184' title='bbox 1055 2815 1120 2880; x_wconf 93' lang='lat' dir='ltr'>illis</span> 
     </span>
     <span class='ocr_line' id='line_1_26' title="bbox 44 2911 1121 2995; baseline 0 -18"><span class='ocrx_word' id='word_1_185' title='bbox 44 2915 241 2979; x_wconf 85' lang='lat' dir='ltr'>tribueretur</span> <span class='ocrx_word' id='word_1_186' title='bbox 271 2911 514 2994; x_wconf 83' lang='lat' dir='ltr'>praerogativa,</span> <span class='ocrx_word' id='word_1_187' title='bbox 548 2933 646 2994; x_wconf 92' lang='lat' dir='ltr'>quam</span> <span class='ocrx_word' id='word_1_188' title='bbox 678 2912 708 2976; x_wconf 87' lang='lat' dir='ltr'>b.</span> <span class='ocrx_word' id='word_1_189' title='bbox 738 2912 874 2995; x_wconf 88' lang='lat' dir='ltr'>Virgini.</span> <span class='ocrx_word' id='word_1_190' title='bbox 926 2911 1121 2978; x_wconf 91' lang='lat' dir='ltr'>Incredibile</span> 
     </span>
     <span class='ocr_line' id='line_1_27' title="bbox 44 3007 1121 3097; baseline -0.001 -20"><span class='ocrx_word' id='word_1_191' title='bbox 44 3034 168 3097; x_wconf 90' lang='lat' dir='ltr'>quoque</span> <span class='ocrx_word' id='word_1_192' title='bbox 193 3009 331 3087; x_wconf 85' lang='lat' dir='ltr'>videtur,</span> <span class='ocrx_word' id='word_1_193' title='bbox 355 3007 461 3073; x_wconf 90' lang='lat' dir='ltr'>Deum</span> <span class='ocrx_word' id='word_1_194' title='bbox 481 3009 683 3091; x_wconf 85' lang='lat' dir='ltr'>permisisse,</span> <span class='ocrx_word' id='word_1_195' title='bbox 713 3016 751 3074; x_wconf 90' lang='lat' dir='ltr'>ut</span> <span class='ocrx_word' id='word_1_196' title='bbox 779 3009 810 3073; x_wconf 91' lang='lat' dir='ltr'>b.</span> <span class='ocrx_word' id='word_1_197' title='bbox 832 3010 974 3092; x_wconf 91' lang='lat' dir='ltr'>Virginis</span> <span class='ocrx_word' id='word_1_198' title='bbox 1003 3032 1121 3094; x_wconf 90' lang='lat' dir='ltr'>corpus</span> 
     </span>
     <span class='ocr_line' id='line_1_28' title="bbox 44 3108 1119 3196; baseline 0 -22"><span class='ocrx_word' id='word_1_199' title='bbox 44 3112 162 3196; x_wconf 91' lang='lat' dir='ltr'>absque</span> <span class='ocrx_word' id='word_1_200' title='bbox 182 3111 305 3175; x_wconf 90' lang='lat' dir='ltr'>honore</span> <span class='ocrx_word' id='word_1_201' title='bbox 334 3108 519 3173; x_wconf 89' lang='lat' dir='ltr'>inocculto</span> <span class='ocrx_word' id='word_1_202' title='bbox 549 3115 583 3174; x_wconf 88' lang='grc'>61</span> <span class='ocrx_word' id='word_1_203' title='bbox 610 3109 711 3174; x_wconf 91' lang='lat' dir='ltr'>inviso</span> <span class='ocrx_word' id='word_1_204' title='bbox 740 3109 811 3173; x_wconf 92' lang='lat' dir='ltr'>loco</span> <span class='ocrx_word' id='word_1_205' title='bbox 834 3109 960 3174; x_wconf 90' lang='lat' dir='ltr'>tamdiu</span> <span class='ocrx_word' id='word_1_206' title='bbox 985 3110 1119 3192; x_wconf 87' lang='lat' dir='ltr'>jaceret.</span> 
     </span>
     <span class='ocr_line' id='line_1_29' title="bbox 43 3207 1122 3292; baseline -0.002 -16"><span class='ocrx_word' id='word_1_207' title='bbox 43 3213 118 3276; x_wconf 84' lang='lat' dir='ltr'>Eam</span> <span class='ocrx_word' id='word_1_208' title='bbox 152 3207 384 3291; x_wconf 86' lang='lat' dir='ltr'>Hierosolymis</span> <span class='ocrx_word' id='word_1_209' title='bbox 416 3214 579 3272; x_wconf 90' lang='lat' dir='ltr'>mortuam</span> <span class='ocrx_word' id='word_1_210' title='bbox 612 3214 646 3273; x_wconf 90' lang='lat' dir='ltr'>et</span> <span class='ocrx_word' id='word_1_211' title='bbox 678 3207 841 3292; x_wconf 88' lang='lat' dir='ltr'>sepultam</span> <span class='ocrx_word' id='word_1_212' title='bbox 872 3208 987 3287; x_wconf 88' lang='lat' dir='ltr'>fuisse,</span> <span class='ocrx_word' id='word_1_213' title='bbox 1022 3231 1122 3292; x_wconf 88' lang='lat' dir='ltr'>supra</span> 
     </span>
     <span class='ocr_line' id='line_1_30' title="bbox 43 3297 1121 3391; baseline -0.004 -17"><span class='ocrx_word' id='word_1_214' title='bbox 43 3311 297 3377; x_wconf 89' lang='lat' dir='ltr'>demonstratum</span> <span class='ocrx_word' id='word_1_215' title='bbox 335 3297 413 3372; x_wconf 70' lang='lat' dir='ltr'>est.¹</span> <span class='ocrx_word' id='word_1_216' title='bbox 448 3307 497 3371; x_wconf 91' lang='lat' dir='ltr'>De</span> <span class='ocrx_word' id='word_1_217' title='bbox 535 3307 684 3391; x_wconf 87' lang='lat' dir='ltr'>sepulcro</span> <span class='ocrx_word' id='word_1_218' title='bbox 716 3307 1029 3391; x_wconf 87' lang='lat' dir='ltr'>Hierosolymitanus</span> <span class='ocrx_word' id='word_1_219' title='bbox 1060 3306 1121 3370; x_wconf 86' lang='lat' dir='ltr'>Ar-</span> 
     </span>
    </p>
   </div>
   <div class='ocr_carea' id='block_1_3' title="bbox 39 3521 1122 4007">
    <p class='ocr_par' dir='ltr' id='par_1_6' title="bbox 40 3521 1121 3681">
     <span class='ocr_line' id='line_1_31' title="bbox 42 3521 1121 3590; baseline -0.004 -9"><span class='ocrx_word' id='word_1_220' title='bbox 42 3525 162 3582; x_wconf 72' lang='grc' dir='ltr'><strong>1111τί111</strong></span> <span class='ocrx_word' id='word_1_221' title='bbox 180 3524 222 3580; x_wconf 71' lang='lat' dir='ltr'>uls</span> <span class='ocrx_word' id='word_1_222' title='bbox 247 3523 299 3578; x_wconf 80' lang='lat' dir='ltr'>elue</span> <span class='ocrx_word' id='word_1_223' title='bbox 320 3521 405 3588; x_wconf 75' lang='lat' dir='ltr'>sbrols</span> <span class='ocrx_word' id='word_1_224' title='bbox 423 3522 574 3590; x_wconf 69' lang='grc'><strong>1111111111</strong></span> <span class='ocrx_word' id='word_1_225' title='bbox 597 3521 992 3590; x_wconf 64' lang='grc'><strong>111111111161111111111111,</strong></span> <span class='ocrx_word' id='word_1_226' title='bbox 1019 3521 1065 3578; x_wconf 81' lang='lat' dir='ltr'>bie</span> <span class='ocrx_word' id='word_1_227' title='bbox 1082 3521 1121 3577; x_wconf 81' lang='lat' dir='ltr'>bis</span> 
     </span>
     <span class='ocr_line' id='line_1_32' title="bbox 40 3603 293 3681; baseline 0.024 -25"><span class='ocrx_word' id='word_1_228' title='bbox 40 3603 81 3662; x_wconf 74' lang='lat' dir='ltr'>bed</span> <span class='ocrx_word' id='word_1_229' title='bbox 98 3609 184 3681; x_wconf 63' lang='grc' dir='ltr'>ῷεττιι</span> <span class='ocrx_word' id='word_1_230' title='bbox 200 3605 293 3674; x_wconf 70' lang='lat' dir='ltr'>leitil!¹</span> 
     </span>
    </p>

    <p class='ocr_par' dir='ltr' id='par_1_7' title="bbox 39 3687 1122 4007">
     <span class='ocr_line' id='line_1_33' title="bbox 105 3687 1121 3759; baseline -0.004 -14"><span class='ocrx_word' id='word_1_231' title='bbox 105 3694 125 3759; x_wconf 91' lang='lat'>¹)</span> <span class='ocrx_word' id='word_1_232' title='bbox 142 3693 277 3746; x_wconf 79' lang='lat' dir='ltr'>censente</span> <span class='ocrx_word' id='word_1_233' title='bbox 293 3687 387 3742; x_wconf 78' lang='lat' dir='ltr'>Natali</span> <span class='ocrx_word' id='word_1_234' title='bbox 404 3687 564 3742; x_wconf 85' lang='lat' dir='ltr'>Alexandro</span> <span class='ocrx_word' id='word_1_235' title='bbox 583 3688 659 3756; x_wconf 86' lang='lat' dir='ltr'>(hist.</span> <span class='ocrx_word' id='word_1_236' title='bbox 676 3689 744 3743; x_wconf 90' lang='lat' dir='ltr'>eccl.</span> <span class='ocrx_word' id='word_1_237' title='bbox 761 3704 833 3744; x_wconf 84' lang='lat' dir='ltr'>saec.</span> <span class='ocrx_word' id='word_1_238' title='bbox 850 3691 866 3742; x_wconf 84' lang='lat'>2</span> <span class='ocrx_word' id='word_1_239' title='bbox 883 3703 926 3756; x_wconf 88' lang='lat' dir='ltr'>cp.</span> <span class='ocrx_word' id='word_1_240' title='bbox 943 3689 960 3740; x_wconf 87' lang='lat'>4</span> <span class='ocrx_word' id='word_1_241' title='bbox 977 3704 994 3740; x_wconf 81' lang='lat' dir='ltr'>a</span> <span class='ocrx_word' id='word_1_242' title='bbox 1010 3687 1037 3754; x_wconf 82' lang='lat'>3)</span> <span class='ocrx_word' id='word_1_243' title='bbox 1053 3704 1121 3741; x_wconf 90' lang='lat' dir='ltr'>non·</span> 
     </span>
     <span class='ocr_line' id='line_1_34' title="bbox 40 3769 1122 3841; baseline -0.002 -15"><span class='ocrx_word' id='word_1_244' title='bbox 40 3774 109 3826; x_wconf 91' lang='lat' dir='ltr'>nulli</span> <span class='ocrx_word' id='word_1_245' title='bbox 125 3791 146 3827; x_wconf 85' lang='lat' dir='ltr'>u.</span> <span class='ocrx_word' id='word_1_246' title='bbox 163 3773 259 3826; x_wconf 85' lang='lat' dir='ltr'>Patres</span> <span class='ocrx_word' id='word_1_247' title='bbox 276 3770 441 3825; x_wconf 82' lang='lat' dir='ltr'>dubitarunt</span> <span class='ocrx_word' id='word_1_248' title='bbox 458 3771 493 3824; x_wconf 89' lang='lat' dir='ltr'>de</span> <span class='ocrx_word' id='word_1_249' title='bbox 510 3771 634 3840; x_wconf 84' lang='lat' dir='ltr'>gloriosa</span> <span class='ocrx_word' id='word_1_250' title='bbox 649 3772 676 3826; x_wconf 94' lang='lat' dir='ltr'>b.</span> <span class='ocrx_word' id='word_1_251' title='bbox 686 3771 812 3841; x_wconf 86' lang='lat' dir='ltr'>Virginis</span> <span class='ocrx_word' id='word_1_252' title='bbox 826 3771 1031 3839; x_wconf 85' lang='lat' dir='ltr'>Assumptione,</span> <span class='ocrx_word' id='word_1_253' title='bbox 1047 3769 1122 3825; x_wconf 86' lang='lat' dir='ltr'>inter</span> 
     </span>
     <span class='ocr_line' id='line_1_35' title="bbox 41 3851 1120 3924; baseline -0.002 -16"><span class='ocrx_word' id='word_1_254' title='bbox 41 3873 108 3924; x_wconf 89' lang='lat' dir='ltr'>quos</span> <span class='ocrx_word' id='word_1_255' title='bbox 125 3856 209 3912; x_wconf 83' lang='lat' dir='ltr'>etiarn</span> <span class='ocrx_word' id='word_1_256' title='bbox 226 3871 247 3910; x_wconf 92' lang='lat' dir='ltr'>s.</span> <span class='ocrx_word' id='word_1_257' title='bbox 265 3852 440 3922; x_wconf 82' lang='lat' dir='ltr'>Epiphanius</span> <span class='ocrx_word' id='word_1_258' title='bbox 458 3853 574 3920; x_wconf 83' lang='lat' dir='ltr'>(haeres.</span> <span class='ocrx_word' id='word_1_259' title='bbox 591 3858 626 3911; x_wconf 81' lang='lat'>78</span> <span class='ocrx_word' id='word_1_260' title='bbox 642 3854 666 3924; x_wconf 67' lang='grc' dir='ltr'>ξ.</span> <span class='ocrx_word' id='word_1_261' title='bbox 684 3856 737 3920; x_wconf 88' lang='lat'>11).</span> <span class='ocrx_word' id='word_1_262' title='bbox 769 3856 809 3907; x_wconf 85' lang='lat' dir='ltr'>At</span> <span class='ocrx_word' id='word_1_263' title='bbox 823 3852 870 3907; x_wconf 89' lang='lat' dir='ltr'>hic</span> <span class='ocrx_word' id='word_1_264' title='bbox 887 3870 943 3907; x_wconf 92' lang='lat' dir='ltr'>non</span> <span class='ocrx_word' id='word_1_265' title='bbox 961 3851 995 3906; x_wconf 86' lang='lat' dir='ltr'>de</span> <span class='ocrx_word' id='word_1_266' title='bbox 1013 3852 1039 3907; x_wconf 93' lang='lat' dir='ltr'>b.</span> <span class='ocrx_word' id='word_1_267' title='bbox 1057 3852 1120 3908; x_wconf 90' lang='lat' dir='ltr'>Vir-</span> 
     </span>
     <span class='ocr_line' id='line_1_36' title="bbox 39 3934 1120 4007; baseline -0.004 -16"><span class='ocrx_word' id='word_1_268' title='bbox 39 3939 112 4005; x_wconf 84' lang='lat' dir='ltr'>ginis</span> <span class='ocrx_word' id='word_1_269' title='bbox 134 3937 345 4007; x_wconf 72' lang='lat' dir='ltr'>demptione,</span> <span class='ocrx_word' id='word_1_270' title='bbox 373 3936 480 3990; x_wconf 84' lang='lat' dir='ltr'>sedda</span> <span class='ocrx_word' id='word_1_271' title='bbox 505 3938 563 4007; x_wconf 87' lang='lat' dir='ltr'>ejus</span> <span class='ocrx_word' id='word_1_272' title='bbox 588 3942 678 3992; x_wconf 89' lang='lat' dir='ltr'>morte</span> <span class='ocrx_word' id='word_1_273' title='bbox 704 3937 816 3991; x_wconf 81' lang='lat' dir='ltr'>dubitat</span> <span class='ocrx_word' id='word_1_274' title='bbox 841 3935 924 4004; x_wconf 87' lang='lat' dir='ltr'>idque</span> <span class='ocrx_word' id='word_1_275' title='bbox 948 3934 1029 4000; x_wconf 88' lang='lat' dir='ltr'>ideo,</span> <span class='ocrx_word' id='word_1_276' title='bbox 1056 3935 1120 4004; x_wconf 86' lang='lat' dir='ltr'>quia</span> 
     </span>
    </p>
   </div>
   <div class='ocr_carea' id='block_1_4' title="bbox 39 4019 969 4154">
    <p class='ocr_par' dir='ltr' id='par_1_8' title="bbox 39 4019 969 4154">
     <span class='ocr_line' id='line_1_37' title="bbox 39 4019 969 4154; baseline 0 -80"><span class='ocrx_word' id='word_1_277' title='bbox 39 4022 143 4074; x_wconf 92' lang='lat' dir='ltr'>nullum</span> <span class='ocrx_word' id='word_1_278' title='bbox 160 4022 258 4076; x_wconf 86' lang='lat' dir='ltr'>mortis</span> <span class='ocrx_word' id='word_1_279' title='bbox 275 4019 424 4088; x_wconf 87' lang='lat' dir='ltr'>vestigium</span> <span class='ocrx_word' id='word_1_280' title='bbox 440 4021 469 4074; x_wconf 89' lang='lat' dir='ltr'>in</span> <span class='ocrx_word' id='word_1_281' title='bbox 486 4038 507 4076; x_wconf 90' lang='lat' dir='ltr'>s.</span> <span class='ocrx_word' id='word_1_282' title='bbox 524 4020 614 4076; x_wconf 84' lang='lat' dir='ltr'>literis</span> <span class='ocrx_word' id='word_1_283' title='bbox 631 4021 747 4076; x_wconf 86' lang='lat' dir='ltr'>invenit.</span> <span class='ocrx_word' id='word_1_284' title='bbox 919 4099 969 4154; x_wconf 57' lang='lat'>31*</span> 
     </span>
    </p>
   </div>
   <div class='ocr_carea' id='block_1_5' title="bbox 0 0 1396 4554">
    <p class='ocr_par' dir='ltr' id='par_1_9' title="bbox 0 0 1396 4554">
     <span class='ocr_line' id='line_1_38' title="bbox 0 0 1396 4554; baseline 0 3"><span class='ocrx_word' id='word_1_285' title='bbox 0 0 1396 4554; x_wconf 95' lang='lat' dir='ltr'> </span> 
     </span>
    </p>
   </div>
  </div>
 </body>
</html>
