2730 4564
758 337 798 396 74

235 495 317 580 justi
345 496 414 560 Deo
447 499 481 560 et
508 494 693 560 hominibus
724 497 884 579 pauperes
912 496 1113 580 (Joachimus
1143 506 1177 564 et
1204 499 1322 582 Anna),
1353 475 1354 569 l

238 594 389 678 inquit,1)
417 614 519 659 annos
540 594 672 658 circiter
692 595 814 678 viginti,
838 602 964 662 castum
985 598 1116 663 Domini
1138 598 1324 681 conjugium
1353 593 1354 678 Q

238 693 308 758 sine
328 693 506 758 liberorum
525 693 751 776 procreatione
774 693 978 760 exercebant.
1013 695 1181 761 Voverunt
1201 702 1322 774 tamen,
1353 709 1354 759 l

239 792 267 858 si
287 790 373 857 forte
390 792 478 857 Deus
501 791 637 856 donaret
654 793 700 858 eis
722 793 875 872 sobolem,
894 815 966 858 eam
987 815 1022 858 se
1039 794 1170 859 Domini
1191 795 1324 859 servitio
1353 787 1354 852 l

238 892 488 974 mancipaturos,
518 891 665 955 Evclutis
683 912 765 974 ergo·
775 898 826 956 tot
839 913 998 957 annorum
1011 893 1192 970 curriculis,
1206 894 1324 958 missus

240 997 290 1056 est
311 990 444 1074 angelus
466 990 606 1068 Domini,
628 991 719 1072 prius
741 991 783 1056 ad
802 991 960 1072 Jcaehim,
983 991 1100 1056 deinde
1120 991 1164 1055 ad
1185 991 1324 1070 Annam,

239 1090 392 1154 nuntians
414 1089 445 1153 ei
465 1089 664 1154 nascituram
684 1089 786 1155 filiam
807 1091 936 1155 nomine
958 1090 1110 1169 Mariam,
1133 1091 1187 1155 cui
1208 1091 1324 1156 similis

240 1189 416 1252 sanctitate
437 1208 496 1252 nec
525 1195 622 1252 antea
649 1195 728 1254 nata
756 1188 870 1268 fuerit,
900 1210 960 1253 nec
981 1195 1098 1272 postea
1123 1195 1324 1255 nasceretur.

239 1288 374 1352 Factum
406 1294 457 1352 est
487 1287 599 1371 itaque
632 1288 728 1370 juxta
763 1288 897 1353 verbum
933 1289 1055 1372 angeli,
1094 1296 1172 1360 nata
1206 1295 1259 1354 est
1289 1289 1324 1352 in

240 1385 372 1450 civitate
394 1384 558 1451 Nazareth
586 1387 788 1452 sanctissima
809 1386 907 1468 Virgo
927 1394 969 1451 'et
995 1387 1114 1452 mansit
1140 1387 1188 1452 ibi
1216 1387 1324 1453 tribus
1353 1407 1354 1418 ¹

240 1485 333 1549 annis
354 1485 388 1548 in
409 1491 546 1567 paterna
568 1485 680 1566 d0m03
709 1493 824 1570 postea
844 1506 929 1564 vere,
953 1486 1038 1551 sicut
1058 1493 1211 1569 parentes
1233 1487 1325 1552 illam

240 1583 310 1647 Deo
332 1590 495 1663 voverant,
518 1584 617 1650 ducta
633 1581 874 1668 Hierosolymas
895 1586 929 1648 in
950 1585 1071 1668 templo
1094 1586 1226 1651 Domini
1251 1608 1325 1652 con·

239 1689 369 1748 versata
395 1690 445 1748 est
472 1705 575 1766 usque
597 1684 639 1750 ad
661 1691 814 1766 quartum
840 1685 1002 1749 decimum
1029 1706 1163 1764 annum,
1190 1686 1325 1768 jejuniis

129 1783 132 1789 ’
241 1789 275 1846 et
296 1782 497 1847 orationibus
519 1785 660 1848 serviens
683 1784 735 1848 die
756 1806 794 1848 ae
817 1791 912 1848 nocte
935 1790 969 1848 et
989 1783 1210 1867 virginitatem
1231 1806 1325 1850 suam

152 1929 155 1936 ,
240 1903 372 1962 vovens3
395 1882 483 1966 quod
504 1890 581 1948 ante
598 1882 697 1965 Virgo
718 1882 786 1947 ulla
806 1903 872 1947 non
892 1881 1025 1961 fecerat,
1048 1883 1203 1966 angelicis
1225 1884 1325 1950 collo-

242 1983 327 2065 quiis
358 1982 550 2066 frequenter
578 1983 704 2046 utens.“
751 1983 801 2046 En
830 1983 929 2048 series
961 1987 1132 2046 auctorum
1159 2002 1225 2047 non
1256 2005 1326 2048 sus·

242 2087 420 2164 pectorum,
444 2081 501 2164 qui
521 2087 666 2146 nostram
686 2087 821 2146 tenuere
843 2081 1047 2146 sententiam.
1101 2161 1102 2164 Ἴ

302 2180 375 2245 Non
403 2201 479 2264 ergo
509 2186 573 2259 est,
604 2201 663 2244 cur
690 2181 775 2245 tanti
802 2179 960 2246 faciamus
988 2179 1193 2263 tragoediam
1220 2179 1322 2258 illam,

241 2279 294 2344 cui
325 2278 443 2344 titulus
471 2279 675 2361 ,Christus
706 2280 901 2362 patiens,“
935 2301 959 2344 s.
989 2278 1180 2362 Gregorio
1213 2277 1325 2344 Nazi-
1353 2339 1354 2362 ,

240 2399 388 2444 anaeno
417 2379 632 2460 suppositam,
662 2379 696 2442 in
723 2399 788 2462 qua
816 2378 949 2457 dicitur,
978 2378 1008 2442 b.
1031 2377 1198 2460 Virginem
1226 2399 1247 2443 a
1275 2399 1324 2444 sa·

241 2475 427 2541 cerdotibus
455 2477 498 2541 ad
520 2477 678 2543 Samuelis
705 2478 951 2543 similitudinem
977 2478 1011 2542 in
1039 2477 1160 2542 sanctis
1186 2477 1324 2543 aedibus
1353 2473 1354 2480 '

243 2574 415 2640 educatam
443 2582 478 2641 et
504 2577 544 2641 ab
574 2577 688 2660 angelo
717 2575 817 2642 fuisse
847 2577 1033 2642 enutritam.
1076 2576 1323 2642 Bellarmino

241 2672 407 2740 Cardinali
419 2675 444 2757 2)
466 2673 523 2738 illa
542 2675 710 2758 tragoedia
731 2697 816 2758 ,non
836 2674 966 2740 videtur
984 2674 1105 2740 habere
1127 2675 1325 2758 gravitatem

241 2773 371 2838 solitam
391 2771 603 2853 Nazianzeno,
625 2776 819 2858 praesertim
841 2797 940 2858 quum
965 2773 1160 2839 describitur
1181 2774 1324 2857 ejulatus

241 2871 356 2936 Matris
373 2871 504 2951 Christi,
522 2895 606 2956 quae
620 2874 873 2957 prudentissima
890 2881 924 2938 et
942 2873 1204 2938 constantissima
1220 2875 1323 2939 erat.“

242 2971 309 3037 Nec
330 2973 435 3037 minus
456 2995 515 3056 pro
537 2974 659 3039 tuenda
679 2981 792 3040 nostra
814 2974 966 3056 opinione
987 2971 1128 3038 Evodii
1151 2972 1324 3055 epistolam

242 3070 426 3152 ,Lumen“
453 3072 642 3156 inscriptam
664 3074 805 3156 allegare
826 3073 948 3156 placet,
977 3071 1105 3156 dequa
1125 3073 1324 3138 Baronius

241 3169 423 3253 profitetur,
432 3173 457 3256 ⁸)
486 3173 650 3256 ,nondum
676 3174 739 3238 sibi
760 3179 961 3256 compertum
983 3192 1067 3250 esse,
1097 3171 1187 3236 illam
1208 3171 1324 3236 Evodii

243 3271 413 3352 epistolam
434 3273 532 3338 alicui
556 3275 764 3356 antiquorum
784 3273 994 3338 innotuisse.“
1038 3271 1132 3350 Quod
1154 3269 1324 3336 confirmat

242 3369 444 3436 Graveson
472 3372 636 3456 dicens24)
668 3372 755 3456 ,Nec
785 3373 895 3438 Sixtus
922 3372 960 3436 V.
990 3393 1133 3437 summus
1161 3369 1323 3448 Pontifex,

243 3468 299 3550 qui
331 3477 525 3552 expunctam
557 3493 577 3536 a
609 3473 776 3536 decessore
808 3493 866 3536 suo
898 3470 955 3535 Pio
982 3470 1020 3535 V.
1049 3471 1325 3536 Praesentationis

310 3653 329 3720 1)
346 3653 387 3709 De
404 3656 558 3711 Nativitate
575 3656 605 3709 Β.
623 3656 661 3710 Μ.
680 3656 711 3710 V.
730 3655 816 3710 Serm.
834 3654 870 3710 ll.
909 3655 932 3720 ²)
949 3654 992 3708 De
1014 3654 1110 3722 script.
1128 3653 1324 3708 ecclesiasticis

241 3734 276 3787 ad
293 3751 394 3790 annum
411 3742 461 3794 370
476 3743 544 3794 tom.
562 3739 623 3792 Vll.
656 3738 749 3791 Habet
770 3738 846 3791 illam
870 3736 1045 3806 tragoediam
1069 3753 1137 3803 opus
1155 3736 1324 3806 Apollinaris

241 3814 450 3876 haeresiarchae
475 3825 524 3875 aut
546 3824 644 3890 poetae
669 3820 805 3887 incogniti
829 3821 936 3888 potius,
962 3835 1044 3887 quam
1070 3817 1098 3872 S.
1119 3817 1248 3886 Gregorii
1273 3819 1323 3872 Na·

241 3900 374 3957 zianaeui.
415 3905 435 3968 ³)
457 3903 512 3958 Cir.
530 3904 633 3971 Appar.
655 3901 691 3955 ad
708 3901 829 3955 Annales
851 3900 874 3970 ξ.
892 3904 937 3968 47;
964 3900 1084 3954 Annales
1108 3897 1144 3952 ad
1161 3899 1275 3953 Annum
1293 3903 1322 3955 71
1353 3937 1354 3968 ,

242 3982 265 4052 ξ.
284 3987 324 4040 13.
357 3987 378 4052 ⁴)
397 3985 429 4038 ln
445 3989 528 4040 tract.
545 3984 580 4039 de
597 3988 679 4054 myst.
696 3993 725 4039 et
742 3984 821 4038 annis
839 3983 940 4039 Christi
958 3983 1022 4038 diss.
1040 3980 1102 4050 1‚§.
1121 3982 1144 4035 1.
1353 3981 1354 4044 l

1353 4067 1354 4098 l
