2728 4554
538 375 597 432 431
699 412 707 432 -.

44 532 174 610 hominis,
197 532 254 597 sed
276 532 338 597 Dei
358 532 466 598 Mater
485 531 594 611 fieret;
617 538 651 597 et
671 531 745 596 ideo
768 532 937 619 dicitur:¹)
966 539 1106 621 „Mulier

43 631 148 696 amiota
174 631 276 710 sole,“
309 631 403 714 quasi
430 637 504 696 tota
534 630 661 714 repleta
692 630 894 697 divinitate.“
942 636 978 700 B.
1007 639 1105 724 Virgo

43 730 167 813 denique
187 730 314 794 aeterni
334 730 442 795 Patris
462 729 680 812 primogenita
700 732 897 820 nominanda
918 743 969 802 θεῖ

94 836 119 895 δ’.
157 829 254 896 titulo
292 828 515 893 vocationis
556 827 603 891 ad
635 827 931 898 haereditatem
963 838 1106 904 coeles·

42 936 114 993 tem.
167 929 330 1010 Superans
363 926 449 990 enim
481 946 592 990 omnes
628 932 796 992 creaturas
832 931 866 994 in
897 934 1019 1014 gratia,
1056 958 1108 1001 su-

41 1035 121 1108 peret
142 1047 197 1092 eas
224 1030 358 1108 oportet
378 1025 478 1089 otiam
507 1025 541 1089 iu
570 1024 682 1107 gloria.
726 1026 941 1110 Dignissimus
969 1053 993 1098 ε.
1020 1034 1110 1099 Ber·

41 1126 220 1190 hardinus
250 1125 451 1201 Senensis,
482 1145 578 1207 quem
599 1123 661 1189 hac
690 1123 730 1188 de
751 1146 787 1190 rc
816 1129 986 1197 audiamus
1009 1132 1109 1199 disse·

42 1232 163 1289 rentem.
208 1222 513 1306 ,Certitudiualiter
534 1223 711 1288 tenendum
733 1230 799 1302 θεῖ,
839 1225 990 1313 inquit,²)
1023 1232 1110 1314 quod

42 1323 101 1404 ipsa
127 1324 171 1389 sit
198 1344 298 1406 supra
326 1343 454 1388 omnem
474 1343 591 1406 puram
619 1329 804 1388 creaturam
830 1325 864 1389 in
891 1327 995 1410 gloria
1023 1331 1115 1395 exal*

40 1429 107 1503 tata,
123 1431 282 1507 tanquam
297 1444 357 1505 per
377 1445 411 1488 se
433 1423 569 1506 implens
592 1430 626 1487 et
642 1423 807 1506 complens
823 1445 925 1489 uuum
946 1425 1109 1510 integrum

39 1543 70 1586 ao
89 1523 225 1588 totalem
245 1528 377 1600 statum,
400 1521 453 1585 cui
477 1513 655 1586 secundum
676 1527 799 1586 rectam
820 1521 983 1588 rationem
1003 1525 1110 1592 altera

38 1644 165 1704 persona
186 1642 327 1704 congrue
355 1642 422 1686 non
443 1626 554 1704 potest
574 1619 667 1698 addi,
698 1621 775 1704 quio
800 1620 988 1688 nullatenus
1016 1623 1111 1691 decet

38 1722 144 1788 Filium
165 1722 242 1799 Dei,
270 1720 334 1786 nisi
355 1741 454 1785 uuam
481 1719 584 1784 solam
604 1719 745 1784 Matrem
766 1720 951 1786 naturalem
971 1721 1108 1802 habera3

38 1822 86 1886 sed
114 1823 201 1888 ratio
232 1819 392 1885 naturalis
417 1818 543 1896 ¹dictat,
577 1817 665 1901 quod
696 1818 803 1883 Mater
834 1818 931 1901 Regis
963 1821 1109 1884 omnium

38 1922 130 2001 prima
152 1920 251 1986 sitin
272 1918 348 1984 sede
369 1918 459 2001 regia
480 1937 579 1999 super
600 1937 710 1981 omnes
732 1917 956 1982 ministrorum
978 1919 1108 1985 ordines

38 2019 204 2097 collocata,
246 2017 333 2082 unde
371 2016 470 2081 etiam
508 2015 654 2080 Ecclesia
693 2017 799 2081 canit:
845 2015 1021 2098 ,Exultata
1059 2023 1110 2082 est

38 2125 138 2182 sancta
170 2117 233 2181 Dei
265 2116 414 2181 Genitrix
445 2136 544 2198 super
580 2115 695 2179 choros
725 2114 925 2198 Angelorum
960 2114 1004 2179 ad
1036 2135 1108 2180 coed

37 2215 122 2282 lestia
143 2216 275 2299 regua.“

87 2316 115 2379 b.
147 2313 390 2380 Perfeotissima
418 2333 503 2376 cum
528 2331 699 2393 persona
725 2311 821 2377 Filii
849 2310 998 2376 affinitas.

89 2413 123 2476 B.
145 2414 246 2494 Virgo
276 2401 327 2476 est
353 2431 388 2474 re
415 2431 492 2474 vera
512 2409 613 2485 Verbi
639 2416 765 2474 mater
793 2419 827 2476 et
847 2412 991 2478 Verbum
1012 2434 1108 2478 verus

37 2530 67 2574 ac
87 2511 274 2594 unigenitus
302 2510 332 2574 b.
356 2509 498 2592 Virginis
524 2506 660 2573 Filius.
703 2508 756 2573 Ita
785 2509 964 2576 declaravit
992 2517 1026 2576 et
1053 2511 1109 2577 de-

36 2608 129 2676 finivit
146 2609 295 2675 Ecclesia
311 2609 345 2672 in
362 2607 535 2690 Ephesino,
554 2606 818 2687 Chalcedonensi,
837 2608 1110 2694 Constantinopo-

36 2705 127 2773 litano
151 2709 194 2774 II.
216 2706 355 2790 aliisque
377 2706 530 2785 conciliis,
560 2706 609 2771 ita
630 2727 740 2770 omnes
761 2727 785 2770 s.
808 2707 974 2772 Ecclesiae
995 2707 1128 2774 Patres

23 2807 251 2890 ¹Doctoresque
281 2828 409 2890 semper
439 2806 632 2883 docuerunt,
651 2805 699 2870 ita
720 2805 824 2871 totius
846 2806 933 2871 orbis
956 2807 1110 2872 catholici

36 2904 138 2972 fideles
167 2900 318 2971 omuibus
338 2905 520 2970 firmissime
547 2904 757 2970 crediderunt
777 2906 989 2988 temporibus.
1032 2905 1110 2970 Viu-

35 3005 136 3071 culum
158 3026 235 3088 ergo
252 3004 371 3071 Filium
391 3005 477 3070 inter
500 3011 533 3069 θῖ
553 3004 584 3069 b.
596 3004 762 3086 Virginem
784 3005 927 3069 existens
944 3005 1109 3070 uinculum

35 3105 177 3170 naturale
207 3110 257 3168 est
284 3103 526 3168 nominandum.
569 3102 604 3166 B.
626 3101 725 3184 Virgo
755 3123 790 3166 re
819 3123 896 3167 vera
923 3108 973 3168 est
1002 3103 1110 3168 Mater

36 3201 165 3281 Christi,
199 3223 300 3286 quum
332 3223 406 3266 eum
434 3201 620 3284 conceperit
649 3206 683 3265 et
708 3201 890 3283 pepererit,
914 3202 1024 3286 quiin
1045 3223 1112 3268 una

36 3300 208 3384 eademque
228 3321 369 3383 persona
397 3301 506 3366 divina
526 3300 621 3366 homo
651 3306 685 3365 et
706 3300 794 3365 Deus
816 3310 875 3369 θεῖ.
919 3303 1002 3369 Caro
1024 3303 1111 3369 enim

36 3396 152 3466 Christi
176 3420 243 3464 uon
268 3400 359 3483 prius
388 3399 453 3465 fuit
481 3405 639 3483 concepta
668 3406 702 3465 et
729 3401 937 3483 postmodum
965 3401 1111 3466 animata

36 3503 64 3561 et
83 3520 103 3562 a
125 3498 234 3564 Verbo
256 3506 434 3582 assumpta,
459 3498 571 3564 sedin
593 3497 707 3563 eodem
726 3498 865 3564 instanti
892 3505 1050 3583 concepta
1071 3520 1109 3565 ac

34 3597 155 3662 animae
176 3597 350 3683 Verboque
371 3599 474 3662 unita.

90 3696 229 3778 ,Merito
258 3697 372 3780 itaque
394 3697 493 3782 beata
514 3696 620 3762 Maria
648 3694 770 3760 dicitur
790 3695 921 3778 pariens
942 3695 1109 3780 parientis,

96 3927 116 3994 1)
133 3930 221 3998 apoc.
244 3926 306 3993 sn,
330 3931 353 3982 1.
396 3925 417 3993 θ)
434 3905 588 3992 Τοεζιιι,
612 3941 693 3979 serm.
715 3927 731 3978 a
753 3923 789 3979 ee
811 3925 903 3994 glorio
924 3924 955 3981 s.
976 3925 1015 3980 u.
1033 3925 1066 3982 v.
1086 3940 1111 3983 a

34 4012 106 4079 lep.
124 4013 145 4067 l.
