2726 4560
768 354 805 414 32

243 513 382 578 maxime
411 535 445 578 se
467 519 653 596 permotum
680 512 806 578 fatetur
834 515 1052 594 Petavius,
1081 523 1120 581 ut
1147 517 1234 583 hane
1262 541 1331 584 am·
1359 525 1360 596 1

243 614 443 698 plecteretur
464 615 645 678 veritatem.
690 613 820 695 „Movet
841 635 892 678 me
923 621 1049 693 autem,
1082 615 1204 699 inquit,
1236 619 1331 682 utin

244 734 316 777 cam
332 713 394 778 sim
409 719 538 795 partem
551 712 743 795 propensior
760 713 947 790 0010100010,
964 714 1102 778 maxime
1120 716 1331 782 ’0000001110-
1359 725 1360 803 1

243 812 324 877 lium
345 813 504 890 omnium,
535 812 592 893 qui
613 812 673 876 hoc
694 811 818 876 intimis
840 812 1004 876 mentibus
1033 812 1165 895 alteque
1187 814 1333 880 defixum

242 911 382 989 habent,
412 917 446 975 et
476 911 594 993 quibus
615 917 752 992 possunt
780 911 923 988 indiciis,
954 909 1130 995 officiisque
1153 919 1332 994 testantur,
1359 935 1360 988 1

242 1010 325 1074 nihil
346 1009 404 1074 illa
424 1008 556 1090 Virgine
578 1009 714 1087 castius,
736 1009 864 1090 purius,
887 1009 1101 1090 innocentius,
1124 1011 1333 1098 alieniusque

243 1108 384 1191 denique
406 1107 446 1171 ob
470 1107 555 1172 omni
578 1107 672 1170 sorde
694 1129 732 1172 ac
755 1106 829 1172 labe
848 1109 975 1190 peccati
992 1117 1201 1191 procreatum
1222 1135 1243 1176 a
1260 1114 1332 1180 Deo
1359 1121 1360 1194 1

242 1206 375 1271 10100011
390 1207 414 1288 ¹)
459 1205 510 1271 Sic
532 1204 597 1269 ille.
1359 1285 1360 1298 ¹

305 1306 350 1369 At
370 1325 493 1383 nonne,
516 1311 627 1387 patres
648 1303 866 1383 celeberrimi,
888 1326 1004 1389 nempe
1026 1328 1050 1371 s.
1072 1307 1330 1389 Bernardus,
1359 1361 1360 1372 ,

242 1426 268 1468 0.
300 1404 600 1468 Bonaventura
632 1410 666 1469 et
698 1427 720 1468 s.
751 1403 925 1470 Thomas
956 1406 1163 1489 privilegium
1191 1409 1274 1475 illud
1303 1434 1330 1476 0.
1359 1441 1360 1510 q

244 1503 405 1584 Dciparae
427 1502 653 1586 denegandum
674 1523 743 1568 esse
761 1503 884 1586 apertis
907 1504 1151 1586 proclamarunt
1172 1509 1332 1574 vocibus?
1359 1517 1360 1588 1

304 1601 394 1679 Esto,
417 1601 506 1684 quod
527 1623 567 1666 00.
590 1601 749 1666 Doctores
770 1602 960 1685 Angelicus,
986 1604 1180 1687 Seraphicus
1201 1629 1332 1674 necnon
1359 1607 1360 1692 1

242 1699 420 1765 Mellifluus
447 1699 477 1763 b.
509 1700 675 1782 Virginem
704 1701 880 1765 universali
912 1701 1078 1784 originalis
1106 1706 1236 1787 peccati
1266 1706 1333 1790 legi
1359 1693 1360 1788 1

241 1799 441 1884 subjacuisse
463 1794 677 1878 asseruerint,
709 1800 883 1884 quidinde
910 1804 1089 1884 sequetur?
1122 1804 1249 1887 ,Unius
1271 1815 1332 1872 001

242 1900 379 1965 01101100
401 1905 588 1964 0000101010
606 1900 792 1990 auctoritas,
813 1901 928 1964 scribit
946 1900 1141 1967 Melchior
1159 1903 1331 1988 canusa)
1359 1913 1360 1982 1

243 1999 344 2063 ctiam
372 1998 407 2062 10
437 1998 504 2076 his,
536 2019 620 2081 quae
641 1998 684 2062 ad
712 2019 820 2064 sacras
847 1999 960 2064 literas
989 2007 1023 2065 et
1045 2001 1230 2068 doctrinam
1252 2005 1332 2071 fidei

184 2087 187 2093 ’
242 2097 417 2179 pertinent,
439 2096 662 2178 probabile
685 2087 815 2179 quidem
833 2095 1332 2180 argumentum'subministrare
1359 2095 1360 2190 1

241 2201 360 2277 potest,
383 2194 550 2258 firmum
572 2216 647 2258 vero
664 2216 730 2258 000
746 2201 864 2278 potest.
898 2196 992 2272 Quod
1010 2207 1111 2280 quum
1132 2199 1332 2267 Sanctorum

210 2315 211 2318 ¹
243 2295 380 2381 quisque
419 2293 470 2357 bis
509 2293 670 2359 duntaxat
712 2295 873 2377 exceptis,
918 2296 974 2377 qui
1013 2296 1113 2362 libros
1153 2302 1331 2367 canonicos
1359 2295 1360 2380 1

241 2393 432 2472 ediderunt,
466 2392 585 2476 spiritu
612 2390 713 2457 fuerit
739 2392 882 2458 humano
910 2393 1054 2473 locutus,
1088 2402 1122 2460 et
1149 2397 1330 2480 aliquando

241 2493 407 2559 1011000
429 2493 564 2570 0110111,
595 2491 682 2574 quod
705 2493 749 2556 ad
769 2491 866 2557 fidem
887 2500 1035 2576 spectare
1056 2501 1172 2576 postea
1194 2496 1331 2564 demon·
1359 2492 1360 2578 1

241 2599 383 2658 01101010
405 2599 469 2670 001,
499 2598 612 2675 aperte
634 2599 764 2656 constat
786 2614 825 2656 ex
845 2593 1030 2676 hujusmodi
1052 2597 1252 2663 auctoritate
1277 2622 1331 2664 ex·
1359 2603 1360 2676 1

241 2691 838 2776 111010101011110101101100010000.1
874 2693 1081 2776 Inquiramus
1103 2714 1179 2776 ergo
1201 2699 1330 2777 paucis,
1359 2691 1360 2778 1

141 2789 146 2799 “
241 2791 398 2875 quidnam
413 2791 600 2856 habendum
618 2792 661 2856 sit
680 2791 719 2856 de
739 2792 992 2857 clarissimorum
1011 2793 1143 2858 illorum
1158 2794 1330 2862 Ecclesiae

240 2891 421 2956 Doctorum
442 2891 602 2973 opinione.
1359 2911 1360 2946 1

301 2988 326 3053 1.
361 2988 516 3053 Canonici
542 2990 715 3054 Ecclesiae
729 2991 955 3074 Lugdunensis
984 3012 1085 3073 quum
1112 2990 1234 3056 testum
1265 2996 1330 3061 Im·
1359 2995 1360 3072 1

240 3087 424 3154 1000010100
464 3088 692 3172 Conceptionis
731 3090 765 3154 in
807 3089 971 3173 aliquibus
1014 3089 1218 3156 dioecesibus
1258 3095 1330 3177 jam

239 3324 374 3390 Graecos,
400 3324 500 3378 unicae
524 3339 608 3380 verae
632 3323 778 3378 Ecclesiae
804 3323 1025 3380 reconciliandos
1049 3324 1207 3394 impensae,
1232 3328 1331 3384 adhuc

239 3408 328 3476 majus
342 3407 466 3476 ejusdem
482 3407 643 3462 testimonio
660 3406 746 3460 robur
760 3406 847 3462 addit.
872 3406 944 3462 Nam
961 3425 1046 3473 quum
1059 3408 1170 3476 utrique
1188 3407 1331 3466 dissiden-
1359 3429 1360 3474 1

238 3490 309 3543 11001
326 3489 401 3557 parti
419 3505 593 3544 communem
611 3507 672 3544 eam
690 3489 847 3544 doctrinam
870 3491 1083 3560 comperiamus,
1109 3507 1199 3560 neque
1217 3493 1280 3548 ulla
1298 3512 1331 3550 00
1359 3487 1360 3564 1

240 3572 275 3627 de
296 3589 328 3626 re
352 3573 476 3642 quaestio
495 3577 569 3627 mota
587 3573 624 3627 sit
648 3574 678 3626 in
695 3572 890 3627 collationibus
914 3575 989 3629 iuter
1006 3573 1134 3642 Gregorii
1151 3573 1199 3629 IX.
1215 3575 1329 3646 legatos
1359 3579 1360 3630 l

240 3659 269 3708 et
286 3654 408 3708 Graecos
425 3655 583 3724 episcopos,
601 3656 739 3710 Germano
757 3652 828 3709 duce
845 3662 969 3722 coactos,
993 3657 1141 3722 institutis,
1158 3657 1241 3725 plane
1260 3678 1329 3716 oon·
1359 3659 1360 3716 1

238 3737 334 3792 licitur
350 3737 484 3806 ejusmodi
508 3738 664 3810 doctrinam
682 3754 783 3807 graeco
800 3739 860 3812 ipso
885 3739 1033 3794 schismate
1050 3738 1238 3807 antiquiorem
1256 3760 1328 3808 esse,
1359 3729 1360 3800 1

240 3837 328 3888 eoque
346 3821 428 3874 etiam
446 3822 546 3877 oborto
563 3821 679 3890 pacifice
696 3821 844 3890 utrobique
868 3820 1047 3878 obtinuisse.“
1080 3821 1249 3878 0111101011
1268 3827 1288 3882 1.
1306 3843 1328 3882 c.
1359 3847 1360 3886 1

239 3909 307 3958 tom.
325 3902 361 3970 ΙΙ,
378 3920 440 3972 pag.
458 3907 514 3959 162.

306 4003 326 4069 ¹)
342 4001 384 4056 De
402 4000 597 4058 Incarnatione
614 4002 690 4070 XIV,
707 4006 731 4060 2.
751 4005 790 4058 10.
823 4001 845 4069 ²)
861 4003 903 4058 De
920 4005 973 4060 loc.
989 4005 1038 4062 lib.
1056 4003 1118 4072 Vll,
1136 4019 1180 4073 cp.
1197 4008 1223 4060 3.
