2718 4556
742 322 801 382 316

234 481 281 544 1⁰:
314 480 453 545 Utrum
480 489 697 564 conceptus
725 479 912 547 debuerit
936 483 1048 564 prius
1076 483 1293 547 annuntiari
1349 437 1350 532 1

536 580 797 646 beatissimae
824 581 1003 664 Virgini?

290 695 353 759 Hic
373 716 439 760 non
460 695 500 760 de
529 696 723 761 necessitate
753 697 806 780 agi
833 696 1026 779 simpliciter
1047 697 1138 763 dicta
1165 718 1219 762 seu
1244 696 1294 761 ab·

230 794 379 874 soluta,
401 816 460 878 per
481 816 516 860 se
537 795 638 877 patet.
684 796 837 861 Dubitari
858 797 944 861 enim
965 798 1098 880 nequit,
1122 797 1200 879 quin
1219 796 1293 860 Deus

229 893 467 960 Incarnationis
498 896 689 978 mysterium
720 897 753 960 in
788 897 819 960 b,
848 897 981 980 Virgine
1018 898 1120 962 etiam
1151 896 1229 960 illud
1256 896 1293 977 ig·

229 999 367 1058 noranta
394 993 550 1076 perficere
576 993 731 1078 potuerit.
778 993 853 1060 Non
880 1017 955 1078 ergo
982 995 1150 1078 loquimur
1176 996 1234 1060 uisi
1261 995 1292 1058 de

204 1094 424 1159 necessitate
451 1095 623 1168 relativa
652 1116 710 1160 seu
736 1095 979 1160 convenientiae
1009 1102 1043 1160 11
1069 1096 1103 1159 11
1125 1096 1186 1170 hoc
1211 1116 1292 1159 sensu

228 1193 448 1257 necessarium
475 1194 575 1258 fuisse
604 1195 793 1273 asserimus,
822 1201 861 1259 ut
889 1216 913 1258 s.
937 1193 1099 1278 Deiparae
1122 1194 1291 1260 Incarnatio

228 1292 488 1356 annuntiaretur.

291 1391 461 1470 Rationes,
494 1391 612 1473 quibus
643 1392 723 1456 haec
754 1392 912 1457 fundatur
943 1394 1096 1470 assertio,
1129 1393 1291 1476 respiciunt

229 1490 359 1568 Deum,
377 1490 494 1573 hujus
513 1491 696 1574 mysterii
713 1491 1013 1574 praestantiam,
1032 1493 1290 1557 beatissimam

231 1589 429 1672 Virginem
449 1591 488 1655 'ac
509 1596 686 1655 nostram
709 1589 837 1655 demum
858 1591 1177 1656 instructionem.

289 1709 317 1752 a.
356 1689 476 1767 Deus,
510 1689 550 1754 de
582 1711 646 1772 quo
674 1689 844 1772 legitur11)
881 1690 949 1771 „Tu
980 1697 1091 1754 autem
1124 1690 1291 1755 dominator

227 1787 358 1852 virtutis
396 1811 470 1853 cum
501 1789 741 1872 tranquillitate
780 1787 906 1873 judicas
939 1795 974 1860 et
1005 1787 1079 1853 c‘um
1110 1810 1223 1871 magna
1250 1807 1290 1850 re·

226 1882 372 1952 verentia
401 1888 544 1971 disponis
571 1887 650 1953 1111
678 1888 866 1953 suavissimo
895 1887 991 1953 modo
1019 1909 1093 1952 cum
1121 1885 1289 1951 hominibus

225 2006 321 2067 agere
344 2005 519 2070 eorumque
537 1986 724 2052 libertatem
742 1988 832 2052 nulla
852 1988 979 2053 ratione
997 1985 1128 2051 laedere
1147 1991 1287 2058 statuens,

226 2106 285 2167 per
306 2086 445 2168 gratiam
472 2108 564 2150 suam
585 2087 746 2151 neminem
771 2087 898 2152 ratione
918 2086 1105 2169 praeditum
1132 2086 1174 2150 ad
1194 2083 1289 2149 amici·

226 2184 306 2249 tiam
343 2206 436 2252 suam
474 2186 542 2250 sine
579 2185 667 2251 illius
706 2208 863 2252 consensu
894 2185 1064 2270 pertrahit.
1118 2184 1192 2250 Jam
1226 2201 1288 2246 vero

224 2303 327 2364 quum
358 2282 388 2346 b.
417 2282 516 2366 Virgo
548 2284 609 2366 hoc
640 2285 793 2367 mysterio
826 2285 868 2349 ad
900 2284 1097 2368 singularem
1129 2305 1201 2348 cum
1231 2282 1288 2345 Deo

225 2381 486 2464 conjunctionem
530 2389 697 2466 tamquam
741 2384 848 2448 Mater
888 2383 964 2448 Filii
1003 2383 1065 2447 Dei
1110 2389 1144 2447 11
1187 2399 1288 2464 sponsa

224 2480 366 2562 Spiritus
395 2481 500 2545 sancti
528 2481 654 2547 elevata
681 2482 796 2562 fuerit,
827 2483 926 2547 etiam
954 2503 1129 2548 consensus
1158 2482 1223 2566 ejus
1242 2477 1288 2543 ad·

224 2599 295 2642 esse
318 2579 440 2644 debuit.
510 2636 511 2639 ,
812 2587 815 2593 “

286 2677 316 2741 b.
339 2677 596 2744 Praestantia
617 2680 798 2762 mysterii
819 2680 860 2744 ab
883 2681 1031 2764 omnibus
1052 2680 1242 2764 patriarchis
1260 2683 1287 2741 et

223 2777 407 2860 prophetis,
436 2778 477 2842 ab
505 2779 653 2844 omnibus
671 2779 769 2864 justis
796 2800 834 2843 ac
854 2780 985 2862 regibus
1000 2777 1074 2867 'tam
1095 2780 1287 2846 vehementer

224 2875 402 2941 desiderati
428 2877 621 2958 postulavit,
653 2899 694 2942 ne
723 2878 757 2942 in
785 2877 889 2942 Maria
916 2879 1019 2943 invita
1047 2884 1105 2942 aut
1133 2879 1285 2961 ignorante

223 2973 305 3038 illud
339 2982 559 3057 perageretur.
614 2976 960 3042 Convenientissimum
996 2999 1013 3042 e
1052 2983 1167 3042 contra
1199 2975 1285 3039 fuisse

223 3072 368 3151 videtur,
406 3081 444 3139 ut
475 3074 504 3138 si
534 3075 661 3158 generis
692 3075 826 3140 humani
856 3076 1016 3158 pernicies
1048 3097 1086 3140 ac
1118 3076 1211 3140 ruina
1238 3091 1286 3154 per

222 3171 392 3236 mulierem
414 3173 543 3239 diabolo
572 3195 739 3240 assensum
759 3174 970 3258 praebentem
991 3175 1126 3257 incepit,
1157 3172 1284 3257 ejusdem

223 3291 352 3358 quoque
380 3272 514 3337 humani
541 3274 668 3356 generis
696 3275 861 3356 reparatio
890 3295 917 3338 a.
937 3273 1072 3338 muliere
1095 3273 1215 3356 Angelc
1235 3267 1285 3334 Dei

221 3372 419 3437 assentiente
455 3374 623 3439 exordium
658 3380 809 3438 sumeret.
862 3373 1044 3456 „Audistis
1084 3373 1191 3456 inquit
1223 3369 1284 3434 ideo

221 3469 414 3552 perpulchre
451 3493 475 3536 s.
509 3472 825 3555 Chrysologus,²)
855 3470 993 3537 audistis
1024 3470 1137 3550 hodie,
1170 3469 1282 3544 iratres,

221 3567 381 3650 Angelum
419 3591 493 3634 cum
530 3570 667 3635 muliere
712 3570 752 3635 de
790 3570 928 3635 hominis
969 3570 1175 3652 reparatione
1211 3575 1282 3632 trac·

220 3672 362 3730 tantem:
394 3668 532 3734 audistis
554 3670 622 3752 agi,
652 3675 690 3734 ut
711 3668 806 3733 homo
834 3668 982 3734 cursibus
1014 3666 1280 3751 eisdem,=quibus
1349 3701 1350 3724 1

221 3764 366 3848 dilapsus
387 3767 496 3834 fuerat
517 3770 560 3834 ad
580 3775 733 3848 mortem,
756 3769 879 3834 rediret
900 3769 943 3833 ad
963 3767 1071 3832 vitam.
1114 3768 1203 3852 Agit,
1223 3761 1278 3845 agit

287 3965 306 4029 ¹)
324 3963 386 4035 Sap.
405 3966 465 4030 XII,
485 3969 524 4021 18.
558 3965 579 4032 ²)
597 3966 683 4022 Serm.
702 3969 748 4020 142
766 3985 793 4022 n.
812 3967 833 4020 1.
