2728 4560
564 365 624 426 235

59 550 108 592 nec
122 527 270 605 reddas,“
288 526 340 592 vel
357 525 406 608 ,si
422 532 534 591 votum
552 525 774 591 continentiae
793 526 946 592 emittas“
963 534 1133 594 contracta

60 627 223 692 invalida
251 647 294 691 ac
324 625 446 690 irrita
474 646 568 704 esse,
598 625 822 690 demonstrare
852 633 1020 692 conantur.
1070 627 1133 692 Re·

60 733 183 790 currunt
204 725 383 790 adversarii

112 831 136 889 1.
179 825 221 889 ad
265 824 463 889 decisionem
502 823 734 906 Gregoriauam
771 823 840 906 jam
879 825 1013 907 supra1)
1052 825 1131 891 alle·

60 932 172 1006 getam,
211 946 277 1008 qua
316 923 560 988 matrimonium
598 923 708 987 vitiari
746 923 905 987 asseritur
943 922 1131 990 conditione

59 1023 132 1088 bono
158 1023 258 1106 prolis
280 1023 455 1088 contraria.
500 1021 651 1087 Conditio
681 1013 730 1103 ,si
757 1022 1002 1104 generationem
1029 1025 1131 1107 prolis

60 1123 166 1188 evites“
188 1129 239 1187 est
262 1122 426 1187 contraria
448 1120 653 1185 substantiae
675 1120 882 1185 matrimonii.
922 1121 1008 1204 Ergo
1031 1123 1131 1188 etiam

60 1222 187 1287 conditio
215 1221 367 1286 servandi
387 1226 581 1303 perpetuam
609 1220 797 1284 castitatem
823 1221 875 1284 vel
895 1227 1029 1304 pactum
1049 1245 1131 1290 nun·

60 1341 144 1402 quam
163 1319 299 1402 petendi
326 1325 360 1384 et
380 1317 539 1384 reddendi
560 1317 722 1397 debitum,
753 1340 817 1402 quo
839 1320 1007 1401 generatio
1029 1322 1131 1405 prolis
1151 1359 1153 1363 ·

62 1420 197 1484 evitetur.

110 1516 394 1600 Respondendum,
426 1517 549 1600 duplici
576 1515 673 1580 modo
696 1537 716 1579 a
738 1518 1008 1584 contrahentibus
1029 1521 1131 1603 prolis

59 1617 290 1698 generationem
311 1615 426 1680 evitari
447 1637 542 1697 posse
565 1621 599 1680 et
621 1615 752 1698 quidem
774 1637 802 1680 a.
826 1619 1000 1699 positive
1022 1657 1062 1666 —
1080 1643 1129 1703 vg.
1175 1667 1177 1672 -

58 1737 109 1797 per
126 1716 276 1799 poculum
302 1709 503 1793 sterilitatis,
532 1736 592 1797 per
621 1714 772 1797 copulam
799 1715 930 1782 invase
952 1718 1131 1784 innaturali

59 1822 111 1880 etc.
143 1816 170 1879 b.
198 1815 393 1897 negative,
423 1814 556 1879 vitando
585 1835 702 1896 nempe
731 1815 890 1897 copulam,
919 1838 979 1900 per
1007 1839 1131 1884 meram

59 1915 278 1980 abstinentiam
299 1935 319 1978 a
341 1913 467 1996 copula.
510 1913 755 1978 Matrimonium
783 1936 857 1978 cum
879 1936 1032 1998 expressa
1054 1939 1130 1982 con·

59 2014 169 2080 ditione
184 2014 359 2098 positive
376 2011 502 2076 vitandi
515 2012 641 2094 prolem
656 2012 833 2076 secundum
848 2035 959 2079 omnes
974 2015 1134 2082 authores·

59 2113 221 2179 invalidum
250 2120 309 2178 est.
352 2111 446 2176 Licet
468 2111 553 2176 enim
583 2132 622 2176 ex
643 2110 843 2177 matrimonii
871 2119 1043 2179 contractu
1064 2136 1130 2179 non

60 2231 171 2296 semper
191 2211 348 2295 obligatio
371 2210 510 2276 actualis
538 2217 572 2276 et
592 2212 742 2294 proxima
764 2212 938 2296 copulandi
962 2220 1128 2297 sequatur,

60 2309 120 2377 fluit
139 2315 251 2378 tamen
277 2331 405 2392 semper
434 2331 474 2375 ex
501 2310 558 2374 illo
587 2310 743 2394 obligatio
766 2310 848 2375 nihil
876 2312 991 2377 illicite
1013 2313 1132 2396 agendi

61 2418 160 2475 contra
176 2410 278 2494 prolis
299 2408 551 2492 generationem.
590 2409 642 2473 Ad
659 2411 902 2492 generationem
925 2412 1011 2476 enim
1028 2413 1130 2496 prolis

62 2511 289 2576 matrimonium
316 2508 455 2592 positive
484 2515 518 2574 et
539 2514 659 2574 natura
687 2531 746 2574 sua
774 2510 961 2590 ordinatur;
993 2511 1051 2576 illa
1080 2520 1131 2578 est

61 2610 227 2691 proprietas
255 2607 481 2690 inseperabilia
510 2629 530 2672 a
558 2608 776 2674 matrimonio.
821 2609 914 2675 Sicut
934 2610 969 2674 in
995 2617 1129 2677 natura·

62 2705 133 2773 libus
159 2715 280 2774 natura
308 2708 357 2772 rei
386 2729 459 2772 cum
487 2707 834 2801 suislproprietatibus
863 2715 932 2774 tam
960 2710 1074 2797 intime
1096 2718 1131 2776 et

62 2808 226 2874 necessario
249 2828 395 2872 connexa
417 2813 483 2884 est,
506 2813 544 2871 ut
565 2807 635 2872 siue
656 2807 722 2871 illis
744 2807 885 2872 existere
906 2817 1058 2892 nequeat,
1081 2811 1130 2876 ita

63 2905 146 2970 etiam
172 2906 418 2972 matrimonium
449 2905 516 2970 suis
547 2906 805 2988 proprietatibus
835 2907 1030 2974 destitutum
1059 2931 1129 2976 esse

61 3022 112 3068 nou
139 3011 258 3088 potest.
309 3005 373 3070 Sed
402 3005 596 3070 destituitur
627 3027 694 3069 una
726 3027 858 3070 suarum
886 3009 1129 3091 proprietatum

62 3105 303 3183 matrimonium,
337 3104 365 3169 si
393 3104 598 3169 contrabitur
630 3105 689 3169 sub
719 3105 904 3171 conditione
933 3107 1128 3190 „dummodo

64 3203 146 3269 evites
158 3205 296 3287 positive
311 3203 555 3287 generationem
566 3203 698 3284 prolis.“
724 3203 877 3269 Pontifex
897 3228 962 3271 nou
982 3208 1130 3291 loquitur

64 3302 112 3366 nisi
131 3303 168 3368 de
189 3305 252 3368 bac
273 3303 390 3368 illicita
413 3308 447 3366 et
467 3302 642 3384 positiva
664 3303 898 3370 evitatione.

113 3402 224 3468 Dices
262 3423 297 3468 a:
327 3404 366 3468 In
398 3402 561 3468 decisione
593 3403 650 3467 illa
683 3403 786 3469 citata
819 3426 885 3470 non
916 3406 1130 3490 distinguitur

63 3495 133 3566 inter
159 3503 369 3568 evitationem
396 3501 570 3585 positivam
598 3508 633 3567 et
653 3503 852 3586 negativam:
883 3526 959 3589 ergo
987 3527 1047 3572 nec
1068 3529 1128 3574 uos

64 3595 244 3684 distinguere
277 3600 447 3666 debemus!
488 3601 524 3665 R.
554 3599 627 3665 Non
662 3601 876 3685 distinguitur
911 3604 1043 3688 quidem
1075 3628 1129 3671 ex·

63 3695 167 3779 plicita,
186 3703 243 3768 sed
261 3708 352 3767 certo
374 3700 541 3784 implicite,
562 3701 639 3784 quia
656 3708 884 3784 proponuntur
901 3705 1127 3770 tantummodo

65 3797 248 3866 conditiones
287 3800 423 3866 illicitae
455 3800 725 3884 substantiaeque
761 3801 965 3868 matrimonii
997 3812 1127 3870 contra-

69 3935 244 3955 Ἢ

120 4013 137 4077 ι)
152 4013 204 4070 cu.
220 4031 283 4086 pag.
300 4017 358 4072 228.
