2728 4560
743 369 803 428 222

228 537 294 609 est,
317 552 382 594 non
403 529 641 612 conjunctionis
662 530 761 595 maris
783 535 817 593 et
837 528 993 606 feminae,
1022 529 1079 592 sed
1100 531 1289 596 concubitus:

229 636 362 713 poterat
382 630 468 694 enim
497 649 567 692 esse
595 630 629 693 in
651 635 792 711 utroque
820 649 901 692 sexu
929 627 1028 691 etiam
1055 628 1125 692 sine
1147 629 1206 692 tali
1224 652 1292 694 com·

229 729 402 807 mixtione,
443 727 579 792 alterius
616 727 826 810 obsequentis
863 726 1043 790 amicabilis
1082 729 1237 810 quaedam
1267 736 1293 792 et

230 849 385 912 germana
432 827 648 910 conjunctio.“
662 828 686 908 ¹)
753 825 852 890 Aliud
900 825 1124 890 testimonium
1172 827 1294 892 occurrit

230 928 346 992 Pontio
368 929 402 991 in
432 927 545 991 eodem
570 925 663 1004 libre,
674 926 699 1008 2)
728 924 786 989 ubi
813 947 837 988 s.
861 925 1077 1007 AugustinuS‚
1109 949 1208 1010 quum
1235 949 1293 990 exa-

230 1028 383 1103 minaret,
413 1047 471 1089 cur
499 1025 684 1107 conjugium
711 1030 797 1088 esset
816 1024 953 1102 bonum,
983 1025 1166 1109 subjungit:
1199 1026 1294 1110 ,Quod

230 1127 311 1191 mihi
337 1147 403 1190 non
424 1125 554 1189 videtur
574 1130 710 1206 propter
736 1123 839 1188 sclam
870 1122 1012 1188 filiorum
1043 1127 1294 1208 procreationem,

232 1226 290 1290 sed
307 1230 442 1308 propter
460 1223 565 1305 ipsam
586 1223 685 1286 etiam
706 1221 889 1286 naturalem
911 1223 944 1285 in
967 1222 1092 1289 diverso
1116 1248 1194 1290 sexu
1213 1226 1296 1291 socie-

231 1331 350 1389 tatem:
380 1321 526 1404 alioquin
545 1322 613 1403 jam
633 1342 698 1384 non
726 1319 891 1384 diceretur
911 1322 1095 1404 conjugium
1117 1325 1151 1388 in
1173 1325 1295 1402 senibus,

231 1421 425 1506 praesertim
445 1421 474 1484 si
495 1419 546 1484 vel
568 1420 752 1484 amisissent
771 1418 865 1497 filice,
890 1419 941 1483 vel
961 1421 1093 1487 minime
1115 1424 1295 1506 genuissent.

231 1521 326 1585 Nunc
346 1541 421 1584 vero
444 1519 583 1583 inbono
605 1518 683 1582 licet
704 1538 825 1582 annoso
840 1517 1019 1601 conjugio,
1051 1527 1085 1584 et
1106 1522 1134 1586 si
1156 1522 1297 1587 emarcuit

156 1675 160 1684 .
232 1621 330 1686 ardor
358 1620 477 1685 aetatis
504 1619 592 1682 inter
620 1617 800 1683 masculum
828 1623 861 1681 et
889 1617 1059 1697 feminam,
1089 1619 1177 1703 viget
1203 1629 1297 1686 tamen

233 1719 312 1784 ordo
341 1718 511 1782 charitatis
540 1719 628 1782 inter
655 1718 809 1782 maritum
842 1724 876 1782 et
902 1739 1053 1798 uxorem3
1086 1721 1163 1803 quia
1190 1726 1296 1804 quanto
1350 1798 1354 1819 Ι

236 1819 386 1884 meliores
407 1824 499 1896 sunt,
529 1823 622 1882 tanto
651 1817 811 1882 maturius
831 1839 852 1881 a
872 1817 1100 1883 commixtione
1123 1821 1227 1886 carnis
1246 1820 1300 1884 sive
1354 1825 1355 1836 ¹

232 1920 305 2004 pari
326 1940 484 1983 consensu
506 1938 540 1980 se
563 1917 729 1982 continere
751 1923 943 1998 coeperunt,
966 1938 1031 1980 non
1051 1924 1090 1982 ut
1107 1917 1298 2004 ,necessitatis

233 2025 327 2097 esset,
346 2024 461 2101 postea
481 2038 547 2080 non
568 2037 672 2098 posse,
693 2016 780 2099 quod
801 2015 931 2094 vellent,
951 2015 1009 2079 sed
1030 2022 1068 2080 ut
1088 2016 1196 2082 laudis
1218 2023 1299 2094 esset,

232 2117 374 2201 primum
395 2115 546 2192 noluisse,
570 2114 658 2197 quod
678 2120 821 2196 possent
865 2115 900 2179 Si
923 2135 999 2197 ergo
1021 2115 1212 2181 observatur
1231 2116 1300 2180 fides

232 2215 364 2280 honoris
393 2221 427 2278 et
448 2213 680 2296 obsequiorum
707 2213 843 2277 invicem
872 2213 1057 2277 debitorum
1084 2214 1126 2278 ab
1154 2215 1300 2280 altemtro

234 2335 322 2393 sexu,
343 2313 471 2378 etiamsi
492 2312 784 2395 languescentibus
806 2318 839 2376 et
855 2333 958 2394 prope
977 2312 1177 2378 cadaverinis
1195 2314 1301 2378 utrius-

234 2435 297 2496 que
318 2412 488 2490 membriS,
518 2412 700 2476 animorum
721 2417 831 2476 tamen
859 2411 923 2475 rite
951 2412 1200 2495 conjugatorum
1219 2419 1300 2479 tauto

230 2512 405 2590 sincerior,
444 2516 566 2594 quanto
596 2510 767 2593 probatior
802 2516 836 2574 et
867 2516 961 2574 tanto
993 2513 1153 2591 securior,
1192 2516 1301 2595 quanto

232 2611 392 2695 placidior
413 2611 547 2675 castitas
569 2609 786 2692 perseverat.“

295 2715 324 2774 2.
351 2710 389 2774 Id
406 2710 512 2792 ipsum
528 2709 662 2774 Pontius
682 2709 905 2772 demonstrare
924 2714 1061 2773 conatur
1077 2730 1118 2772 ex
1136 2731 1184 2788 eo,
1206 2705 1301 2792 ,quod

233 2811 267 2875 in
280 2809 486 2875 matrimonio
502 2808 690 2891 impotentis
705 2829 779 2871 cum
792 2807 964 2889 impotenti
978 2807 1108 2889 cognita
1121 2806 1305 2892 impotentia

234 2909 381 2975 decernit
397 2907 551 2985 Ecclesia,
570 2927 682 2971 verum
704 2927 773 2969 esse
792 2926 886 2988 posse
904 2905 1149 2970 matrimonium
1167 2906 1209 2971 ad
1225 2909 1303 2968 caste

233 3007 413 3073 vivendum.
458 3005 522 3070 Sed
544 3005 601 3088 qui
627 3005 791 3070 contrahit
812 3026 886 3069 cum
906 3005 1079 3088 impotenti
1105 3007 1233 3088 cognita
1252 3003 1304 3066 im·

234 3105 397 3190 potentia,
428 3103 614 3169 nullatenus
636 3111 746 3188 potest
766 3105 801 3169 in
823 3104 972 3187 copulam
993 3105 1194 3185 consentire,
1216 3121 1304 3188 quum

234 3203 443 3287 impossibilis
471 3203 515 3268 sit
535 3204 623 3268 intra
643 3225 699 3268 vas
729 3210 763 3268 et
788 3203 932 3268 naturali
954 3203 1064 3282 mod0,
1095 3225 1198 3286 quare
1217 3202 1306 3267 debet

233 3326 305 3370 esse
327 3304 386 3368 sub
410 3302 595 3368 conditione
618 3309 707 3369 caste
728 3303 864 3368 vivendi.

297 3408 323 3468 3.
357 3402 441 3480 Quia
469 3403 711 3467 matrimonium
738 3408 941 3466 contractum
969 3401 1028 3466 sub
1059 3423 1213 3484 expressa
1237 3421 1307 3464 con-

232 3502 358 3566 ditione
392 3508 479 3566 caste
511 3502 653 3581 vivendi,
686 3501 832 3566 validum·
862 3507 912 3565 est
939 3508 1039 3583 atque
1071 3500 1249 3584 legitimum
1276 3503 1306 3560 et

234 3601 370 3665 licitum.
420 3601 506 3683 Ergo
534 3622 647 3664 verum
677 3599 920 3665 matrimonium
952 3617 1022 3664 esse
1051 3606 1163 3682 potest
1194 3600 1306 3680 absque

235 3721 393 3765 consensu
415 3700 448 3763 in
471 3699 629 3782 copulam.

296 3799 412 3865 Omnia
443 3799 500 3863 illa
531 3797 641 3863 Pontii
668 3787 877 3880 argumenta,
911 3796 1040 3861 etiamsi
1070 3797 1176 3880 prima
1206 3795 1306 3860 fronte

301 4013 321 4078 ¹)
340 4011 401 4066 Lib.
418 4010 453 4065 de
470 4011 544 4064 bono
562 4010 701 4079 conjugali
719 4027 761 4079 cp.
780 4014 804 4066 1.
836 4009 857 4077 ²)
875 4011 922 4078 Op.
939 4011 963 4063 3.
