2726 4560
552 372 590 430 33

13 555 15 562 ·
48 531 229 596 celebratam
251 534 388 612 propter
410 550 503 595 suam
531 531 566 595 in
590 553 613 596 s.
638 531 814 615 Deiparam
834 533 993 616 pietatem
1013 536 1113 620 adop·

48 639 104 696 tare
133 629 326 706 voluissent,
365 627 524 693 Doctor
561 627 802 702 Mellifluus
840 630 901 697 hoc
934 635 1114 716 aegerrime

48 729 139 794 ferens
159 727 321 793 celebrem
341 725 432 790 illam
453 727 585 811 scripsit
611 727 792 810 epistolam,
801 729 826 812 ¹)
853 751 918 814 qua
939 730 1025 796 hunc
1047 732 1114 798 cul-

48 839 104 893 tum
120 827 178 893 sub
198 826 298 892 dubio
322 826 470 892 exhibuit
489 828 725 911 canonicosque
747 836 785 895 ut
803 829 1006 896 inconsultae
1025 834 1114 898 novi-

47 929 111 992 tatis
136 927 305 992 molitores
334 925 543 992 vehemcnter
570 927 762 1010 objurgavit.
812 929 926 1010 ,Unde
957 931 1114 998 miramur

46 1028 123 1106 satis,
151 1026 276 1110 inquit,
306 1023 395 1108 quod
415 1025 519 1090 visum
539 1024 641 1090 fucrit
667 1025 728 1091 hoc
750 1033 897 1110 tempore
919 1029 1113 1112 quibusdam

46 1133 171 1192 vaenum
195 1123 336 1190 voluisse
358 1130 486 1189 mutare
513 1122 656 1190 colorem
675 1126 849 1208 optimum,
882 1149 999 1192 novam
1019 1129 1114 1195 indn-

46 1226 131 1292 cendo
152 1224 396 1304 celebritatem,
420 1245 519 1307 quam
538 1225 623 1290 ritus
645 1225 883 1292 ecclesiasticus
905 1229 1025 1308 nescit,
1048 1251 1114 1295 non

45 1325 146 1407 probat
166 1324 265 1402 ratio,
285 1346 352 1390 non
373 1323 578 1390 commendat
599 1325 737 1409 antiqua
756 1325 892 1392 traditio
911 1376 918 1390 .
940 1375 999 1391 ...
1029 1327 1114 1394 Nam

46 1424 67 1488 si
83 1427 124 1489 sic
144 1423 333 1502 videbatur,
362 1423 561 1488 consulenda
583 1431 655 1490 erat
675 1424 766 1508 prins
795 1423 996 1507 apostolicae
1020 1425 1114 1493 Sedis

13 1559 14 1570 ,
46 1523 227 1602 auctoritas,
267 1528 301 1587 et
332 1542 399 1588 non
429 1521 478 1588 ita
508 1523 765 1606 praecipitanter
795 1529 895 1606 atquc
928 1524 1113 1592 inconsulto
1237 1534 1240 1540 '

45 1644 208 1704 paucorum
244 1621 410 1705 sequenda
441 1620 633 1705 simplicitas
669 1622 903 1706 imperitorum
957 1625 1002 1690 Et
1035 1633 1113 1692 ante

46 1721 159 1804 quidem
186 1719 277 1804 apud
297 1720 424 1803 aliquos
453 1741 597 1786 errorem
617 1741 854 1805 compereram,
884 1722 943 1788 sed
964 1724 1114 1790 dissimu-

46 1818 144 1900 labam,
160 1841 302 1905 parcens
321 1819 493 1898 devotioni,
514 1841 598 1903 quae
616 1820 656 1884 de
678 1821 817 1905 simplici
834 1822 932 1887 corde
951 1829 985 1890 et
1002 1845 1113 1890 amore
1207 1889 1212 1896 .

47 1919 170 2004 Virginis
187 1919 349 1984 veniebat.
382 1918 505 1983 Verum
522 1918 612 2001 apud
630 1920 803 2002 sapientes,
821 1928 919 2004 atque
937 1922 972 1986 in
988 1922 1114 1988 famosa

48 2019 195 2104 nobilique
219 2017 380 2095 Ecclesia,
410 2023 444 2082 et
465 2017 557 2100 cujus
578 2017 766 2100 specialiter
785 2017 872 2084 filius
894 2041 979 2099 sum,
1002 2042 1114 2104 super·

48 2118 163 2184 stitione
185 2115 403 2200 deprehensa,
436 2115 546 2180 nescio
574 2136 617 2180 an
646 2116 715 2180 sine
744 2118 834 2199 gravi
861 2116 985 2184 offensa
1014 2120 1115 2185 etiam

48 2218 128 2280 vestri
155 2217 303 2282 omnium
329 2214 535 2280 dissimulare
563 2215 736 2297 potuerim.
780 2216 870 2295 Quae
897 2225 1008 2284 autem
1035 2219 1112 2300 dixi,

48 2313 153 2398 absque
173 2312 377 2399 praejudicio
399 2334 477 2378 sane
507 2312 596 2378 dicta
617 2313 683 2379 sint
704 2315 814 2380 sanius
844 2317 1017 2399 sapientis:
1050 2319 1113 2384 Ro·

47 2433 143 2480 nanae
178 2413 376 2498 pracsertim
407 2411 573 2478 Ecclesiae
610 2413 802 2480 auctoritati
838 2423 940 2499 atque
973 2418 1114 2484 examini

47 2517 151 2592 totum,
191 2512 280 2578 sicut
317 2518 350 2576 et
382 2516 529 2589 caetera,
570 2532 653 2594 quae
689 2511 876 2595 hujusmodi
911 2519 1004 2595 sunt,
1043 2517 1114 2582 uni-

48 2631 123 2676 versa
142 2631 282 2690 reservo,
305 2610 422 2693 ipsius,
445 2609 473 2675 si
495 2609 575 2692 quid
596 2610 693 2675 aliter
714 2612 815 2694 sapio,
837 2621 973 2696 paratus
991 2616 1114 2698 judicio

48 2711 235 2776 emendare.“
703 2767 706 2773 .

96 2832 121 2874 a.
150 2810 225 2876 Non
254 2809 406 2887 deluere,
443 2808 499 2891 qui
528 2807 611 2873 hanc
633 2830 657 2872 s.
680 2809 840 2874 Bemardi
861 2812 1033 2895 epistolam
1054 2835 1115 2896 gc-

48 2909 198 2974 nuinam
228 2929 317 2974 esse
346 2907 607 2990 negaverint.
651 2907 776 2986 Quibus
804 2911 927 2992 optimo
952 2912 1026 2995 jure
1047 2933 1115 2978 res·

48 3008 153 3085 pendet
173 3007 443 3091 Raynandus:
456 3008 484 3089 2)
504 3006 596 3089 ,Nisi
613 3014 724 3072 tamen
743 3029 854 3074 omnes
873 3010 939 3076 divi
956 3013 1115 3078 Bemardi

49 3107 185 3187 epistolas
217 3109 247 3172 ei
275 3107 463 3192 abjudicare
485 3107 628 3190 placeat,
657 3107 741 3172 banc
770 3113 854 3192 quae
883 3111 1027 3176 omnium
1047 3134 1115 3176 ma·

44 3205 116 3276 ,xime
129 3207 332 3296 Bernardum
349 3207 445 3291 sapit,
463 3207 560 3273 alteri
577 3208 724 3272 tribuere
742 3214 909 3290 tamquam
926 3231 1115 3292 germanum

48 3301 135 3372 letum
165 3307 264 3392 plane
296 3306 537 3390 prohibemur.“
587 3305 701 3390 Neque
734 3307 832 3371 aliter
863 3307 1010 3392 loquitur
1040 3310 1115 3376 Ma-

49 3401 240 3472 billonius
253 3407 278 3489 3)
311 3412 450 3484 testans,
481 3404 590 3470 omnia
617 3407 840 3489 manuscripta
871 3408 1029 3490 epistolae
1058 3409 1115 3476 au'·

49 3502 194 3572 thentiam
208 3506 383 3572 declarare.
412 3505 757 3588 ,inemendationem
772 3506 1013 3592 (epistolarum)
1028 3510 1117 3594 quod

49 3605 166 3685 attinet,
200 3606 307 3672 varios
328 3605 492 3672 variarum
512 3604 785 3670 bibliothecarum
805 3606 933 3671 codices
954 3609 1119 3674 consului-1

50 3721 121 3782 runs,
147 3705 337 3783 Vatican0S,
369 3704 591 3784 Colbertinos,
620 3703 770 3788 Belgicus
792 3705 897 3770 sancti
917 3704 1008 3772 Petri
1029 3709 1116 3791 apud

52 3851 229 3868 5—-

105 3938 122 4001 ¹l
137 3937 225 4007 Epist.
244 3939 307 4006 174;
325 3936 392 3991 sciit.
409 3936 599 3992 Montfaucon.
616 3955 643 3991 n.
662 3940 686 3992 1.
727 3937 749 4003 2)
768 3936 802 3990 ln
818 3936 965 4006 Diptychis
982 3937 1118 3993 Marianis

52 4017 106 4071 tom.
122 4019 182 4077 Vll,
199 4038 225 4087 p.
242 4022 284 4074 48.
318 4022 339 4085 ³)
357 4019 446 4074 Praef.
465 4019 493 4073 in
511 4037 555 4087 op.
573 4037 595 4074 s.
611 4018 749 4074 Bemardi
766 4036 813 4075 nn.
832 4019 891 4086 XV,
910 4025 939 4158 ebt
956 4019 1028 4075 XVI.
1067 4114 1070 4120 Ι
