2782 4554
779 349 851 409 508-
903 400 905 404 .

265 514 365 598 plum.
409 511 444 576 Si
473 510 558 574 enim
580 508 696 590 Angeli
724 507 871 572 salutant
893 529 980 586 eam,
1010 515 1133 592 quanto
1163 509 1263 591 magis
1281 509 1331 573 hoo

264 618 397 679 tenetur
417 610 523 673 homo.
566 607 736 689 Ingressus
756 606 901 690 Angelus
930 607 972 671 ad
1001 629 1073 672 eam
1102 607 1202 673 dixit:
1235 609 1331 690 ,Aru

266 711 398 794 gratia
433 707 570 791 plena“
593 756 600 768 .
624 756 631 768 .
654 755 692 769 ..
730 706 827 771 Disce
860 727 936 789 ergo
972 706 1014 770 ab
1048 706 1173 790 Angelo
1206 707 1332 772 salutare

265 809 413 873 Mariam.

327 905 477 984 Honoris,
508 925 604 986 quem
626 903 891 986 ,hyperduliam“
914 911 1032 968 vooant
1053 904 1215 988 theologi,
1243 926 1333 969 exem·

266 1005 358 1088 plum
385 1004 475 1068 videt
503 1002 627 1084 optimo
653 1002 727 1084 jure
749 1002 854 1084 Haine
864 1005 888 1084 ¹)
918 1003 1018 1080 etiam
1047 1003 1150 1086 apud
1179 1025 1204 1067 s.
1225 1003 1333 1088 Elisa-

265 1104 438 1180 betham,
469 1123 553 1185 quae
582 1100 624 1165 ad
652 1101 766 1184 matris
788 1101 919 1165 Domini
947 1102 1123 1167 adventum
1141 1119 1217 1168 'non
1244 1103 1332 1167 solum
1373 1099 1374 1142 3

266 1202 453 1285 obstupuit,
482 1200 540 1264 sed
561 1199 668 1264 verbis
697 1201 797 1264 etiam
826 1201 892 1264 suis
921 1201 1124 1290 singularem·
1148 1202 1198 1266 illi
1218 1222 1333 1266 venera·

266 1304 389 1367 tionem
422 1307 460 1365 et¹
483 1299 701 1364 reverentiam
730 1299 862 1364 exhibet
891 1300 1016 1364 dicens:
1050 1301 1119 1382 ,Et
1148 1301 1247 1365 unde
1274 1301 1332 1362 hoc

265 1401 376 1479 mihi,
413 1406 456 1463 ut
491 1399 626 1462 veniat
660 1405 787 1462 mater
823 1398 980 1463 Domini
1017 1400 1091 1464 mei
1128 1400 1176 1464 ad
1212 1399 1332 1478 me?“²)

267 1500 382 1584 ,Quod
414 1500 476 1564 ait:
514 1497 643 1580 ,Unde
674 1497 745 1562 hoo
776 1498 923 1578 mihim,
960 1507 1056 1564 notat
1087 1499 1236 1581 apposite
1266 1498 1333 1562 Ori·
1373 1545 1374 1552 κ

266 1601 434 1683 geneal)
466 1620 532 1663 non
560 1598 712 1679 ignorans
742 1599 822 1663 dicit
851 1605 884 1663 et
912 1600 1051 1662 maxime
1082 1599 1208 1682 Spiritu
1235 1605 1333 1663 sancto

265 1699 378 1782 plena,
409 1698 503 1782 quasi
531 1697 670 1775 neseiat,
701 1697 790 1780 quod
814 1698 910 1780 juxta
933 1698 994 1761 Dei
1021 1698 1223 1763 voluntatem
1243 1705 1334 1762 mater
1373 1693 1374 1696 ’

267 1798 398 1862 Domini
426 1797 552 1862 venerit
581 1795 623 1858 ad
652 1817 738 1874 eam,
769 1796 827 1860 sed
854 1797 918 1860 isto
947 1818 1044 1879 sensu
1072 1796 1234 1880 loquitur:
1268 1794 1334 1878 quid

197 1959 198 1964 ,
253 1897 345 1961 ·boni
366 1896 453 1960 feei?
473 1885 569 1979 ¹quae
591 1915 691 1976 opera
711 1916 784 1958 mea
806 1902 899 1960 tanta
923 1903 1009 1973 sunt,
1032 1903 1070 1960 ut
1092 1904 1199 1961 mater
1220 1896 1334 1960 Domini

266 1995 308 2060 ad
330 2016 381 2059 me
404 1995 533 2058 veniat?
565 2015 624 2077 per
646 2016 743 2078 quam
762 1995 939 2077 justitiam,
969 2017 1009 2060 ex
1031 1997 1150 2080 quibus
1172 1998 1276 2075 bonis,
1303 1995 1334 2058 de

266 2117 332 2178 qua
361 2093 522 2158 fidelitate
551 2095 669 2158 mentis
697 2094 759 2158 hoo
787 2096 904 2175 merui,
934 2101 973 2160 ut
999 2103 1106 2160 mater
1128 2097 1258 2161 Domini
1283 2094 1334 2159 mei

266 2194 377 2258 veniat
399 2180 442 2257 ad
463 2192 557 2256 me?“

329 2293 363 2359 si
396 2313 471 2376 ergo
508 2314 532 2356 s.
562 2291 768 2371 Elisabetha,
803 2292 926 2374 Spiritu
962 2300 1075 2359 sancto
1107 2294 1248 2377 repleta,
1282 2314 1334 2356 non

266 2392 384 2475 potuit,
414 2392 493 2474 quin
521 2390 552 2455 b.
574 2390 740 2474 Virginem
761 2391 868 2456 adhuc
896 2392 930 2454 in
951 2399 1040 2456 terra
1062 2393 1233 2476 degentem
1253 2413 1335 2476 prae

267 2491 454 2554 clarissimis
487 2490 553 2554 suis
585 2490 785 2572 praedicarit
815 2490 944 2574 elogiis,
976 2491 1184 2557 benedictam
1215 2494 1247 2556 in
1278 2513 1334 2555 mu·

265 2589 400 2653 lieribus
422 2589 443 2653 i.
467 2611 493 2653 e.
516 2611 595 2672 prae
618 2591 766 2655 omnibus
795 2590 869 2655 aliis
890 2591 1110 2672 benedictam,
1142 2595 1220 2676 quia
1245 2592 1334 2673 magis

266 2687 412 2767 electam,
431 2689 608 2776 majoribus
625 2690 749 2771 gratiae
768 2689 859 2754 donis
876 2690 1032 2755 refertam
1052 2712 1124 2754 enm
1142 2690 1333 2774 appellando,

265 2786 326 2852 tali
347 2789 494 2870 prol'eoto
522 2788 716 2853 instruimur
738 2789 901 2872 exemplo,
931 2789 1066 2872 speoiali
1088 2791 1228 2873 quodam
1254 2789 1333 2854 culto

266 2887 449 2969 eximiaque
478 2888 687 2952 veneratione
716 2910 801 2952 nuno
827 2889 980 2971 prosequi
1010 2910 1097 2966 eam,
1128 2889 1186 2952 ubi
1213 2889 1253 2954 ad
1274 2887 1333 2951 uni·

265 2985 367 3068 geniti
385 2985 460 3049 Filii
482 2987 533 3050 sui
551 2987 704 3052 thronum
726 2987 852 3052 elevata
873 3010 911 3052 ao
933 2988 1195 3071 splendidissimo
1216 2989 1333 3071 reginae

265 3085 418 3150 coelestis
441 3085 626 3150 diademate
649 3087 803 3152 decorata
826 3094 883 3152 est.

326 3183 521 3267 Priusquam
552 3184 594 3248 ad
626 3192 853 3268 argumentum
889 3207 928 3250 ex
960 3185 1138 3250 traditione
1171 3185 1333 3269 petendum

265 3282 503 3365 aggrediamur,
543 3281 655 3348 futiles
693 3285 773 3349 istas
811 3284 1034 3349 cavillationes
1071 3285 1113 3349 ab
1153 3283 1333 3350 adversariis

266 3382 467 3464 excogitatas
488 3382 601 3463 paucis
623 3383 837 3464 suscipiamus
858 3382 1057 3448 refutandas.

294 3559 295 3564 ἵ
329 3487 355 3544 1.
384 3480 536 3562 Arguunt
551 3503 610 3545 nos
630 3481 892 3548 idololatriae
911 3482 1085 3547 adorantes
1104 3484 1138 3548 in
1156 3483 1333 3548 beatissima

238 3579 397 3661 ,Virgine
420 3578 523 3644 deam.
648 3595 649 3600 ’
899 3599 901 3604 ·

325 3675 551 3742 attolluntur
578 3678 738 3744 haeretiei
765 3679 814 3743 ita
842 3678 1093 3756 calumniantes,
1125 3681 1203 3764 quio
1230 3679 1270 3744 ab
1291 3697 1331 3741 or·

263 3775 415 3841 thodoxis
442 3775 472 3840 b.
495 3776 594 3860 Virgo
615 3798 782 3862 nunquam
803 3778 941 3842 adorata
961 3776 1026 3843 fuit
1048 3779 1139 3844 cultu
1161 3778 1331 3844 latreutico.

332 3993 352 4056 ¹)
370 3989 402 4046 L.
419 4006 442 4046 o.
460 4005 523 4058 pag.
540 3991 580 4044 47.
614 3990 636 4056 ²)
653 3989 719 4046 Luc.
738 3989 759 4053 1,
777 3993 819 4045 43.
851 3992 872 4059 ³)
889 3991 969 4045 Hom.
986 3989 1048 4057 Vll,
1066 3992 1094 4045 in
1115 3993 1181 4049 ltuo.
