<?xml version="1.0" encoding="UTF-8"?>
<!DOCTYPE html PUBLIC "-//W3C//DTD XHTML 1.0 Transitional//EN"
    "http://www.w3.org/TR/xhtml1/DTD/xhtml1-transitional.dtd">
<html xmlns="http://www.w3.org/1999/xhtml" xml:lang="en" lang="en">
 <head>
  <title>
</title>
<meta http-equiv="Content-Type" content="text/html;charset=utf-8" />
  <meta name='ocr-system' content='tesseract 3.04.00' />
  <meta name='ocr-capabilities' content='ocr_page ocr_carea ocr_par ocr_line ocrx_word'/>
</head>
<body>
  <div class='ocr_page' id='page_1' title='image "./mariologiaseupo00stamgoog_0364.png"; bbox 0 0 2718 4556; ppageno 0'>
   <div class='ocr_carea' id='block_1_1' title="bbox 759 367 818 428">
    <p class='ocr_par' dir='ltr' id='par_1_1' title="bbox 759 367 818 428">
     <span class='ocr_line' id='line_1_1' title="bbox 759 367 818 428; baseline 0 0"><span class='ocrx_word' id='word_1_1' title='bbox 759 367 818 428; x_wconf 87' lang='lat'><strong>338</strong></span> 
     </span>
    </p>
   </div>
   <div class='ocr_carea' id='block_1_2' title="bbox 246 525 1312 712">
    <p class='ocr_par' dir='ltr' id='par_1_2' title="bbox 246 525 1312 712">
     <span class='ocr_line' id='line_1_2' title="bbox 246 525 1312 614; baseline 0.003 -20"><span class='ocrx_word' id='word_1_2' title='bbox 246 530 378 614; x_wconf 90' lang='lat' dir='ltr'><strong>proprie</strong></span> <span class='ocrx_word' id='word_1_3' title='bbox 406 528 604 611; x_wconf 86' lang='lat' dir='ltr'><strong>appellatur,</strong></span> <span class='ocrx_word' id='word_1_4' title='bbox 636 527 693 610; x_wconf 91' lang='lat' dir='ltr'><strong>qui</strong></span> <span class='ocrx_word' id='word_1_5' title='bbox 719 547 779 590; x_wconf 90' lang='lat' dir='ltr'><strong>nec</strong></span> <span class='ocrx_word' id='word_1_6' title='bbox 807 525 943 590; x_wconf 91' lang='lat' dir='ltr'><strong>nimium</strong></span> <span class='ocrx_word' id='word_1_7' title='bbox 968 526 1096 608; x_wconf 86' lang='lat' dir='ltr'><strong>juvenis</strong></span> <span class='ocrx_word' id='word_1_8' title='bbox 1129 551 1190 595; x_wconf 91' lang='lat' dir='ltr'><strong>neo</strong></span> <span class='ocrx_word' id='word_1_9' title='bbox 1220 553 1312 612; x_wconf 82' lang='lat' dir='ltr'>senex,</span> 
     </span>
     <span class='ocr_line' id='line_1_3' title="bbox 247 625 1074 712; baseline -0.005 -18"><span class='ocrx_word' id='word_1_10' title='bbox 247 629 305 694; x_wconf 92' lang='lat' dir='ltr'><strong>sed</strong></span> <span class='ocrx_word' id='word_1_11' title='bbox 327 629 382 712; x_wconf 88' lang='lat' dir='ltr'><strong>qui</strong></span> <span class='ocrx_word' id='word_1_12' title='bbox 404 629 438 692; x_wconf 93' lang='lat' dir='ltr'><strong>in</strong></span> <span class='ocrx_word' id='word_1_13' title='bbox 459 627 594 692; x_wconf 85' lang='lat' dir='ltr'><strong>robusta</strong></span> <span class='ocrx_word' id='word_1_14' title='bbox 617 632 650 690; x_wconf 87' lang='lat' dir='ltr'><strong>et</strong></span> <span class='ocrx_word' id='word_1_15' title='bbox 671 625 864 690; x_wconf 75' lang='lat' dir='ltr'><strong>consistenti</strong></span> <span class='ocrx_word' id='word_1_16' title='bbox 884 631 993 690; x_wconf 86' lang='lat' dir='ltr'><strong>aetate</strong></span> <span class='ocrx_word' id='word_1_17' title='bbox 1016 631 1074 690; x_wconf 87' lang='lat' dir='ltr'><strong>est.</strong></span> 
     </span>
    </p>
   </div>
   <div class='ocr_carea' id='block_1_3' title="bbox 245 740 1311 2194">
    <p class='ocr_par' dir='ltr' id='par_1_3' title="bbox 245 740 1311 2194">
     <span class='ocr_line' id='line_1_4' title="bbox 311 740 1310 826; baseline 0.002 -18"><span class='ocrx_word' id='word_1_18' title='bbox 311 766 337 808; x_wconf 89' lang='lat' dir='ltr'><strong>o.</strong></span> <span class='ocrx_word' id='word_1_19' title='bbox 360 743 428 826; x_wconf 86' lang='lat' dir='ltr'><strong>,Et</strong></span> <span class='ocrx_word' id='word_1_20' title='bbox 446 742 531 825; x_wconf 88' lang='lat' dir='ltr'><strong>ipse</strong></span> <span class='ocrx_word' id='word_1_21' title='bbox 549 741 570 807; x_wconf 85' lang='lat' dir='ltr'>J</span> <span class='ocrx_word' id='word_1_22' title='bbox 576 762 664 806; x_wconf 86' lang='lat' dir='ltr'><strong>esus</strong></span> <span class='ocrx_word' id='word_1_23' title='bbox 686 747 773 805; x_wconf 84' lang='lat' dir='ltr'><strong>erat</strong></span> <span class='ocrx_word' id='word_1_24' title='bbox 790 740 988 824; x_wconf 88' lang='lat' dir='ltr'><strong>incipiens</strong></span> <span class='ocrx_word' id='word_1_25' title='bbox 1007 743 1122 824; x_wconf 82' lang='lat' dir='ltr'><strong>quasi</strong></span> <span class='ocrx_word' id='word_1_26' title='bbox 1140 765 1310 810; x_wconf 87' lang='lat' dir='ltr'><strong>annorum</strong></span> 
     </span>
     <span class='ocr_line' id='line_1_5' title="bbox 247 839 1309 926; baseline 0.001 -18"><span class='ocrx_word' id='word_1_27' title='bbox 247 843 428 926; x_wconf 92' lang='lat' dir='ltr'><strong>triginta,</strong></span> <span class='ocrx_word' id='word_1_28' title='bbox 444 847 487 906; x_wconf 86' lang='lat' dir='ltr'><strong>ut</strong></span> <span class='ocrx_word' id='word_1_29' title='bbox 501 839 723 924; x_wconf 86' lang='lat' dir='ltr'><strong>putabatur</strong></span> <span class='ocrx_word' id='word_1_30' title='bbox 737 839 852 904; x_wconf 88' lang='lat' dir='ltr'><strong>filius</strong></span> <span class='ocrx_word' id='word_1_31' title='bbox 866 839 886 904; x_wconf 91' lang='lat' dir='ltr'><strong>J</strong></span> <span class='ocrx_word' id='word_1_32' title='bbox 892 840 1137 924; x_wconf 80' lang='lat' dir='ltr'><strong>oseph.“¹)&#39;·S.</strong></span> <span class='ocrx_word' id='word_1_33' title='bbox 1151 842 1309 926; x_wconf 86' lang='lat' dir='ltr'><strong>Josephum</strong></span> 
     </span>
     <span class='ocr_line' id='line_1_6' title="bbox 245 937 1310 1026; baseline 0 -19"><span class='ocrx_word' id='word_1_34' title='bbox 245 942 364 1008; x_wconf 86' lang='lat' dir='ltr'><strong>Judaei</strong></span> <span class='ocrx_word' id='word_1_35' title='bbox 385 961 513 1024; x_wconf 82' lang='lat' dir='ltr'><strong>semper</strong></span> <span class='ocrx_word' id='word_1_36' title='bbox 530 945 660 1023; x_wconf 90' lang='lat' dir='ltr'><strong>patrem</strong></span> <span class='ocrx_word' id='word_1_37' title='bbox 675 938 695 1003; x_wconf 91' lang='lat' dir='ltr'><strong>J</strong></span> <span class='ocrx_word' id='word_1_38' title='bbox 697 960 754 1002; x_wconf 88' lang='lat' dir='ltr'><strong>esu</strong></span> <span class='ocrx_word' id='word_1_39' title='bbox 771 937 947 1018; x_wconf 78' lang='lat' dir='ltr'>habebant,</span> <span class='ocrx_word' id='word_1_40' title='bbox 965 960 1030 1004; x_wconf 92' lang='lat' dir='ltr'><strong>non</strong></span> <span class='ocrx_word' id='word_1_41' title='bbox 1052 940 1184 1024; x_wconf 87' lang='lat' dir='ltr'><strong>quidem</strong></span> <span class='ocrx_word' id='word_1_42' title='bbox 1199 950 1310 1026; x_wconf 86' lang='lat' dir='ltr'><strong>patrem</strong></span> 
     </span>
     <span class='ocr_line' id='line_1_7' title="bbox 247 1036 1309 1126; baseline -0.002 -20"><span class='ocrx_word' id='word_1_43' title='bbox 247 1041 437 1125; x_wconf 90' lang='lat' dir='ltr'><strong>adoptivum</strong></span> <span class='ocrx_word' id='word_1_44' title='bbox 459 1045 493 1111; x_wconf 84' lang='lat' dir='ltr'><strong>et</strong></span> <span class='ocrx_word' id='word_1_45' title='bbox 513 1038 697 1116; x_wconf 85' lang='lat' dir='ltr'><strong>nutritium,</strong></span> <span class='ocrx_word' id='word_1_46' title='bbox 717 1036 774 1101; x_wconf 86' lang='lat' dir='ltr'><strong>sed</strong></span> <span class='ocrx_word' id='word_1_47' title='bbox 794 1043 922 1119; x_wconf 87' lang='lat' dir='ltr'><strong>patrem</strong></span> <span class='ocrx_word' id='word_1_48' title='bbox 943 1059 1054 1102; x_wconf 82' lang='lat' dir='ltr'><strong>verum</strong></span> <span class='ocrx_word' id='word_1_49' title='bbox 1076 1061 1114 1126; x_wconf 85' lang='lat' dir='ltr'><strong>ac</strong></span> <span class='ocrx_word' id='word_1_50' title='bbox 1135 1042 1309 1106; x_wconf 73' lang='lat' dir='ltr'>naturalem.</span> 
     </span>
     <span class='ocr_line' id='line_1_8' title="bbox 246 1135 1308 1224; baseline 0.001 -20"><span class='ocrx_word' id='word_1_51' title='bbox 246 1141 291 1205; x_wconf 86' lang='lat' dir='ltr'><strong>At</strong></span> <span class='ocrx_word' id='word_1_52' title='bbox 322 1141 383 1206; x_wconf 92' lang='lat' dir='ltr'><strong>hoo</strong></span> <span class='ocrx_word' id='word_1_53' title='bbox 416 1138 594 1204; x_wconf 77' lang='lat' dir='ltr'><strong>certissime</strong></span> <span class='ocrx_word' id='word_1_54' title='bbox 621 1157 687 1201; x_wconf 92' lang='lat' dir='ltr'><strong>non</strong></span> <span class='ocrx_word' id='word_1_55' title='bbox 717 1135 887 1215; x_wconf 83' lang='lat' dir='ltr'><strong>fecissent,</strong></span> <span class='ocrx_word' id='word_1_56' title='bbox 920 1136 948 1200; x_wconf 90' lang='lat' dir='ltr'><strong>si</strong></span> <span class='ocrx_word' id='word_1_57' title='bbox 976 1157 999 1201; x_wconf 90' lang='lat' dir='ltr'><strong>s.</strong></span> <span class='ocrx_word' id='word_1_58' title='bbox 1027 1136 1151 1220; x_wconf 85' lang='lat' dir='ltr'><strong>Joseph</strong></span> <span class='ocrx_word' id='word_1_59' title='bbox 1182 1147 1308 1224; x_wconf 88' lang='lat' dir='ltr'><strong>tempore</strong></span> 
     </span>
     <span class='ocr_line' id='line_1_9' title="bbox 247 1234 1311 1322; baseline 0.003 -20"><span class='ocrx_word' id='word_1_60' title='bbox 247 1238 507 1322; x_wconf 86' lang='lat' dir='ltr'><strong>desponsationis</strong></span> <span class='ocrx_word' id='word_1_61' title='bbox 535 1243 604 1301; x_wconf 89' lang='lat' dir='ltr'><strong>tam</strong></span> <span class='ocrx_word' id='word_1_62' title='bbox 635 1234 767 1318; x_wconf 90' lang='lat' dir='ltr'><strong>grandis</strong></span> <span class='ocrx_word' id='word_1_63' title='bbox 798 1240 894 1313; x_wconf 88' lang='lat' dir='ltr'><strong>natu,</strong></span> <span class='ocrx_word' id='word_1_64' title='bbox 928 1235 955 1299; x_wconf 87' lang='lat' dir='ltr'><strong>si</strong></span> <span class='ocrx_word' id='word_1_65' title='bbox 983 1235 1052 1318; x_wconf 89' lang='lat' dir='ltr'><strong>jam</strong></span> <span class='ocrx_word' id='word_1_66' title='bbox 1084 1257 1182 1302; x_wconf 87' lang='lat' dir='ltr'><strong>senex</strong></span> <span class='ocrx_word' id='word_1_67' title='bbox 1211 1239 1311 1304; x_wconf 87' lang='lat' dir='ltr'><strong>fuisset</strong></span> 
     </span>
     <span class='ocr_line' id='line_1_10' title="bbox 247 1335 1310 1421; baseline -0.001 -18"><span class='ocrx_word' id='word_1_68' title='bbox 247 1337 482 1421; x_wconf 85' lang='lat' dir='ltr'><strong>octogenarius.</strong></span> <span class='ocrx_word' id='word_1_69' title='bbox 551 1335 663 1418; x_wconf 80' lang='lat' dir='ltr'><strong>„Dicit</strong></span> <span class='ocrx_word' id='word_1_70' title='bbox 714 1341 825 1399; x_wconf 85' lang='lat' dir='ltr'><strong>autem</strong></span> <span class='ocrx_word' id='word_1_71' title='bbox 873 1335 978 1399; x_wconf 87' lang='lat' dir='ltr'><strong>Lucas</strong></span> <span class='ocrx_word' id='word_1_72' title='bbox 1025 1336 1234 1420; x_wconf 83' lang='lat' dir='ltr'><strong>Evangelista</strong></span> <span class='ocrx_word' id='word_1_73' title='bbox 1279 1339 1310 1403; x_wconf 89' lang='lat' dir='ltr'><strong>de</strong></span> 
     </span>
     <span class='ocr_line' id='line_1_11' title="bbox 248 1433 1310 1522; baseline 0.003 -22"><span class='ocrx_word' id='word_1_74' title='bbox 248 1437 403 1515; x_wconf 92' lang='lat' dir='ltr'><strong>Domino,</strong></span> <span class='ocrx_word' id='word_1_75' title='bbox 437 1434 668 1500; x_wconf 84' lang='lat' dir='ltr'><strong>animadvertit</strong></span> <span class='ocrx_word' id='word_1_76' title='bbox 699 1433 728 1497; x_wconf 92' lang='lat' dir='ltr'><strong>d.</strong></span> <span class='ocrx_word' id='word_1_77' title='bbox 758 1433 1013 1517; x_wconf 88' lang='lat' dir='ltr'><strong>Augustinus,</strong></span> <span class='ocrx_word' id='word_1_78' title='bbox 1024 1435 1062 1518; x_wconf 70' lang='lat'><strong>²).</strong></span> <span class='ocrx_word' id='word_1_79' title='bbox 1083 1437 1171 1520; x_wconf 92' lang='lat' dir='ltr'><strong>quod</strong></span> <span class='ocrx_word' id='word_1_80' title='bbox 1198 1445 1310 1522; x_wconf 86' lang='lat' dir='ltr'><strong>,puta-</strong></span> 
     </span>
     <span class='ocr_line' id='line_1_12' title="bbox 246 1532 1308 1621; baseline 0.003 -23"><span class='ocrx_word' id='word_1_81' title='bbox 246 1535 366 1600; x_wconf 90' lang='lat' dir='ltr'><strong>batur</strong></span> <span class='ocrx_word' id='word_1_82' title='bbox 393 1533 508 1598; x_wconf 86' lang='lat' dir='ltr'><strong>iiiius</strong></span> <span class='ocrx_word' id='word_1_83' title='bbox 534 1534 554 1599; x_wconf 90' lang='lat' dir='ltr'><strong>J</strong></span> <span class='ocrx_word' id='word_1_84' title='bbox 560 1532 819 1616; x_wconf 81' lang='lat' dir='ltr'><strong>oseph,“&#39;quia</strong></span> <span class='ocrx_word' id='word_1_85' title='bbox 839 1533 887 1598; x_wconf 88' lang='lat' dir='ltr'><strong>ita</strong></span> <span class='ocrx_word' id='word_1_86' title='bbox 908 1533 1097 1616; x_wconf 89' lang='lat' dir='ltr'><strong>putabatur,</strong></span> <span class='ocrx_word' id='word_1_87' title='bbox 1121 1544 1159 1603; x_wconf 89' lang='lat' dir='ltr'><strong>ut</strong></span> <span class='ocrx_word' id='word_1_88' title='bbox 1179 1560 1235 1621; x_wconf 92' lang='lat' dir='ltr'><strong>per</strong></span> <span class='ocrx_word' id='word_1_89' title='bbox 1253 1540 1308 1621; x_wconf 88' lang='lat' dir='ltr'><strong>ejus</strong></span> 
     </span>
     <span class='ocr_line' id='line_1_13' title="bbox 247 1631 1310 1716; baseline 0.003 -17"><span class='ocrx_word' id='word_1_90' title='bbox 247 1634 457 1700; x_wconf 88' lang='lat' dir='ltr'><strong>concubitum</strong></span> <span class='ocrx_word' id='word_1_91' title='bbox 485 1633 613 1716; x_wconf 86' lang='lat' dir='ltr'><strong>genitus</strong></span> <span class='ocrx_word' id='word_1_92' title='bbox 646 1631 842 1696; x_wconf 82' lang='lat' dir='ltr'><strong>videretur.“</strong></span> <span class='ocrx_word' id='word_1_93' title='bbox 890 1631 940 1696; x_wconf 85' lang='lat' dir='ltr'><strong>Ea</strong></span> <span class='ocrx_word' id='word_1_94' title='bbox 968 1653 1044 1716; x_wconf 91' lang='lat' dir='ltr'><strong>ergo</strong></span> <span class='ocrx_word' id='word_1_95' title='bbox 1077 1641 1187 1701; x_wconf 86' lang='lat' dir='ltr'><strong>aetate</strong></span> <span class='ocrx_word' id='word_1_96' title='bbox 1217 1659 1239 1701; x_wconf 89' lang='lat' dir='ltr'><strong>s.</strong></span> <span class='ocrx_word' id='word_1_97' title='bbox 1266 1637 1310 1701; x_wconf 88' lang='lat' dir='ltr'><strong>Jo-</strong></span> 
     </span>
     <span class='ocr_line' id='line_1_14' title="bbox 247 1731 1309 1818; baseline -0.001 -20"><span class='ocrx_word' id='word_1_98' title='bbox 247 1733 328 1817; x_wconf 88' lang='lat' dir='ltr'><strong>seph</strong></span> <span class='ocrx_word' id='word_1_99' title='bbox 356 1739 440 1812; x_wconf 89' lang='lat' dir='ltr'><strong>erat,</strong></span> <span class='ocrx_word' id='word_1_100' title='bbox 471 1739 509 1797; x_wconf 92' lang='lat' dir='ltr'><strong>ut</strong></span> <span class='ocrx_word' id='word_1_101' title='bbox 538 1753 577 1796; x_wconf 87' lang='lat' dir='ltr'><strong>ex</strong></span> <span class='ocrx_word' id='word_1_102' title='bbox 604 1731 635 1796; x_wconf 88' lang='lat' dir='ltr'><strong>h.</strong></span> <span class='ocrx_word' id='word_1_103' title='bbox 658 1731 791 1814; x_wconf 81' lang='lat' dir='ltr'><strong>Virgine</strong></span> <span class='ocrx_word' id='word_1_104' title='bbox 812 1731 937 1814; x_wconf 88' lang='lat' dir='ltr'><strong>prolem</strong></span> <span class='ocrx_word' id='word_1_105' title='bbox 965 1733 1130 1818; x_wconf 86' lang='lat' dir='ltr'><strong>suscipere</strong></span> <span class='ocrx_word' id='word_1_106' title='bbox 1158 1736 1309 1818; x_wconf 89' lang='lat' dir='ltr'><strong>potuisset.</strong></span> 
     </span>
     <span class='ocr_line' id='line_1_15' title="bbox 247 1830 1308 1916; baseline 0 -20"><span class='ocrx_word' id='word_1_107' title='bbox 247 1833 483 1916; x_wconf 84' lang='lat' dir='ltr'><strong>Argumentum</strong></span> <span class='ocrx_word' id='word_1_108' title='bbox 509 1831 696 1914; x_wconf 88' lang='lat' dir='ltr'><strong>negativum</strong></span> <span class='ocrx_word' id='word_1_109' title='bbox 725 1851 764 1896; x_wconf 87' lang='lat' dir='ltr'><strong>ex</strong></span> <span class='ocrx_word' id='word_1_110' title='bbox 796 1851 820 1894; x_wconf 86' lang='lat' dir='ltr'><strong>s.</strong></span> <span class='ocrx_word' id='word_1_111' title='bbox 851 1830 1039 1913; x_wconf 83' lang='lat' dir='ltr'><strong>Scripturae</strong></span> <span class='ocrx_word' id='word_1_112' title='bbox 1071 1833 1200 1899; x_wconf 90' lang='lat' dir='ltr'><strong>silentio</strong></span> <span class='ocrx_word' id='word_1_113' title='bbox 1231 1835 1265 1899; x_wconf 92' lang='lat' dir='ltr'><strong>de</strong></span> <span class='ocrx_word' id='word_1_114' title='bbox 1290 1856 1308 1898; x_wconf 87' lang='lat' dir='ltr'><strong>s.</strong></span> 
     </span>
     <span class='ocr_line' id='line_1_16' title="bbox 245 1927 1308 2016; baseline -0.002 -19"><span class='ocrx_word' id='word_1_115' title='bbox 245 1931 388 2014; x_wconf 86' lang='lat' dir='ltr'><strong>Josepho</strong></span> <span class='ocrx_word' id='word_1_116' title='bbox 420 1929 462 1995; x_wconf 89' lang='lat' dir='ltr'><strong>ab</strong></span> <span class='ocrx_word' id='word_1_117' title='bbox 494 1929 687 1994; x_wconf 86' lang='lat' dir='ltr'><strong>adversariis</strong></span> <span class='ocrx_word' id='word_1_118' title='bbox 719 1949 833 2011; x_wconf 87' lang='lat' dir='ltr'><strong>supra,</strong></span> <span class='ocrx_word' id='word_1_119' title='bbox 873 1927 931 1992; x_wconf 90' lang='lat' dir='ltr'><strong>ubi</strong></span> <span class='ocrx_word' id='word_1_120' title='bbox 963 1928 1002 1994; x_wconf 90' lang='lat' dir='ltr'><strong>de</strong></span> <span class='ocrx_word' id='word_1_121' title='bbox 1037 1931 1224 2014; x_wconf 88' lang='lat' dir='ltr'><strong>virginitate</strong></span> <span class='ocrx_word' id='word_1_122' title='bbox 1253 1934 1308 2016; x_wconf 88' lang='lat' dir='ltr'><strong>ejus</strong></span> 
     </span>
     <span class='ocr_line' id='line_1_17' title="bbox 247 2027 1309 2107; baseline 0 -12"><span class='ocrx_word' id='word_1_123' title='bbox 247 2029 456 2095; x_wconf 84' lang='lat' dir='ltr'><strong>disseruimus</strong></span> <span class='ocrx_word' id='word_1_124' title='bbox 488 2028 674 2107; x_wconf 86' lang='lat' dir='ltr'><strong>deductum,</strong></span> <span class='ocrx_word' id='word_1_125' title='bbox 707 2027 811 2093; x_wconf 88' lang='lat' dir='ltr'><strong>fusius</strong></span> <span class='ocrx_word' id='word_1_126' title='bbox 843 2027 1024 2094; x_wconf 88' lang='lat' dir='ltr'><strong>refutatum</strong></span> <span class='ocrx_word' id='word_1_127' title='bbox 1057 2037 1116 2096; x_wconf 85' lang='lat' dir='ltr'><strong>est.</strong></span> <span class='ocrx_word' id='word_1_128' title='bbox 1166 2031 1309 2097; x_wconf 87' lang='lat' dir='ltr'><strong>Probatur</strong></span> 
     </span>
     <span class='ocr_line' id='line_1_18' title="bbox 246 2127 724 2194; baseline -0.004 0"><span class='ocrx_word' id='word_1_129' title='bbox 246 2131 428 2194; x_wconf 85' lang='lat' dir='ltr'><strong>sententiae</strong></span> <span class='ocrx_word' id='word_1_130' title='bbox 449 2135 582 2193; x_wconf 86' lang='lat' dir='ltr'><strong>nostrae</strong></span> <span class='ocrx_word' id='word_1_131' title='bbox 604 2127 724 2192; x_wconf 84' lang='lat' dir='ltr'><strong>veritas</strong></span> 
     </span>
    </p>
   </div>
   <div class='ocr_carea' id='block_1_4' title="bbox 310 2243 892 2324">
    <p class='ocr_par' dir='ltr' id='par_1_4' title="bbox 310 2243 892 2324">
     <span class='ocr_line' id='line_1_19' title="bbox 310 2243 892 2324; baseline -0.005 -15"><span class='ocrx_word' id='word_1_132' title='bbox 310 2249 338 2310; x_wconf 86' lang='lat'><strong>2.</strong></span> <span class='ocrx_word' id='word_1_133' title='bbox 372 2243 622 2324; x_wconf 81' lang='lat' dir='ltr'><strong>auctoritate</strong></span> <span class='ocrx_word' id='word_1_134' title='bbox 651 2265 695 2308; x_wconf 86' lang='lat' dir='ltr'><strong>ss.</strong></span> <span class='ocrx_word' id='word_1_135' title='bbox 723 2243 892 2308; x_wconf 86' lang='lat' dir='ltr'><strong>Petrum.</strong></span> 
     </span>
    </p>
   </div>
   <div class='ocr_carea' id='block_1_5' title="bbox 186 2359 1307 3137">
    <p class='ocr_par' dir='ltr' id='par_1_5' title="bbox 186 2359 1307 3137">
     <span class='ocr_line' id='line_1_20' title="bbox 310 2359 1307 2442; baseline -0.003 -15"><span class='ocrx_word' id='word_1_136' title='bbox 310 2361 427 2428; x_wconf 89' lang='lat' dir='ltr'><strong>Omnes</strong></span> <span class='ocrx_word' id='word_1_137' title='bbox 458 2359 527 2425; x_wconf 85' lang='lat' dir='ltr'><strong>iere</strong></span> <span class='ocrx_word' id='word_1_138' title='bbox 560 2381 600 2424; x_wconf 91' lang='lat' dir='ltr'><strong>ss.</strong></span> <span class='ocrx_word' id='word_1_139' title='bbox 629 2359 743 2424; x_wconf 90' lang='lat' dir='ltr'><strong>Patres</strong></span> <span class='ocrx_word' id='word_1_140' title='bbox 774 2359 1004 2442; x_wconf 72' lang='lat' dir='ltr'><strong>ecclesiaeque</strong></span> <span class='ocrx_word' id='word_1_141' title='bbox 1033 2361 1192 2428; x_wconf 88' lang='lat' dir='ltr'><strong>Doctores</strong></span> <span class='ocrx_word' id='word_1_142' title='bbox 1221 2363 1251 2426; x_wconf 93' lang='lat' dir='ltr'><strong>in</strong></span> <span class='ocrx_word' id='word_1_143' title='bbox 1278 2380 1307 2424; x_wconf 93' lang='lat' dir='ltr'><strong>eo</strong></span> 
     </span>
     <span class='ocr_line' id='line_1_21' title="bbox 246 2456 1307 2543; baseline -0.003 -19"><span class='ocrx_word' id='word_1_144' title='bbox 246 2461 457 2538; x_wconf 88' lang='lat' dir='ltr'><strong>conveniunt,</strong></span> <span class='ocrx_word' id='word_1_145' title='bbox 497 2456 583 2542; x_wconf 89' lang='lat' dir='ltr'><strong>quod</strong></span> <span class='ocrx_word' id='word_1_146' title='bbox 615 2464 778 2538; x_wconf 87' lang='lat' dir='ltr'><strong>asserant,</strong></span> <span class='ocrx_word' id='word_1_147' title='bbox 818 2480 843 2523; x_wconf 89' lang='lat' dir='ltr'><strong>s.</strong></span> <span class='ocrx_word' id='word_1_148' title='bbox 875 2457 997 2541; x_wconf 86' lang='lat' dir='ltr'><strong>Joseph</strong></span> <span class='ocrx_word' id='word_1_149' title='bbox 1036 2465 1070 2524; x_wconf 90' lang='lat' dir='ltr'><strong>et</strong></span> <span class='ocrx_word' id='word_1_150' title='bbox 1094 2459 1132 2524; x_wconf 90' lang='lat' dir='ltr'><strong>b.</strong></span> <span class='ocrx_word' id='word_1_151' title='bbox 1162 2461 1307 2543; x_wconf 82' lang='lat' dir='ltr'><strong>Virginem</strong></span> 
     </span>
     <span class='ocr_line' id='line_1_22' title="bbox 245 2557 1305 2642; baseline -0.003 -20"><span class='ocrx_word' id='word_1_152' title='bbox 245 2557 441 2641; x_wconf 79' lang='lat' dir='ltr'><strong>virginitatis</strong></span> <span class='ocrx_word' id='word_1_153' title='bbox 468 2563 579 2622; x_wconf 82' lang='lat' dir='ltr'><strong>votum</strong></span> <span class='ocrx_word' id='word_1_154' title='bbox 609 2557 762 2622; x_wconf 90' lang='lat' dir='ltr'><strong>emisisse.</strong></span> <span class='ocrx_word' id='word_1_155' title='bbox 806 2557 1000 2641; x_wconf 84' lang='lat' dir='ltr'><strong>Supponunt</strong></span> <span class='ocrx_word' id='word_1_156' title='bbox 1021 2578 1098 2642; x_wconf 89' lang='lat' dir='ltr'><strong>ergo</strong></span> <span class='ocrx_word' id='word_1_157' title='bbox 1127 2559 1197 2624; x_wconf 90' lang='lat' dir='ltr'><strong>sine</strong></span> <span class='ocrx_word' id='word_1_158' title='bbox 1217 2558 1305 2640; x_wconf 79' lang='lat' dir='ltr'><strong>dubio,</strong></span> 
     </span>
     <span class='ocr_line' id='line_1_23' title="bbox 246 2655 1306 2740; baseline -0.006 -17"><span class='ocrx_word' id='word_1_159' title='bbox 246 2681 269 2722; x_wconf 90' lang='lat' dir='ltr'><strong>s.</strong></span> <span class='ocrx_word' id='word_1_160' title='bbox 298 2657 420 2740; x_wconf 88' lang='lat' dir='ltr'><strong>Joseph</strong></span> <span class='ocrx_word' id='word_1_161' title='bbox 448 2678 513 2722; x_wconf 93' lang='lat' dir='ltr'><strong>non</strong></span> <span class='ocrx_word' id='word_1_162' title='bbox 541 2656 642 2721; x_wconf 88' lang='lat' dir='ltr'><strong>fuisse</strong></span> <span class='ocrx_word' id='word_1_163' title='bbox 670 2657 775 2722; x_wconf 87' lang='lat' dir='ltr'><strong>virum</strong></span> <span class='ocrx_word' id='word_1_164' title='bbox 803 2658 892 2722; x_wconf 91' lang='lat' dir='ltr'><strong>senio</strong></span> <span class='ocrx_word' id='word_1_165' title='bbox 924 2656 1109 2722; x_wconf 83' lang='lat' dir='ltr'><strong>coniectum</strong></span> <span class='ocrx_word' id='word_1_166' title='bbox 1142 2666 1177 2724; x_wconf 89' lang='lat' dir='ltr'><strong>et</strong></span> <span class='ocrx_word' id='word_1_167' title='bbox 1203 2655 1306 2724; x_wconf 86' lang='lat' dir='ltr'><strong>attritis</strong></span> 
     </span>
     <span class='ocr_line' id='line_1_24' title="bbox 246 2755 1306 2843; baseline -0.002 -21"><span class='ocrx_word' id='word_1_168' title='bbox 246 2763 356 2822; x_wconf 89' lang='lat' dir='ltr'><strong>aetate</strong></span> <span class='ocrx_word' id='word_1_169' title='bbox 384 2755 524 2834; x_wconf 81' lang='lat' dir='ltr'><strong>viribus;</strong></span> <span class='ocrx_word' id='word_1_170' title='bbox 557 2756 639 2822; x_wconf 88' lang='lat' dir='ltr'><strong>alias</strong></span> <span class='ocrx_word' id='word_1_171' title='bbox 668 2757 754 2821; x_wconf 91' lang='lat' dir='ltr'><strong>enim</strong></span> <span class='ocrx_word' id='word_1_172' title='bbox 767 2755 842 2822; x_wconf 87' lang='lat' dir='ltr'><strong>hoo</strong></span> <span class='ocrx_word' id='word_1_173' title='bbox 870 2762 981 2822; x_wconf 82' lang='lat' dir='ltr'><strong>votum</strong></span> <span class='ocrx_word' id='word_1_174' title='bbox 1008 2757 1175 2826; x_wconf 85' lang='lat' dir='ltr'><strong>videretur</strong></span> <span class='ocrx_word' id='word_1_175' title='bbox 1194 2777 1306 2843; x_wconf 88' lang='lat' dir='ltr'><strong>prorsus</strong></span> 
     </span>
     <span class='ocr_line' id='line_1_25' title="bbox 186 2853 1305 2939; baseline 0.004 -21"><span class='ocrx_word' id='word_1_176' title='bbox 186 2889 191 2902; x_wconf 89' lang='lat'><strong>·</strong></span> <span class='ocrx_word' id='word_1_177' title='bbox 244 2853 428 2919; x_wconf 89' lang='lat' dir='ltr'><strong>ridiculum.</strong></span> <span class='ocrx_word' id='word_1_178' title='bbox 471 2854 731 2937; x_wconf 77' lang='lat' dir='ltr'><strong>,Temperantia</strong></span> <span class='ocrx_word' id='word_1_179' title='bbox 753 2855 861 2938; x_wconf 91' lang='lat' dir='ltr'><strong>inquit</strong></span> <span class='ocrx_word' id='word_1_180' title='bbox 882 2856 1028 2939; x_wconf 87' lang='lat' dir='ltr'><strong>apprime</strong></span> <span class='ocrx_word' id='word_1_181' title='bbox 1057 2877 1081 2920; x_wconf 89' lang='lat' dir='ltr'><strong>s.</strong></span> <span class='ocrx_word' id='word_1_182' title='bbox 1104 2857 1276 2936; x_wconf 85' lang='lat' dir='ltr'><strong>Basilius,</strong></span> <span class='ocrx_word' id='word_1_183' title='bbox 1286 2854 1305 2935; x_wconf 69' lang='grc'><strong>3)</strong></span> 
     </span>
     <span class='ocr_line' id='line_1_26' title="bbox 246 2953 1304 3040; baseline -0.001 -23"><span class='ocrx_word' id='word_1_184' title='bbox 246 2975 331 3036; x_wconf 91' lang='lat' dir='ltr'><strong>quae</strong></span> <span class='ocrx_word' id='word_1_185' title='bbox 354 2958 404 3018; x_wconf 90' lang='lat' dir='ltr'><strong>est</strong></span> <span class='ocrx_word' id='word_1_186' title='bbox 421 2953 455 3016; x_wconf 92' lang='lat' dir='ltr'><strong>in</strong></span> <span class='ocrx_word' id='word_1_187' title='bbox 476 2960 653 3032; x_wconf 87' lang='lat' dir='ltr'><strong>senectute,</strong></span> <span class='ocrx_word' id='word_1_188' title='bbox 672 2975 737 3018; x_wconf 94' lang='lat' dir='ltr'><strong>non</strong></span> <span class='ocrx_word' id='word_1_189' title='bbox 754 2959 824 3018; x_wconf 90' lang='lat' dir='ltr'><strong>tam</strong></span> <span class='ocrx_word' id='word_1_190' title='bbox 844 2955 946 3020; x_wconf 87' lang='lat' dir='ltr'><strong>virtus</strong></span> <span class='ocrx_word' id='word_1_191' title='bbox 964 2958 1211 3038; x_wconf 88' lang='lat' dir='ltr'><strong>temperantiae,</strong></span> <span class='ocrx_word' id='word_1_192' title='bbox 1228 2973 1304 3040; x_wconf 90' lang='lat' dir='ltr'><strong>quan</strong></span> 
     </span>
     <span class='ocr_line' id='line_1_27' title="bbox 245 3052 1232 3137; baseline 0.004 -19"><span class='ocrx_word' id='word_1_193' title='bbox 245 3052 390 3118; x_wconf 87' lang='lat' dir='ltr'><strong>libidinis</strong></span> <span class='ocrx_word' id='word_1_194' title='bbox 413 3057 447 3117; x_wconf 91' lang='lat' dir='ltr'><strong>et</strong></span> <span class='ocrx_word' id='word_1_195' title='bbox 467 3053 722 3118; x_wconf 88' lang='lat' dir='ltr'><strong>incontinentiae</strong></span> <span class='ocrx_word' id='word_1_196' title='bbox 745 3053 905 3137; x_wconf 89' lang='lat' dir='ltr'><strong>quaedam</strong></span> <span class='ocrx_word' id='word_1_197' title='bbox 926 3061 977 3119; x_wconf 88' lang='lat' dir='ltr'><strong>est</strong></span> <span class='ocrx_word' id='word_1_198' title='bbox 997 3055 1232 3122; x_wconf 76' lang='lat' dir='ltr'><strong>imbecillitas.“</strong></span> 
     </span>
    </p>
   </div>
   <div class='ocr_carea' id='block_1_6' title="bbox 307 3167 1302 3254">
    <p class='ocr_par' dir='ltr' id='par_1_6' title="bbox 307 3167 1302 3254">
     <span class='ocr_line' id='line_1_28' title="bbox 307 3167 1302 3254; baseline -0.002 -21"><span class='ocrx_word' id='word_1_199' title='bbox 307 3167 399 3233; x_wconf 92' lang='lat' dir='ltr'><strong>Libri</strong></span> <span class='ocrx_word' id='word_1_200' title='bbox 430 3169 607 3252; x_wconf 81' lang='lat' dir='ltr'><strong>apocryphi</strong></span> <span class='ocrx_word' id='word_1_201' title='bbox 639 3191 658 3234; x_wconf 96' lang='lat' dir='ltr'><strong>a</strong></span> <span class='ocrx_word' id='word_1_202' title='bbox 685 3169 803 3252; x_wconf 85' lang='lat' dir='ltr'><strong>prioris</strong></span> <span class='ocrx_word' id='word_1_203' title='bbox 836 3171 1017 3236; x_wconf 89' lang='lat' dir='ltr'><strong>sententiae</strong></span> <span class='ocrx_word' id='word_1_204' title='bbox 1045 3173 1193 3254; x_wconf 85' lang='lat' dir='ltr'><strong>patronis</strong></span> <span class='ocrx_word' id='word_1_205' title='bbox 1222 3167 1302 3243; x_wconf 79' lang='lat' dir='ltr'><strong>citati,</strong></span> 
     </span>
    </p>
   </div>
   <div class='ocr_carea' id='block_1_7' title="bbox 244 3267 1303 3648">
    <p class='ocr_par' dir='ltr' id='par_1_7' title="bbox 244 3267 1303 3648">
     <span class='ocr_line' id='line_1_29' title="bbox 245 3267 1302 3355; baseline -0.003 -23"><span class='ocrx_word' id='word_1_206' title='bbox 245 3268 323 3332; x_wconf 75' lang='lat' dir='ltr'><strong>lio‘et</strong></span> <span class='ocrx_word' id='word_1_207' title='bbox 341 3267 407 3332; x_wconf 91' lang='lat' dir='ltr'><strong>sint</strong></span> <span class='ocrx_word' id='word_1_208' title='bbox 425 3269 646 3348; x_wconf 85' lang='lat' dir='ltr'><strong>vetustissimi,</strong></span> <span class='ocrx_word' id='word_1_209' title='bbox 664 3269 782 3334; x_wconf 92' lang='lat' dir='ltr'><strong>merito</strong></span> <span class='ocrx_word' id='word_1_210' title='bbox 801 3276 911 3334; x_wconf 90' lang='lat' dir='ltr'><strong>tamen</strong></span> <span class='ocrx_word' id='word_1_211' title='bbox 928 3270 1092 3335; x_wconf 88' lang='lat' dir='ltr'><strong>hahentur</strong></span> <span class='ocrx_word' id='word_1_212' title='bbox 1109 3271 1232 3355; x_wconf 90' lang='lat' dir='ltr'><strong>indigni</strong></span> <span class='ocrx_word' id='word_1_213' title='bbox 1247 3267 1302 3341; x_wconf 87' lang='lat' dir='ltr'><strong>fide,</strong></span> 
     </span>
     <span class='ocr_line' id='line_1_30' title="bbox 246 3364 1303 3452; baseline -0.002 -21"><span class='ocrx_word' id='word_1_214' title='bbox 246 3387 345 3450; x_wconf 90' lang='lat' dir='ltr'><strong>quam</strong></span> <span class='ocrx_word' id='word_1_215' title='bbox 366 3365 499 3450; x_wconf 88' lang='lat' dir='ltr'><strong>quidem</strong></span> <span class='ocrx_word' id='word_1_216' title='bbox 520 3389 544 3432; x_wconf 88' lang='lat' dir='ltr'><strong>s.</strong></span> <span class='ocrx_word' id='word_1_217' title='bbox 563 3367 766 3452; x_wconf 85' lang='lat' dir='ltr'><strong>Epiphanius</strong></span> <span class='ocrx_word' id='word_1_218' title='bbox 788 3389 861 3433; x_wconf 88' lang='lat' dir='ltr'><strong>cum</strong></span> <span class='ocrx_word' id='word_1_219' title='bbox 882 3369 1046 3434; x_wconf 85' lang='lat' dir='ltr'><strong>nonnullis</strong></span> <span class='ocrx_word' id='word_1_220' title='bbox 1067 3369 1141 3434; x_wconf 85' lang='lat' dir='ltr'><strong>aliis</strong></span> <span class='ocrx_word' id='word_1_221' title='bbox 1163 3364 1303 3452; x_wconf 85' lang='lat' dir='ltr'><strong>scriptori·</strong></span> 
     </span>
     <span class='ocr_line' id='line_1_31' title="bbox 244 3465 1302 3535; baseline -0.004 -6"><span class='ocrx_word' id='word_1_222' title='bbox 244 3466 307 3530; x_wconf 90' lang='lat' dir='ltr'><strong>bus</strong></span> <span class='ocrx_word' id='word_1_223' title='bbox 334 3466 375 3530; x_wconf 86' lang='lat' dir='ltr'><strong>iis</strong></span> <span class='ocrx_word' id='word_1_224' title='bbox 405 3465 549 3531; x_wconf 89' lang='lat' dir='ltr'><strong>adhibet.</strong></span> <span class='ocrx_word' id='word_1_225' title='bbox 591 3467 636 3530; x_wconf 86' lang='lat' dir='ltr'><strong>At</strong></span> <span class='ocrx_word' id='word_1_226' title='bbox 660 3467 725 3531; x_wconf 92' lang='lat' dir='ltr'><strong>hoc</strong></span> <span class='ocrx_word' id='word_1_227' title='bbox 753 3487 773 3531; x_wconf 92' lang='lat' dir='ltr'><strong>a</strong></span> <span class='ocrx_word' id='word_1_228' title='bbox 802 3468 962 3532; x_wconf 87' lang='lat' dir='ltr'><strong>communi</strong></span> <span class='ocrx_word' id='word_1_229' title='bbox 994 3475 1028 3534; x_wconf 91' lang='lat' dir='ltr'><strong>et</strong></span> <span class='ocrx_word' id='word_1_230' title='bbox 1058 3475 1149 3535; x_wconf 87' lang='lat' dir='ltr'><strong>certa</strong></span> <span class='ocrx_word' id='word_1_231' title='bbox 1175 3466 1302 3534; x_wconf 86' lang='lat' dir='ltr'><strong>recedere</strong></span> 
     </span>
     <span class='ocr_line' id='line_1_32' title="bbox 245 3563 692 3648; baseline 0.002 -20"><span class='ocrx_word' id='word_1_232' title='bbox 245 3564 412 3629; x_wconf 89' lang='lat' dir='ltr'><strong>sententia</strong></span> <span class='ocrx_word' id='word_1_233' title='bbox 434 3563 547 3648; x_wconf 87' lang='lat' dir='ltr'><strong>cogere</strong></span> <span class='ocrx_word' id='word_1_234' title='bbox 568 3566 692 3648; x_wconf 89' lang='lat' dir='ltr'><strong>nequit.</strong></span> 
     </span>
    </p>
   </div>
   <div class='ocr_carea' id='block_1_8' title="bbox 308 3678 1301 3764">
    <p class='ocr_par' dir='ltr' id='par_1_8' title="bbox 308 3678 1301 3764">
     <span class='ocr_line' id='line_1_33' title="bbox 308 3678 1301 3764; baseline -0.003 -20"><span class='ocrx_word' id='word_1_235' title='bbox 308 3679 339 3744; x_wconf 86' lang='lat' dir='ltr'><strong>S.</strong></span> <span class='ocrx_word' id='word_1_236' title='bbox 383 3678 559 3762; x_wconf 86' lang='lat' dir='ltr'><strong>Epiphanii</strong></span> <span class='ocrx_word' id='word_1_237' title='bbox 601 3679 746 3762; x_wconf 91' lang='lat' dir='ltr'><strong>opinioni</strong></span> <span class='ocrx_word' id='word_1_238' title='bbox 791 3680 901 3746; x_wconf 87' lang='lat' dir='ltr'><strong>favere</strong></span> <span class='ocrx_word' id='word_1_239' title='bbox 944 3681 1096 3747; x_wconf 88' lang='lat' dir='ltr'><strong>videntur</strong></span> <span class='ocrx_word' id='word_1_240' title='bbox 1138 3683 1301 3764; x_wconf 83' lang='lat' dir='ltr'><strong>antiquae</strong></span> 
     </span>
    </p>
   </div>
   <div class='ocr_carea' id='block_1_9' title="bbox 243 3920 1300 4075">
    <p class='ocr_par' dir='ltr' id='par_1_9' title="bbox 243 3920 1300 4075">
     <span class='ocr_line' id='line_1_34' title="bbox 312 3920 1300 3998; baseline -0.005 -21"><span class='ocrx_word' id='word_1_241' title='bbox 312 3925 332 3991; x_wconf 86' lang='lat'><strong>¹)</strong></span> <span class='ocrx_word' id='word_1_242' title='bbox 349 3923 416 3978; x_wconf 89' lang='lat' dir='ltr'><strong>Luc.</strong></span> <span class='ocrx_word' id='word_1_243' title='bbox 434 3921 485 3990; x_wconf 85' lang='grc' dir='ltr'><strong>ΙΙΙ,</strong></span> <span class='ocrx_word' id='word_1_244' title='bbox 501 3927 541 3980; x_wconf 84' lang='grc'><strong>23.</strong></span> <span class='ocrx_word' id='word_1_245' title='bbox 583 3927 605 3992; x_wconf 80' lang='lat'><strong>²)</strong></span> <span class='ocrx_word' id='word_1_246' title='bbox 625 3925 727 3981; x_wconf 87' lang='lat' dir='ltr'><strong>Contra</strong></span> <span class='ocrx_word' id='word_1_247' title='bbox 745 3926 912 3983; x_wconf 80' lang='lat' dir='ltr'><strong>Julian.1ib.</strong></span> <span class='ocrx_word' id='word_1_248' title='bbox 931 3928 964 3995; x_wconf 89' lang='lat' dir='ltr'><strong>V,</strong></span> <span class='ocrx_word' id='word_1_249' title='bbox 981 3944 1025 3998; x_wconf 83' lang='lat' dir='ltr'><strong>op.</strong></span> <span class='ocrx_word' id='word_1_250' title='bbox 1043 3932 1082 3984; x_wconf 86' lang='grc'><strong>12.</strong></span> <span class='ocrx_word' id='word_1_251' title='bbox 1124 3930 1145 3998; x_wconf 87' lang='lat'><strong>³)</strong></span> <span class='ocrx_word' id='word_1_252' title='bbox 1164 3927 1230 3984; x_wconf 83' lang='lat' dir='ltr'><strong>Oret.</strong></span> <span class='ocrx_word' id='word_1_253' title='bbox 1245 3923 1259 3977; x_wconf 89' lang='lat'>8</span> <span class='ocrx_word' id='word_1_254' title='bbox 1273 3920 1300 3974; x_wconf 86' lang='lat' dir='ltr'><strong>de</strong></span> 
     </span>
     <span class='ocr_line' id='line_1_35' title="bbox 243 4005 440 4075; baseline 0 -15"><span class='ocrx_word' id='word_1_255' title='bbox 243 4005 440 4075; x_wconf 82' lang='lat' dir='ltr'><strong>temperantia.</strong></span> 
     </span>
    </p>
   </div>
   <div class='ocr_carea' id='block_1_10' title="bbox 0 0 1364 4556">
    <p class='ocr_par' dir='ltr' id='par_1_10' title="bbox 0 0 1364 4556">
     <span class='ocr_line' id='line_1_36' title="bbox 0 0 1364 4556; baseline 0 1"><span class='ocrx_word' id='word_1_256' title='bbox 0 0 1364 4556; x_wconf 95' lang='lat' dir='ltr'><strong> </strong></span> 
     </span>
    </p>
   </div>
  </div>
 </body>
</html>
