2728 4560
761 352 819 412 les

247 519 378 579 tantum
399 512 464 578 dici
484 517 610 595 posset,
639 511 882 577 convenientius
903 533 981 576 sane
1003 511 1182 590 diceretur,
1211 511 1251 576 ab
1270 532 1312 574 eo·

249 613 322 678 dem
344 613 469 696 Spiritu
490 634 513 677 s.
537 610 688 676 didicisse
709 611 876 694 Virginem
896 631 917 676 a
937 612 1096 694 principio
1121 632 1214 676 suam
1233 611 1313 693 virgi-

248 713 387 777 nitatem
404 710 453 775 illi
469 710 600 794 placere
619 714 654 776 et'
668 710 741 775 ideo
761 711 872 776 statim
891 717 966 776 voto
984 710 1076 774 illam
1093 711 1314 776 consecrasse.“

247 811 365 876 Restat
396 830 472 892 ergo
504 815 616 873 votum
647 809 707 873 sub
740 809 925 874 conditione
957 809 1135 874 resolutiva
1168 809 1313 874 emissum.

247 909 321 974 Jam
349 930 424 973 vero
452 908 519 974 tale
548 914 659 972 votum
691 929 726 972 re
758 909 829 991 ipsa
861 908 1047 973 absolutum
1080 915 1138 973 est.
1189 907 1315 992 Quodvis

249 1010 334 1074 enim
350 1015 469 1086 votum,
487 1009 586 1073 etiam
603 1007 788 1072 absolutum
805 1008 1005 1091 simpliciter,
1021 1007 1123 1072 habet
1138 1007 1315 1090 implicitam

242 1108 312 1172 sibi
334 1107 553 1172 conditionem
574 1107 657 1189 „nisi
676 1107 744 1171 Deo
767 1107 857 1172 aliud
877 1108 1040 1191 placuerit
1061 1129 1119 1171 seu
1140 1106 1231 1171 aliud
1250 1105 1315 1170 mihi

172 1197 173 1200 ¹
248 1206 470 1271 revelaverit.“
513 1206 689 1270 Alias'non
709 1205 796 1270 foret
818 1206 857 1269 de
879 1206 964 1270 bono
987 1207 1123 1271 meliori.

309 1305 443 1370 Rectius
481 1327 556 1388 ergo
595 1326 669 1369 cum
707 1305 883 1387 praeclaris
922 1305 1075 1370 ecclesiae
1115 1303 1315 1388 scriptoribus

248 1411 317 1470 tam
336 1405 481 1483 vetustis,
502 1404 852 1488 quam-recentioribus
871 1404 1088 1483 asserendum,
1108 1405 1315 1469 beatissimam

248 1503 415 1586 Virginem
451 1503 672 1586 virginitatem
711 1525 803 1567 suam
839 1503 988 1567 absolute
1025 1503 1093 1569 Deo
1131 1505 1255 1568 vovisse
1286 1522 1314 1565 ac

248 1623 461 1668 consecrasse.
501 1603 550 1668 .S.
588 1602 833 1681 Bouaventura,
872 1603 1003 1681 Scotus,
1041 1603 1170 1681 listina,
1210 1603 1315 1668 Suares

248 1703 370 1786 aliique
398 1724 469 1767 eam
490 1708 710 1787 propugnant
724 1703 934 1783 sententiam
965 1703 1094 1780 Silvine,
1124 1702 1315 1788 thomisticae

249 1802 418 1866 doctrinae
439 1823 517 1885 prae
540 1801 678 1866 caeteris
700 1800 949 1879 addictissimus,
974 1822 1046 1865 eam
1066 1800 1315 1883 probabiliorem,

248 1908 282 1966 et
302 1901 444 1966 Billuart
473 1900 604 1982 „hodie,
634 1907 672 1964 ut
698 1900 842 1978 videtur,
873 1901 1146 1964 communiorem“
1175 1899 1315 1983 appellat.

248 2000 424 2078 Quaeritur

248 2166 298 2238 2⁰:
328 2164 502 2242 Quonam
522 2169 700 2245 tempore
727 2163 757 2227 b.
779 2163 899 2246 Virgo
918 2130 1053 2232 *votum
1074 2161 1315 2246 virginitatis

693 2262 882 2328 emiserit.

310 2393 472 2474 Plurimae
493 2394 554 2459 hac
576 2395 616 2459 de
637 2414 673 2458 re
695 2394 783 2458 inter
803 2395 956 2459 authores
985 2393 1163 2458 catholicos
1187 2394 1318 2458 existunt

248 2493 431 2576 opinionem
460 2494 546 2558 inter
568 2515 648 2577 quas
670 2493 871 2576 distinguere
891 2493 969 2557 licet
989 2494 1166 2576 praecipue
1188 2500 1317 2577 quatuor

247 2599 435 2677 sequentes:

313 2697 339 2755 1.
361 2690 555 2755 Beatissimo
571 2690 670 2773 Virgo
690 2696 781 2754 ante
800 2690 1022 2772 angelicum
1040 2692 1233 2770 nuntium,
1252 2695 1316 2754 ante

248 2790 371 2856 Christi
392 2790 522 2856 Domini
542 2790 617 2855 Filii
645 2790 696 2854 sui
723 2790 967 2873 conceptionem
994 2797 1105 2856 votum
1132 2788 1318 2874 virginitatis

248 2889 435 2954 absolutum
463 2890 579 2954 emisit.
624 2889 742 2954 Omnes
769 2888 928 2971 theologi,
959 2889 1060 2954 etiam
1088 2911 1112 2952 s.
1135 2889 1272 2954 Thomas
1291 2891 1318 2950 et

249 2989 306 3072 qui
328 3009 401 3053 eum
422 2996 613 3072 sequuntur,
634 2989 669 3051 in
690 2987 751 3052 hoc
773 2988 976 3052 conveniunt.
1013 2988 1202 3069 „Absolute
1223 2986 1319 3070 inquit

215 3120 222 3136 ·
250 3087 399 3174 Doctor
425 3087 689 3170 Angelicus‚¹)
720 3087 782 3151 Dei
809 3087 958 3151 Genitrix
986 3088 1208 3170 virginitatem
1232 3086 1317 3160 vovit,

247 3194 345 3252 antea
367 3207 466 3270 quam
493 3187 533 3250 ab
556 3186 669 3269 angelo
691 3186 930 3250 nuntiaretur.‘“
972 3185 1016 3250 Et
1036 3186 1214 3252 clarissime
1235 3191 1317 3270 patet

248 3306 288 3349 ex
319 3284 427 3348 verbis
458 3284 615 3367 Virginis:
657 3284 876 3367 „Quomodo
909 3284 985 3349 fiet
1017 3285 1146 3350 istud“
1182 3287 1249 3351 acsi
1279 3284 1318 3347 di-

248 3387 353 3461 ceret,
387 3381 555 3447 decretum
587 3391 637 3450 est
668 3385 748 3448 mihi
780 3392 814 3449 et
840 3391 916 3449 voto
947 3383 1128 3463 firmatum,
1162 3404 1318 3468 nunquam

246 3482 352 3546 virum
374 3501 576 3564 cognoscere.
617 3484 669 3548 Sic
692 3484 785 3562 enim,
805 3483 855 3548 uti
873 3484 941 3566 jam
962 3505 1061 3566 supra
1080 3483 1230 3564 vidimus,
1248 3484 1318 3547 haec

247 3580 462 3664 interrogatio
485 3584 647 3647 communi
667 3590 799 3666 patrum
821 3604 980 3648 consensu
1001 3583 1206 3666 intelligitur.

310 3680 360 3744 De
388 3679 418 3743 b.
441 3680 582 3765 Virginis
611 3704 758 3748 sermone
787 3705 811 3748 s.
834 3682 1075 3765 Anselmus2)
1103 3683 1153 3746 ita
1182 3681 1316 3747 disserit:

310 3894 333 3979 ἰ)
352 3911 406 3974 m,
429 3929 455 3980 p.
480 3929 504 3980 q.
523 3911 647 3978 xsvm,
672 3897 729 3968 ag4
751 3912 786 3966 as
805 3916 827 3968 1.
869 3915 891 3979 2)
912 3912 942 3966 ln
965 3912 1039 3966 som.
1063 3909 1317 3968 sacravienses

247 3991 386 4064 quoddam
404 3995 557 4050 castellum.
