2728 4554
748 323 752 331 ’
768 354 828 413 432

258 516 373 582 scribit
410 537 434 581 s.
466 513 610 578 Petrus
642 513 906 596 Damianus,¹)
944 514 1050 579 oriens
1082 513 1234 592 orientis,
1263 513 1319 578 fons
1359 479 1360 506 i

257 615 358 682 fontis
379 615 458 693 vivi,
488 614 579 695 origo
600 611 768 695 principii,
799 613 876 696 quia
903 635 943 677 ex
972 634 1011 679 ea
1037 613 1164 695 prodiit
1184 635 1243 697 per
1267 634 1319 677 ma-

224 771 229 782 .
257 716 376 782 teriam
403 713 524 792 carnis,
554 712 610 796 qui
638 717 738 794 caput
766 718 817 777 est
837 718 872 776 et
899 712 1029 777 initium
1057 713 1204 778 omnium
1230 733 1320 777 rernn

256 836 316 899 per
337 813 511 879 essentiam
533 811 696 876 deitatis.“
738 809 963 893 ,Perpendita
985 811 1103 894 inquit,
1112 811 1137 893 2)
1166 811 1320 894 quamde

256 914 380 979 bitores
409 912 509 978 simus
530 910 606 975 huic
627 909 835 974 beatissimae
857 909 919 973 Dei
939 909 1104 993 genitrici,
1133 917 1320 994 quantasque

256 1012 306 1076 illi
325 1017 402 1094 post
422 1010 528 1075 Deum
557 1008 597 1074 de
618 1015 732 1074 nostra
759 1008 983 1092 redemptione
1012 1009 1137 1092 gratias
1166 1031 1259 1093 agere
1279 1009 1321 1074 de
1360 1019 1361 1068 Τ

256 1110 401 1176 beamus.
443 1108 530 1174 Illud
551 1108 712 1192 siquidem
733 1129 850 1191 corpus
871 1107 1010 1186 Christi,
1040 1108 1130 1191 quod
1150 1107 1320 1173 beatissime

256 1209 356 1292 Virgo
378 1208 499 1292 genuit,
517 1206 604 1290 quod
622 1207 656 1270 in
678 1207 800 1289 gremio
819 1206 910 1285 fovit,
930 1207 1019 1290 quod
1038 1208 1073 1271 in
1094 1206 1207 1272 fasciis
1226 1207 1319 1300 cinxit,

257 1307 345 1392 quod
366 1314 515 1373 materna
535 1328 614 1372 cura
634 1306 788 1373 nutrivit:
817 1306 915 1385 illud,
944 1307 1095 1392 inquam,
1126 1306 1248 1391 absque
1268 1305 1320 1370 ulla

257 1407 443 1486 dubietate,
475 1427 541 1471 non
571 1406 663 1473 aliud
689 1428 775 1472 nunc
807 1406 847 1472 de
879 1428 972 1472 sacro
1003 1407 1103 1472 altari
1131 1406 1319 1490 percipimus,

257 1513 292 1572 et
323 1507 393 1590 ejus
421 1506 611 1589 sanguinem
643 1506 677 1570 in
705 1512 908 1572 sacramento
939 1512 1071 1572 nostrae
1103 1504 1320 1588 redemptionis

256 1605 433 1670 haurimus.
475 1604 546 1670 Hoc
567 1605 729 1671 catholica
749 1605 830 1670 fides
851 1604 960 1684 habet,
978 1605 1040 1670 hoo
1062 1611 1179 1670 sancta
1194 1603 1321 1669 Ecclesia

256 1702 397 1769 fideliter
428 1702 554 1767 docet.“
602 1703 753 1785 ,Annon,
782 1705 964 1786 interrogat
989 1703 1186 1786 perpulchre
1214 1701 1321 1767 Melli-

256 1801 414 1883 fluus,³)
447 1802 552 1866 Deum
584 1807 618 1866 et
647 1801 822 1866 Dominum
849 1802 1048 1885 Angelorum
1076 1800 1216 1866 Mariam
1242 1819 1320 1864 suun

256 1901 414 1967 audacter
444 1899 590 1984 appellat
620 1899 739 1964 Filium
771 1901 898 1966 dicens:
938 1900 1030 1979 Fili,
1069 1899 1167 1985 quid
1200 1898 1319 1964 fecisti

257 2000 371 2064 nobis
400 1999 532 2081 sicam)
568 2000 646 2077 Quis
674 2000 735 2064 hoc
764 1999 885 2064 audeat
913 1999 1134 2084 Angelorum?
1166 2001 1319 2082 Utrimque

257 2105 387 2181 stupor,
424 2098 589 2181 utrimque
623 2097 824 2162 miraculum.
877 2099 922 2164 Et
953 2098 1040 2183 quod
1073 2100 1164 2165 Deus
1198 2099 1320 2164 feminae

257 2197 476 2280 obtemperet,
514 2196 681 2261 humilitas
716 2197 839 2280 absque
877 2198 1043 2281 exemplo,
1084 2206 1119 2265 et
1149 2199 1235 2283 quod
1262 2198 1319 2262 Deo

256 2293 378 2360 femina
398 2295 609 2378 principetur,
633 2294 815 2360 sublimitas
837 2296 905 2360 sine
928 2297 1046 2362 socio.“

319 2393 448 2476 Optime
469 2393 530 2458 hac
559 2393 598 2457 de
620 2392 778 2458 relatione
800 2394 887 2459 inter
906 2415 1080 2477 personam
1100 2396 1178 2460 Filii
1204 2397 1318 2478 ejusque

256 2514 279 2556 s.
297 2492 438 2556 Matrem
459 2491 613 2556 disseruit
634 2491 733 2555 etiam
754 2491 900 2571 Piette,
923 2493 1095 2577 theologus
1117 2493 1317 2560 Louaniensis.

256 2591 320 2672 ,Et
341 2591 486 2674 quidem,
517 2590 605 2674 quod
625 2611 742 2672 magna
763 2591 999 2674 ponderatione
1029 2593 1164 2676 dignum
1195 2600 1254 2672 est,
1279 2593 1318 2656 in-

256 2691 377 2773 quit,⁵)
414 2691 516 2774 magis
547 2689 612 2754 fuit
643 2680 753 2754 Mater¹
781 2690 918 2770 Christi,
955 2710 1054 2775 quam
1090 2693 1158 2758 sint
1189 2699 1317 2758 caeterae

255 2794 376 2853 matres
397 2788 539 2854 filiorum
566 2810 712 2867 suorum,
742 2789 819 2872 quia
839 2789 896 2854 illa
917 2791 1031 2855 verba:
1064 2792 1142 2873 ,De
1172 2813 1245 2875 qua
1268 2811 1333 2868 na,

255 2893 319 2952 tus
341 2893 401 2952 est
421 2888 441 2953 J
448 2889 557 2954 esus“
575 2887 767 2971 significant,
788 2887 881 2953 illum
902 2909 948 2954 ex
969 2889 1055 2954 sola
1076 2897 1203 2956 matre
1223 2896 1315 2954 natum

255 3006 293 3050 ac
320 2985 457 3068 proinde
485 2986 575 3052 illam
603 2987 706 3052 solam
732 2987 862 3053 Christo
893 2989 1021 3054 dedisse
1050 3011 1181 3056 omnem
1207 3007 1315 3055 carnem

256 3089 290 3148 et
311 3081 542 3163 substantiam,
573 3107 671 3169 quam
692 3087 830 3151 caeteris
851 3085 927 3152 filiis
957 3088 1039 3153 dant
1058 3097 1157 3172 pater
1178 3098 1211 3155 et
1229 3093 1315 3154 mater

255 3180 470 3263 conjunctim
508 3182 568 3248 filii
604 3185 689 3249 enim
720 3191 847 3266 partem
878 3185 1085 3254 substantiae
1121 3190 1313 3272 accipiunto

254 3286 348 3364 patre
377 3285 412 3344 et
437 3288 565 3363 partam
593 3305 614 3348 a
641 3290 759 3363 matre,
792 3285 857 3349 imo
886 3285 960 3369 plus
988 3287 1158 3370 accipiunt
1185 3309 1205 3353 a
1229 3293 1313 3370 patre,

255 3397 353 3461 quam
374 3384 527 3444 amatre.
570 3381 668 3448 Pater
690 3383 775 3447 enim
792 3384 903 3467 potior
924 3391 975 3450 est
995 3407 1096 3452 causa
1118 3381 1313 3470 generationis

254 3473 314 3538 filii
346 3496 443 3558 quam
475 3485 587 3544 mater.
638 3481 745 3557 Quare
777 3482 807 3546 b.
837 3482 936 3566 Virgo
968 3484 1043 3567 plus
1076 3484 1170 3551 dedit
1197 3484 1312 3554 Christo,

255 3592 353 3654 quam
374 3570 537 3640 filiis‘suis
559 3577 639 3642 dant
660 3588 810 3646 caeterae
831 3589 968 3662 matres,
991 3607 1094 3667 quum
1115 3586 1187 3668 ipsa
1206 3599 1312 3670 quoque

258 3730 453 3740 ——a-—n—

321 3815 341 3882 ¹)
359 3816 391 3869 ln
408 3816 516 3872 Nativit
532 3819 563 3874 B.
577 3819 614 3875 M.
629 3823 662 3878 V.
679 3841 759 3880 serm.
777 3828 818 3882 46.
850 3828 873 3895 2)
891 3827 924 3882 ln
941 3830 1034 3885 Nativ.
1052 3830 1085 3886 Β.
1099 3829 1138 3887 M.
1152 3831 1184 3886 V.
1201 3824 1311 3885 sermlb

255 3896 276 3960 ⁸)
295 3895 375 3952 Hom.
392 3896 414 3964 l,
431 3915 514 3969 super
531 3899 631 3956 Missus
647 3923 673 3958 n.
690 3910 715 3960 7.
756 3907 778 3975 ⁴)
794 3907 861 3963 liuc.
879 3908 915 3977 ll,
932 3912 973 3966 48.
1012 3912 1036 3981 ⁶)
1052 3913 1213 3970 Eluuidatio
1232 3905 1311 3965 diffici·

254 3976 355 4030 liorum
372 3978 540 4049 'theologiae
557 3986 748 4051 quaestionum
764 3994 832 4046 tom.
850 3991 881 4047 V.
916 3993 972 4048 Olr.
988 3994 1081 4051 Haine
1097 3997 1116 4052 l.
1135 4012 1159 4052 c.
1175 3992 1293 4066 pag-17³·
