2728 4554
561 376 622 435 453

116 538 144 602 b.
176 536 260 614 Quia
288 535 395 618 gratia
423 555 487 598 non
516 541 626 617 potest
655 535 772 600 cadere
801 537 860 600 sub
890 537 1024 617 meritc,
1054 539 1131 621 quia

68 644 108 701 est
132 635 275 701 merendi
303 635 507 717 principium.
557 635 651 700 Unde
679 636 783 701 multo
812 636 917 700 minus
945 636 1130 702 Incarnatio

67 735 142 800 cadit
161 735 221 800 sub
243 735 376 814 meritc,
407 756 490 818 quae
513 742 563 800 est
583 736 780 818 principium
807 736 931 819 gratiae
954 736 1131 801 secundum

66 834 149 899 illud:
181 835 352 917 „Gratia
385 841 424 898 ct
455 835 616 899 ueritas
648 856 721 917 per
748 835 888 916 Jesum
917 834 1131 900 Christum

67 933 167 998 facta
195 933 325 1014 est.“¹)

117 1089 141 1131 c.
182 1067 265 1146 Quia
305 1066 491 1131 Incarnatio
531 1066 653 1132 Christi
693 1074 742 1131 est
780 1065 990 1130 reformativa
1028 1066 1131 1130 totius

65 1164 212 1230 humanae
243 1172 399 1244 naturae3
439 1171 472 1229 et
504 1165 576 1230 ideo
612 1186 676 1229 non
711 1165 799 1230 cadit
831 1163 890 1228 sub
924 1166 1041 1230 merito
1074 1164 1132 1228 ali·

66 1265 146 1347 cujus
184 1265 324 1328 hominis
365 1263 554 1346 singularis3
601 1263 678 1347 quia
719 1263 839 1328 honum
882 1263 1019 1344 alicujus
1058 1263 1133 1346 puri

65 1361 191 1428 hominis
225 1385 290 1428 non
325 1370 436 1446 potest
475 1385 544 1428 esse
581 1385 679 1428 causa
715 1363 792 1428 boni
827 1365 930 1428 totius
963 1364 1131 1428 naturae.“

65 1461 164 1527 Posita
198 1470 308 1527 tamen
342 1462 510 1527 uoluntate
547 1463 623 1542 Dei,
662 1463 750 1546 quod
786 1463 948 1526 incarnari
983 1463 1131 1540 voluerit,

66 1581 98 1623 εε.
112 1568 220 1643 patres
239 1583 277 1624 ac
295 1561 474 1643 prophetae
492 1561 589 1644 hujus
611 1569 703 1625 actus
722 1560 991 1626 accelerationem
1006 1583 1133 1644 prome-

64 1666 190 1724 ruerunt
207 1661 302 1743 juxta
322 1660 419 1723 illud:
453 1660 611 1742 „Propter
631 1661 794 1724 miseriam
815 1661 949 1743 inopum
980 1667 1013 1724 et
1034 1661 1132 1742 gemi-

65 1763 127 1821 tum
146 1781 325 1842 pauperum
345 1780 431 1823 nunc
454 1781 616 1841 exurgam,
640 1759 719 1824 dicit
738 1760 958 1838 nominare
1003 1759 1133 1823 Dicitur

65 1879 151 1938 porro
173 1859 261 1941 apud
282 1859 460 1937 Danielem,
472 1861 497 1942 ³)
527 1861 756 1943 ,septuaginta
776 1859 996 1923 hebdomadas
1018 1857 1133 1921 abbre-

65 1956 158 2021 viatas
176 1979 245 2021 esse
264 1979 362 2039 super
379 1958 544 2040 populum,
560 1966 598 2022 ut
616 1965 858 2022 consummetur
875 1957 1131 2040 praevaricatio“

66 2061 109 2119 etc
128 2063 262 2139 propter
290 2050 366 2121 vota
386 2063 518 2139 patrum
540 2058 706 2136 ardentia,
737 2078 819 2141 quae
843 2057 904 2120 hoo
927 2057 1046 2121 bonum
1067 2076 1132 2118 me-

65 2163 198 2220 ruerunt.

401 2244 418 2270 Χ

117 2288 207 2353 Aliae
236 2289 343 2353 adhuc
376 2290 588 2372 suppeditant
615 2290 774 2367 rationes,
809 2283 927 2372 quihus
956 2287 1133 2352 clarissime

65 2385 228 2466 evincitur,
256 2385 288 2450 b.
310 2388 476 2476 Virginem
498 2388 684 2454 nullatenus
711 2389 828 2453 mereri
849 2388 993 2471 potuisse
1015 2393 1134 2450 mater-

64 2485 192 2552 nitatem
214 2487 355 2552 diviuam
377 2511 416 2553 ex
437 2489 605 2571 condigno.

117 2619 269 2685 Meritum
298 2621 383 2685 enim
410 2621 450 2685 de
480 2621 637 2704 condigno
667 2621 818 2705 requirit,
848 2628 886 2685 ut
913 2641 1012 2703 supra
1040 2624 1133 2683 nota-

64 2715 172 2797 vimus,
211 2720 521 2803 aequalitatem
560 2742 647 2784 cum
685 2721 886 2802 praemi0,
927 2725 1020 2784 actus
1055 2739 1131 2781 uero

64 2817 213 2882 meritorii
233 2819 264 2882 b.
283 2819 434 2902 Virginis,
455 2826 616 2902 quatenus
639 2819 817 2901 dignificati
839 2841 898 2902 per
919 2819 1059 2901 gratiam
1076 2818 1133 2882 ha·

64 2911 220 2995 bitualem‚
239 2917 318 2991 licet
337 2919 610 3000 praestantissimi
631 2919 755 2983 fuerint
776 2941 813 2982 ac
836 2917 1048 2981 excellentiae
1071 2916 1134 2979 sin-

64 3013 184 3094 gularis,
213 3038 278 3081 non
300 3023 410 3081 tamen
431 3017 597 3082 habebant
618 3018 851 3100 aequalitatem
881 3038 954 3080 cum
975 3017 1047 3097 ipsa
1068 3037 1134 3078 ma-

65 3113 209 3178 temitate
242 3114 359 3178 divina.
412 3116 606 3181 Maternitas
639 3117 718 3180 haec
752 3117 837 3180 enim
868 3117 902 3178 in
935 3137 994 3178 sua
1026 3115 1133 3197 specie

64 3211 158 3274 multo
178 3215 399 3296 praestantior
428 3221 479 3279 est
506 3216 613 3298 gratia
633 3215 809 3292 habituali,
839 3221 954 3296 utpote
983 3220 1134 3295 spectans

65 3307 101 3370 ad
122 3312 265 3376 ordinem
286 3312 542 3395 hypostaticum,
573 3336 673 3397 quum
701 3314 742 3378 ab
764 3314 837 3395 ipsa
857 3333 996 3394 persona
1025 3310 1134 3376 divina

64 3405 145 3472 inse
166 3417 301 3492 accepta
329 3412 470 3493 speciem
498 3419 621 3492 sumat3
653 3413 799 3494 gratiae
823 3417 936 3476 contra
957 3409 1134 3474 habitualis

64 3505 101 3568 ad
132 3509 274 3573 ordinem
303 3511 583 3592 supernaturalem
613 3511 805 3593 simpliciter
836 3514 964 3592 spectat
993 3509 1133 3590 speciem

63 3603 229 3673 habentem
265 3631 285 3673 a
314 3609 383 3673 Deo
415 3631 480 3674 non
517 3610 580 3674 nisi
620 3611 654 3673 in
684 3631 754 3674 esse
790 3609 948 3692 objective
989 3613 1132 3688 accepto.

66 3701 147 3778 Quae
168 3715 278 3772 autem
307 3715 384 3773 sunt
405 3708 527 3773 ordinis
555 3708 734 3788 inferioris,
762 3714 929 3790 nequeunt
950 3706 1135 3788 adaequare

65 3821 107 3880 ea,
131 3826 210 3888 quae
238 3814 315 3872 sunt
337 3807 459 3872 ordinis
481 3808 673 3891 superioris3
703 3827 803 3890 quare
825 3828 885 3871 nec
906 3813 999 3870 actus
1022 3826 1134 3887 super-

67 3943 253 3958 ᾖξ-

126 4021 149 4084 1)·
159 4022 216 4076 Joa.
235 4022 256 4089 1,
276 4027 313 4077 17.
347 4023 367 4088 ²)
385 4021 428 4076 Ρε,
447 4021 535 4088 Χῐμβ.
570 4023 591 4088 ³)
610 4021 677 4076 Dan.
694 4021 744 4086 lx,
760 4023 800 4074 221.
