2718 4556
550 386 609 448 291

55 551 173 634 nuptiae
194 548 403 624 differantur3
436 545 470 610 id
491 551 601 611 tamen
621 547 720 611 etiam
741 569 853 612 verum
874 556 999 630 manet,
1030 552 1117 634 quod

56 673 141 733 quum
160 649 270 733 puella
292 645 415 710 decimo
439 652 556 728 quarto
578 668 663 710 anno
685 647 729 711 sit
749 647 878 726 nubilis,
898 649 1025 730 possint
1046 648 1117 713 fieri

55 750 173 831 nuptiae
194 754 228 812 et
250 746 289 810 de
318 765 407 808 more
434 745 555 809 veteris
583 746 773 810 testamenti
804 746 865 810 hoc
892 753 1055 830 tempore,
1089 748 1117 812 si

55 849 130 913 aliud
148 845 417 930 impedimentum
437 865 502 908 non
524 844 699 923 obstiterit,
718 845 779 909 hae
801 844 908 910 factae
926 847 1001 911 sint.
1030 848 1116 931 Ergo

56 949 118 1031 quia
137 946 403 1030 impedimentum
423 965 489 1007 non
510 944 657 1008 noscitur
685 945 771 1008 circa
798 945 929 1009 beatam
951 945 1117 1030 Virginem

56 1054 81 1111 et
105 1045 231 1111 aliunde
254 1044 342 1107 Deus
370 1048 439 1106 tam
465 1042 710 1106 vehementibus
741 1043 893 1125 precibus
924 1045 1116 1128 imploratus

54 1145 155 1224 fuerit,
182 1150 221 1208 ut
241 1142 408 1225 negotium
434 1142 684 1221 haematinum,
713 1142 799 1224 quod
820 1144 952 1227 nuptias
973 1147 1117 1229 require·

9 1261 10 1268 ¹
54 1244 109 1323 bat,
129 1242 334 1320 acceleraret,
357 1240 430 1305 ideo
453 1239 515 1303 hae
537 1240 625 1304 ultra
647 1241 807 1304 decimum
822 1249 975 1324 quartum
996 1266 1117 1311 annum

54 1364 108 1407 non
127 1341 260 1406 fuemnt
280 1339 485 1423 protensae.“
529 1339 593 1404 Sed
613 1339 693 1404 haec
719 1339 877 1406 hactenus
899 1342 939 1406 de
959 1350 1116 1427 tempore,

54 1463 107 1524 quo
132 1463 155 1506 s.
178 1440 321 1522 Deipara
351 1438 386 1502 in
414 1437 656 1502 matrimonium
683 1438 761 1504 data
788 1438 889 1506 fuerit
917 1463 940 1505 s
962 1443 1115 1526 Josepho.

55 1540 215 1618 Quaeritur

53 1745 93 1808 2⁰:
113 1744 250 1810 Utrum
269 1740 506 1807 beatissima
523 1741 651 1824 Virgo,
675 1763 790 1824 quum
811 1743 1116 1826 Angelus-illam
1148 1821 1150 1826 ¹
1253 1739 1258 1750 '

80 1843 274 1908 allocutus
302 1841 366 1919 sit,
397 1838 600 1922 sponsalia
628 1842 909 1921 tantummodo,
939 1865 985 1907 an
1012 1865 1085 1909 ma·

109 1941 335 2007 trimonium
360 1959 492 2004 verum
520 1945 558 2002 et
584 1944 713 2003 ratum
741 1961 824 2004 cum
852 1963 876 2005 s.
903 1941 1050 2026 Joseph

447 2038 707 2103 contraxerit.

106 2211 332 2290 Quaestionem
353 2210 436 2274 hanc
458 2209 665 2292 gravissimae
688 2230 757 2274 esse
778 2210 993 2290 difficultatis,
1022 2234 1116 2279 nemo

55 2309 243 2376 initiabitur.
278 2309 352 2373 Non
370 2306 556 2372 scholastici
580 2306 685 2372 solum
705 2307 858 2391 theologi,
878 2310 935 2374 sed
953 2317 987 2374 et
1003 2311 1117 2377 Patres

55 2409 107 2492 ipsi
124 2412 157 2475 in
178 2432 217 2475 ea
236 2407 427 2493 exponenda
444 2408 530 2472 inter
551 2428 584 2471 se
603 2406 771 2472 dissident.
810 2407 993 2473 Afferamus
1010 2411 1116 2492 primo

56 2516 230 2591 argumenta
258 2529 386 2586 eorum,
417 2507 473 2589 qui
500 2506 531 2571 b.
553 2506 720 2589 Virginem
740 2507 952 2590 promissione
974 2515 1117 2574 tantum-

56 2608 135 2673 modo
154 2607 355 2673 matrimonii
382 2628 406 2670 s.
428 2605 569 2687 Josepho
591 2605 774 2670 deuinctam
801 2627 870 2671 esse
899 2608 1115 2688 contendunt3

58 2705 118 2770 dein
138 2712 329 2790 argumenta
357 2725 482 2784 eorum,
512 2706 568 2788 qui
596 2727 620 2770 s.
644 2706 819 2788 Deiparam
847 2727 921 2769 cum
949 2727 973 2770 s.
995 2707 1117 2790 Joseph

57 2806 236 2871 matrimonii
272 2803 399 2869 vinculo
433 2805 582 2888 junctam
620 2804 721 2869 fuisse
758 2804 976 2883 arbitrantur,
1016 2827 1117 2888 quum

57 2903 179 2987 Angelus
201 2903 363 2987 apparuit.
1120 2899 1122 2904 ’

462 3108 638 3173 Sentent.
660 3107 689 3171 1:

58 3262 278 3332 Beatissima
298 3265 418 3347 Virgo
446 3285 523 3328 non
549 3262 628 3327 nisi
654 3263 860 3346 sponsalia
887 3285 954 3328 seu
982 3265 1116 3331 matri-

133 3365 302 3432 monium
331 3365 376 3429 de
404 3364 542 3429 futuro
572 3368 831 3428 contraxerat
851 3369 1028 3448 tempore

401 3461 743 3527 Annuntiationis.

65 3591 67 3596 ⁵
108 3611 291 3676 Sententiae
317 3612 393 3676 huic
422 3610 642 3693 suffragantur
663 3610 750 3675 inter
771 3610 852 3674 alios
881 3633 904 3675 s.
927 3612 1080 3690 Hilarius,
1091 3613 1116 3695 1)

59 3725 76 3768 s.
94 3708 234 3796 Basilius,
245 3712 270 3793 2)
299 3733 322 3776 s.
345 3709 556 3795 Epiphanius,
567 3710 592 3792 3)
619 3730 716 3792 porro
738 3709 942 3792 Baronius,4)
964 3710 1117 3775 Tostatus

140 3839 143 3848 ι

59 3857 234 3872 ,ᾕ-

112 3940 129 4007 ι)
151 3941 182 3995 ln
210 3941 309 3996 Matth.
338 3957 381 4012 cp.
409 3941 431 3998 l.
473 3943 494 4009 2)
519 3941 600 3997 Hom.
630 3941 665 3995 de
695 3941 768 3994 hum.
795 3939 899 3995 Christi
928 3941 1118 4008 generatione.

58 4017 74 4084 ³)
87 4020 189 4079 Haeres.
206 4023 360 4081 LXXVIII.
392 4025 414 4092 4)
431 4024 464 4078 In
482 4029 624 4094 Apparetu
641 4024 677 4078 ad
694 4024 786 4078 annal.
801 4023 869 4077 eccl.
887 4041 914 4077 n.
922 4025 971 4158 1th
