2718 4556
575 306 635 367 375

79 485 100 528 s.
118 463 311 542 Ambrosius,
322 464 346 546 1)
374 485 399 528 s.
422 463 715 548 Chrysostomus,2)
744 487 768 531 s.
791 465 936 532 Hilarius
948 467 973 548 ³)
1003 472 1037 532 et
1057 467 1147 532 inter

80 564 262 726 rgqentiores
290 564 443 630 Tostatus
474 565 656 675 Abulensis‚
664 565 691 648 ¹²)
712 566 877 680 'Sanohea
887 566 912 647 ⁵)
945 565 1145 649 Sandinus⁶)

78 683 95 727 a
107 684 195 746 uque.

467 806 657 919 sentent.
687 855 740 919 Il:

135 1007 163 1072 S.
191 1008 347 1091 loseph
375 1029 421 1072 ex
446 1009 695 1074 humilitate
722 1009 753 1073 b.
781 1010 995 1094 Virginem
1022 1010 1076 1074 di-

406 1108 574 1172 mittere
603 1107 798 1174 intendit.

128 1253 226 1319 duxta
256 1255 353 1337 hujus
385 1256 567 1320 sententiae
598 1262 755 1339 patronos
787 1279 811 1321 s.
840 1258 963 1342 Joseph
991 1259 1143 1322 lncarna-

77 1352 163 1418 tionis
200 1354 328 1419 divinae
359 1355 550 1437 mysterium
586 1356 785 1422 revelatione
822 1358 973 1440 cognovit
1004 1357 1143 1438 ideoque

76 1452 204 1516 maxima
242 1460 409 1536 permotus
446 1455 629 1519 reverentia
671 1455 710 1519 de
751 1455 946 1521 dimittenda
988 1455 1143 1538 cogitavit

75 1551 207 1634 conjuge.
259 1552 351 1617 Sicut
382 1573 406 1616 s.
434 1551 552 1625 Petrus
584 1553 668 1617 dixit
696 1554 851 1636 magistro
883 1575 958 1620 suo:
997 1552 1092 1635 ,Exi
1123 1573 1143 1616 a

76 1669 139 1727 me,
171 1650 357 1729 Domine,
392 1651 490 1734 quia
521 1651 639 1717 homo
671 1659 870 1735 peccator
902 1653 1063 1734 snm,“⁷)
1095 1651 1143 1715 ita

75 1768 96 1810 s.
129 1749 246 1833 Joseph
285 1749 411 1815 occulte
451 1750 616 1816 dimittere
655 1752 759 1816 voluit
796 1752 929 1818 beatam
966 1751 1141 1834 Virginem,

76 1846 156 1929 cujus
178 1849 340 1914 consortio
362 1870 396 1914 se
414 1849 610 1932 judicaverit
630 1850 806 1934 indignum.

130 1948 395 2032 Subscripserunt
439 1950 584 2032 opinioni
629 1950 705 2014 huic
750 1972 816 2015 non
857 1949 953 2033 pauci
998 1947 1143 2030 theologi

75 2047 232 2130 sanctique
270 2047 400 2127 Patres,
441 2069 580 2132 quorum
618 2070 718 2113 unum
755 2048 935 2114 alterumve
973 2067 1142 2112 recensere

76 2142 171 2211 hceat.
211 2131 317 2230 ,'ldeo,
340 2149 448 2232 inquit
469 2149 699 2232 Origenesf)
723 2171 795 2214 eam
816 2149 982 2215 dimittere
1003 2145 1141 2223 volebat,

77 2245 217 2324 quoniam
251 2248 408 2313 virtutem
445 2249 592 2331 mysterii
629 2255 665 2314 et
702 2255 941 2314 sacramentum
980 2245 1142 2329 quoddam

75 2344 269 2425 magnificum
289 2347 324 2411 in
346 2368 385 2412 ea
413 2369 482 2412 esse
509 2347 738 2431 cognoscebat,
768 2347 822 2412 cui
847 2345 1073 2430 approximare
1093 2343 1142 2406 in-

76 2437 196 2522 dignum
223 2467 258 2510 se
287 2446 490 2512 aestimabat.
533 2447 619 2529 Ergo
645 2447 820 2512 humilians
848 2468 883 2512 se
911 2452 988 2511 ante
1014 2449 1142 2509 tantam

76 2544 106 2602 et
135 2547 198 2606 tam
233 2543 433 2610 ineffabilem
468 2567 552 2624 rem,
594 2546 773 2628 quaerebat
804 2568 838 2612 se
870 2546 965 2627 longe
1001 2542 1142 2608 facere.“

60 2635 198 2706 .Confert
219 2643 373 2726 Origenes
395 2667 418 2710 s.
438 2646 616 2729 Josephnm
637 2669 661 2711 s.
685 2647 820 2712 Joannis
841 2645 1011 2728 Baptistae
1032 2643 1140 2720 matri,

76 2757 150 2818 quae
176 2743 356 2822 praesentis
385 2743 508 2810 Mariae
542 2744 735 2828 dignitatem
762 2744 952 2810 admirando
980 2742 1015 2806 in
1041 2741 1144 2806 verba

77 2838 189 2920 erupit:
216 2841 353 2923 ,Unde
376 2842 452 2908 hoo
480 2843 589 2923 mihi,
612 2850 657 2909 nt
677 2844 821 2910 veniat
841 2843 977 2908 Mater
998 2840 1073 2906 Dei
1093 2840 1141 2905 ad

76 2938 165 3000 mel“
177 2940 201 3020 9)
241 2941 287 3006 sic
323 2947 356 3006 et
392 2963 416 3006 s.
448 2942 571 3026 Joseph
604 2942 774 3026 indignum
809 2963 879 3008 sese
911 2941 1044 3019 habuit,
1084 2941 1142 3023 qui

77 3032 186 3101 diutius
208 3060 282 3103 cum
302 3039 361 3104 illa
381 3040 556 3106 habitaret.
599 3042 793 3123 ,Dimittam
814 3063 899 3120 eam,
922 3040 1042 3124 inquit,
1066 3046 1100 3104 et
1121 3061 1141 3102 a

76 3129 159 3217 longe
178 3136 296 3202 faciam
325 3161 397 3204 eam
425 3145 459 3205 et
480 3161 500 3204 a
522 3141 713 3223 cognatione
735 3163 823 3219 mea;
851 3141 955 3224 major
982 3145 1033 3204 est
1054 3138 1140 3202 enim

77 3229 205 3314 dignitas
245 3237 329 3320 ejuS,
374 3241 604 3322 superexcellit
621 3293 623 3300 .
643 3241 712 3324 ejus
751 3241 909 3306 sanctitas
950 3260 1011 3304 nec
1048 3258 1139 3302 meae

76 3336 211 3414 congruit
231 3336 450 3420 indignitati.“
641 3405 646 3412 ,

129 3431 296 3499 Consentit
317 3457 390 3500 cum
412 3437 550 3520 Origene
572 3438 768 3503 Eusebius
790 3435 1077 3503 Caesariensis.
1093 3435 1142 3499 ita

75 3527 240 3598 disserens:
255 3536 293 3617 ¹⁰)
333 3536 513 3620 ,Josephus
552 3538 741 3603 diviniorem
771 3535 913 3620 Virginis
951 3535 990 3600 de
1027 3538 1140 3599 sancto

76 3648 257 3662 Q...-

135 3699 152 3766 ¹)
168 3701 226 3756 Lib.
245 3702 280 3756 de
297 3702 362 3758 inst.
374 3703 451 3771 Virg.
469 3719 513 3770 cp.
531 3704 555 3758 5.
588 3705 609 3770 ς9)
627 3703 716 3770 Super
733 3702 832 3758 Matth.
848 3702 921 3757 hom.
938 3703 978 3756 26.
1011 3702 1033 3766 ³)
1052 3697 1142 3768 Super

76 3777 163 3839 Matth.
180 3802 223 3854 ep.
240 3786 261 3842 l.
295 3788 316 3853 ⁴)
334 3787 398 3856 Sup.
416 3786 517 3842 Matth.
533 3803 575 3856 cp.
591 3789 621 3842 19
638 3804 664 3854 q.
679 3789 719 3839 79.
751 3787 773 3852 5)
792 3786 832 3838 De
850 3783 1026 3838 matrimonio
1044 3781 1091 3835 lib.
1107 3781 1141 3846 X,

76 3859 136 3931 disp,
156 3871 193 3924 12.
233 3872 255 3936 6)
274 3870 378 3925 Histor.
395 3869 460 3924 fam.
477 3887 571 3923 sacrae
593 3886 655 3937 pag.
672 3871 730 3924 426.
773 3870 793 3935 7)
810 3868 877 3924 Luc.
897 3869 929 3929 V,
947 3869 970 3922 8.
1014 3865 1035 3932 8)
1053 3865 1141 3935 Super

76 3942 163 4003 Matth.
180 3967 222 4021 cp.
241 3953 263 4006 1.
300 3955 322 4020 9)
339 3953 406 4008 Luc.
425 3952 446 4019 l,
464 3955 505 4008 43.
540 3952 571 4019 ¹⁰)
589 3953 699 4020 Quaest.
716 3968 814 4020 evang.
831 3951 866 4006 ad
883 3950 1052 4019 Stephanum
1072 3964 1098 4016 q.
1117 3949 1140 4001 1.
