2728 4554
774 379 836 440 448

270 541 356 606 enim
377 561 415 605 eo
437 539 541 617 modo,
571 558 634 620 quo
656 537 727 602 fieri
748 537 832 604 solet
852 538 887 602 in
907 538 1061 619 caeteris,
1089 539 1193 606 virum
1211 539 1318 622 penitus

268 661 334 704 non
355 659 511 722 cognosco
534 657 594 701 nec
614 635 674 700 filii
696 636 856 702 desiderio
878 658 938 702 nec
959 658 1016 720 spe
1036 637 1169 721 prolis.“

330 737 402 802 Huc
423 755 552 820 quoque
579 740 730 817 spectant
749 734 937 800 testimonia
964 756 988 800 s.
1011 735 1205 802 Bernardiui
1224 737 1321 802 Senen-

268 837 364 918 sis,²)
404 834 551 919 Dionysii
585 832 844 915 carthusiana)
882 835 1088 917 Viegac,¹)
1127 835 1186 918 qui
1217 841 1321 899 textum

268 934 467 1000 canticorum
499 930 642 1014 ,Venter
675 938 753 996 tuus
784 931 870 996 sicut
905 952 1039 996 acervus
1070 932 1175 997 tritici
1206 931 1321 996 reflatu

267 1033 398 1115 liliis“⁵)
421 1031 584 1116 explicans
605 1031 732 1096 scribit:
755 1030 843 1113 ,Cur
863 1052 996 1096 acervus
1017 1031 1079 1096 iste
1100 1031 1205 1096 tritici
1224 1031 1322 1095 dicitur

267 1154 333 1197 non
352 1131 485 1215 plenus,
514 1151 580 1194 non
606 1136 756 1209 ornatus,
786 1130 844 1195 sed
864 1129 1005 1195 vallatus
1026 1129 1126 1194 liliis?
1159 1130 1239 1195 Sane
1258 1129 1321 1193 illud

268 1229 479 1313 significatur,
497 1228 568 1293 lilia
587 1228 688 1292 fuisse
709 1250 768 1311 pro
791 1228 885 1308 vallo,
906 1250 971 1311 quo
993 1227 1223 1294 defenderetur
1240 1228 1321 1294 tritici

267 1351 410 1394 acervus.
453 1329 498 1392 At
517 1326 654 1409 inquies,
675 1327 748 1409 quis
768 1348 912 1410 unquam
932 1327 1042 1392 tritico
1063 1326 1186 1392 vallum
1206 1327 1321 1393 confecit
1357 1333 1358 1360 ¹

267 1449 308 1492 ex
338 1427 438 1491 liliis?
478 1425 619 1503 Quamve
651 1424 872 1490 defensionem
899 1430 1053 1508 poterant
1079 1424 1151 1490 lilia
1177 1431 1320 1508 praestare

267 1525 400 1590 tritico?
440 1523 538 1589 Haud
574 1524 672 1589 dubie
706 1524 880 1589 maximam
915 1531 950 1589 et
983 1525 1146 1589 invictam.
1201 1524 1320 1588 Primum

204 1677 207 1684 .
267 1624 368 1701 enim,
398 1622 486 1706 quod
506 1621 673 1705 Virginem
693 1621 827 1701 attinet,
857 1622 920 1686 nisi
948 1623 979 1687 ei
1000 1621 1121 1687 vallum
1149 1623 1320 1706 virginitatis

265 1728 375 1786 tutum
405 1721 553 1786 futurum
583 1721 833 1804 promitteretur
863 1721 905 1785 ab
937 1720 1077 1804 Angelo,
1114 1721 1260 1800 dubium,
1290 1742 1320 1785 an

266 1819 373 1898 Mater
394 1819 457 1884 Dei
479 1841 548 1884 esse
569 1818 733 1898 voluisset,
762 1819 914 1897 imonon
935 1820 1115 1884 electuram
1134 1819 1242 1899 fuisse,
1268 1839 1319 1883 esse

266 1918 328 1983 Dei
356 1918 510 1998 Matrem,
543 1918 606 1982 nisi
633 1917 723 1982 aliud
751 1918 856 1983 Deum
888 1917 969 1982 velle
997 1917 1211 2002 intelligeret,
1240 1918 1320 1983 sentit

266 2015 295 2080 d.
317 2015 538 2081 Bemardinus
561 2016 710 2081 Senensis
730 2015 928 2100 probarique
949 2022 1061 2099 potest
1082 2038 1123 2081 ex
1151 2017 1216 2082 illis
1235 2017 1320 2082 verbis
1358 2059 1359 2100 3

264 2114 388 2179 Lucae:
419 2113 646 2196 ,Quomodo
674 2112 754 2179 fiet
781 2114 937 2179 istud?“
968 2114 1036 2180 Nec
1057 2117 1149 2199 prius
1170 2116 1318 2190 consensit,
1358 2107 1359 2114 '

264 2234 362 2296 quam
384 2213 415 2277 ei
435 2213 477 2278 ab
499 2212 622 2295 Angelo
644 2211 816 2290 diceretur,
845 2213 1054 2296 ,Spiritus
1082 2221 1252 2280 sanctus
1276 2235 1320 2278 su-

264 2313 487 2395 perveniet
508 2312 548 2375 in
577 2317 633 2390 te,
663 2316 704 2376 et
724 2311 861 2376 virtus
882 2312 1101 2377 Altissimi
1128 2313 1319 2379 obumbra-

262 2410 328 2474 bit
362 2411 513 2493 tibi.“¹)
564 2410 680 2495 Itaque
712 2410 782 2475 lilia
815 2410 1017 2476 sedaverunt
1047 2433 1199 2477 acervum
1228 2411 1318 2486 tritici

263 2509 349 2592 quia,
378 2515 417 2573 ut
436 2508 630 2574 haberemus
650 2508 909 2574 foecunditatem
928 2509 1080 2593 Virginis,
1110 2511 1255 2577 fecerunt
1272 2511 1319 2575 rir-

262 2607 411 2690 ginitatis
431 2608 531 2672 lilia“
573 2609 662 2673 llaec
682 2608 747 2673 ille.
820 2619 822 2624 '

324 2706 415 2771 Idem
436 2707 553 2772 docent
574 2697 614 2770 eir
634 2706 870 2772 recentioribus
890 2707 1073 2790 Bouvier,⁷)
1095 2708 1264 2791 Nicolas,¹)
1290 2707 1318 2770 de
1359 2704 1360 2744 ³

262 2805 409 2885 Rhodes,
423 2806 448 2887 9)
494 2806 695 2885 Contensem
711 2807 748 2889 ¹⁰)
792 2806 964 2872 Drexelius
977 2807 1015 2888 ¹¹)
1059 2806 1183 2890 aliique
1219 2807 1317 2891 plures.

261 2903 420 2987 ,Caritas
441 2905 550 2988 inquit
570 2904 825 2985 Contenson,
852 2905 873 2970 l.
896 2928 922 2970 c.
944 2905 1094 2970 refutans
1116 2907 1257 2973 rationes
1274 2923 1316 2988 pro

260 3003 364 3085 priori
384 3004 548 3069 sententia
575 3003 748 3086 allegatas,
777 3004 971 3087 ingratiam
992 3004 1055 3068 Dei
1082 3026 1207 3070 summe
1228 2999 1317 3070 dilecti

261 3122 359 3184 saepe
385 3102 473 3167 bona
499 3102 535 3166 in
563 3123 597 3166 se
624 3103 866 3184 praestantiora
893 3102 1078 3186 postponit:
1109 3124 1137 3166 r.
1166 3125 1195 3186 g.
1224 3101 1316 3167 melius

262 3205 313 3263 est
333 3200 436 3263 amari
457 3221 477 3264 a
494 3200 572 3278 Dec,
592 3221 690 3283 quam
711 3221 820 3264 amare
839 3200 960 3279 Deum3
981 3199 1062 3264 visio
1081 3200 1144 3265 Dei
1163 3201 1316 3285 perfectior

262 3303 320 3374 cst,
340 3318 439 3379 quam
459 3317 558 3376 amor,
578 3304 739 3363 ettamen
760 3300 866 3364 sancti
888 3320 928 3364 ex
948 3299 1160 3365 inclinatione
1181 3297 1315 3372 caritatis

261 3395 363 3476 magis
385 3394 510 3477 eligunt
530 3417 655 3476 amare,
678 3418 777 3480 quam
798 3398 915 3477 amari,
943 3397 1046 3480 magis
1068 3398 1218 3481 diligere,
1239 3413 1315 3482 quam
1358 3405 1360 3468 i

327 3589 347 3657 ¹)
364 3591 452 3645 Serm.
476 3591 506 3645 in
527 3591 608 3648 Sabb.
625 3597 689 3662 post
704 3593 783 3648 Dom.
801 3594 837 3648 de
854 3594 994 3662 Passione,
1012 3596 1048 3650 de
1064 3596 1139 3653 land.
1157 3589 1314 3666 virginitatis

128 3719 130 3726 .
258 3673 280 3737 ¹)
297 3672 331 3726 In
348 3671 395 3726 lib.
413 3673 449 3726 de
465 3675 614 3742 praeconio
632 3681 661 3729 et
677 3676 817 3744 dignitate
833 3677 952 3744 Mariam
972 3679 1023 3735 cfr.
1040 3679 1162 3734 Morales
1177 3681 1195 3734 l.
1212 3695 1234 3733 c.
1247 3677 1263 3730 l
1277 3671 1313 3726 ll·

259 3758 341 3810 uasa
362 3753 399 3808 11.
440 3757 462 3822 8)
481 3756 569 3824 Super
593 3758 680 3825 apoc.
702 3757 765 3824 xu,
781 3762 806 3814 a.
847 3761 869 3827 ⁴)
888 3760 951 3826 vu,
966 3764 991 3816 a.
1034 3761 1056 3829 ⁵)
1072 3762 1096 3828 1,
1112 3764 1154 3816 ee.
1172 3755 1174 3760 ·
1192 3759 1262 3828 one
1279 3753 1312 3806 u·

260 3837 429 3892 carnatione.
470 3839 492 3905 ¹)
510 3838 579 3892 Plan
595 3839 673 3894 divin
690 3841 744 3896 vol.
761 3841 797 3896 11.
814 3859 875 3910 pag.
893 3845 949 3898 167.
983 3844 1005 3910 ⁸)
1023 3843 1055 3898 L.
1072 3860 1097 3901 o.
1114 3862 1159 3912 qu.
1176 3843 1210 3908 11,
1225 3843 1280 3894 sect
1293 3835 1310 3888 5·

258 3920 286 4056 ΡΙ
301 3917 531 4070 ΙῖιὲῙΜῚαέἑοὲοῗω
554 3920 604 3976 cfr.
625 3926 729 3977 tractat
750 3922 784 3977 de
808 3924 839 3979 B.
856 3925 895 3980 M.
913 3924 947 3980 V.
971 3942 1015 3994 cp.
1032 3925 1082 3994 lll,
1101 3927 1125 3995 ξ.
1142 3929 1166 3983 4.
1208 3929 1236 3992 ¹⁰)
1251 3922 1310 3976 Tou.

287 4040 294 4068 2
352 4041 358 4056 ·
459 4043 507 4060 ..
