2718 4556
553 340 613 400 379

58 498 169 564 faceret
186 499 230 564 ad
252 499 338 564 ista?
370 498 502 582 Cogitat
522 498 704 578 dimittere,
735 499 812 583 quia
833 521 898 565 non
917 506 1050 582 poterat
1070 500 1122 566 vel

58 597 126 676 loris
145 598 282 682 prodere
303 598 355 663 vel
375 599 473 678 intus,
492 599 581 682 quod
603 605 764 678 evenerat,
783 600 959 664 continere.
992 600 1124 684 Cogitat

58 697 209 763 dimittere
232 704 267 762 et
287 697 367 762 dicit
388 698 457 764 Deo
479 704 601 776 toturn,
628 698 714 780 quia,
737 699 825 781 quod
844 698 968 763 homini
990 698 1122 779 diceret,

57 818 113 862 non
131 797 305 862 habebat.“

109 895 271 961 Consonat
292 917 316 960 s.
338 894 612 959 Bernardinus
643 895 830 960 Senensis
857 895 906 962 ita
927 896 1122 978 scribensz1)

57 993 253 1077 ,Quaesitum
283 1016 325 1058 an
350 993 472 1076 Joseph
500 993 678 1073 crediderit
698 994 865 1077 Virginem
892 995 933 1059 de
961 994 1124 1061 adulterio
1243 985 1247 994 ’

57 1093 231 1174 gravidam?
263 1093 315 1157 Ad
337 1092 424 1175 quod
446 1092 634 1171 dicendum,
664 1092 753 1175 quod
774 1093 861 1158 circa
881 1093 942 1159 hoc
964 1101 1032 1160 tres
1054 1117 1125 1160 sen-

58 1192 168 1258 tentiae
190 1199 378 1258 sanctorum
406 1200 440 1257 et
461 1193 601 1258 aliorum
629 1192 799 1257 doctorum
826 1195 921 1276 quasi
941 1196 1125 1260 contrariae

58 1293 263 1373 reperiuntur.
314 1291 561 1374 chrysostomus
590 1299 623 1356 et
650 1291 850 1374 Augustinus
879 1293 1007 1372 volunt,
1038 1293 1126 1376 quod

58 1389 222 1454 crediderit
243 1390 313 1455 hoc.
358 1391 505 1469 Secundi,
530 1397 567 1456 ut
584 1391 738 1473 Origenes
761 1397 795 1454 et
816 1391 873 1455 alii
893 1392 1015 1471 volunt,
1038 1393 1126 1475 quod
1233 1419 1237 1427 ·

59 1487 236 1568 crediderit,
260 1511 333 1554 eam
353 1491 539 1573 concepisse
561 1491 601 1554 de
624 1491 749 1573 Spiritu
770 1496 897 1570 sancte,
921 1497 955 1555 et
977 1491 1065 1574 quod
1087 1512 1126 1555 ex

58 1586 151 1651 multa
170 1589 353 1654 reverentia
370 1589 460 1653 illam
477 1588 590 1671 fugere
611 1588 750 1654 volebat.
787 1588 890 1653 Tertii
907 1611 983 1654 vero
1002 1589 1124 1667 dicunt,

59 1685 136 1766 quod
162 1688 211 1751 vir
242 1688 305 1752 iste
337 1694 477 1770 utraque
505 1695 600 1770 parte
633 1709 805 1753 concessus
837 1694 871 1752 et
897 1709 956 1770 pro
986 1694 1125 1770 utraque

59 1793 142 1866 parte
171 1787 318 1870 allegans
345 1787 456 1851 neutri
482 1788 571 1870 parti
601 1786 794 1870 simpliciter
821 1785 1035 1864 adhaerebat,
1069 1784 1126 1850 sed

59 1884 158 1950 stabat
178 1893 288 1951 mente
309 1887 469 1951 attonitus
499 1893 532 1950 et
553 1907 736 1968 suspensus.
779 1885 862 1950 Nam
884 1905 924 1948 ex
944 1905 1011 1948 una
1031 1890 1126 1967 parte

61 1991 122 2049 erat
151 1985 364 2050 fortissimum
396 1990 623 2067 argumentum
652 1991 792 2050 naturae
824 2005 863 2048 ex
891 1983 1126 2048 tumefactione

61 2083 149 2162 uteri3
171 2105 253 2148 exa
233 2085 338 2148 altera
359 2090 453 2184 parte
474 2083 664 2166 pugnabant
684 2083 800 2161 omnia,
821 2104 904 2166 quae
927 2082 967 2147 de
983 2082 1126 2164 Virginis

61 2183 188 2247 sanctita
190 2183 442 2248 tevideratt
409 2189 442 2247 et
470 2181 682 2260 audierat,e
685 2189 765 2246 tex
794 2189 927 2264 stupore
955 2182 1127 2264 utriusque

61 2281 152 2361 partis
173 2189 269 2346 simul
288 2287 397 2364 sumpt
399 2303 437 2346 ae
383 2281 589 2346 tvolebat
610 2281 737 2345 occulte
759 2281 924 2346 dimittere
947 2302 1026 2360 eam,
1044 2287 1128 2346 tam·

63 2398 148 2459 quam
165 2401 235 2444 rem
253 2380 317 2444 sibi
334 2381 479 2464 ignotam
498 2387 532 2444 et
547 2401 644 2444 suum
658 2379 818 2463 judicium
834 2380 1126 2445 transcendentem.

62 2476 220 2544 Adhaereo
247 2485 358 2544 tamen
385 2480 487 2562 magis
513 2479 589 2543 huic
618 2479 799 2544 sententiae
820 2479 947 2544 tertiae.
991 2480 1025 2545 Si
1052 2499 1127 2544 vero

64 2574 225 2659 deprimis
253 2577 379 2642 duabus
408 2585 576 2662 oporteret
596 2578 735 2643 alteram
763 2578 895 2661 eligere,
925 2578 999 2662 plus
1020 2600 1128 2644 assen-

63 2675 133 2740 tirer
151 2678 275 2788 primae
295 2683 394 2788 prop
396 2699 431 2742 er
380 2679 551 2742 tverba
571 2677 733 2742 Matthaei
754 2683 788 2742 et
803 2678 987 2760 Augustini,
1011 2678 1129 2761 quibus

63 2776 193 2840 secunda
214 2776 324 2859 opinio
346 2798 411 2840 non
432 2776 527 2888 plene
550 2775 740 2841 satisfacit.

115 2873 199 2940 Tert
176 2882 242 2940 t1ae
281 2875 426 2958 opinioni
464 2876 563 2940 etiam
594 2874 741 2939 Ecclesia
772 2873 903 2938 favere
920 2874 1009 2940 videt
995 2881 1050 2939 tur
1088 2874 1128 2939 de

65 2989 84 3032 s.
102 2971 239 3057 losepho
261 2995 395 3039 canens:
409 2976 434 3056 2)

198 3072 312 3155 ,Almo
336 3095 435 3156 quum
456 3073 615 3137 tumidam
635 3071 779 3154 germine
801 3071 970 3155 conjugem

198 3171 371 3236 Admirans
393 3173 491 3238 dubio
513 3173 656 3256 tangeris
677 3171 802 3249 auxius,

198 3271 321 3336 Afflatu
342 3273 452 3354 superi
471 3271 625 3336 Flaminis
647 3271 789 3354 Angelus

199 3370 401 3453 Conceptum
421 3393 560 3454 puerum
581 3371 707 3436 docet.“

119 3468 148 3532 S.
178 3469 301 3553 Joseph
334 3470 374 3534 de
410 3470 440 3534 b.
473 3470 614 3552 Virginis
647 3469 835 3535 innocentia
866 3466 1131 3550 persuasissimus

66 3561 136 3645 fuit;
166 3569 261 3633 scivit
282 3569 382 3647 enim,
413 3575 487 3634 voto
510 3570 706 3652 virginitatis
735 3591 807 3634 eam
828 3569 1035 3644 obstrictam,
1064 3565 1132 3630 vita

67 3665 262 3750 moribusque
302 3669 432 3733 omnino
471 3669 686 3752 inculpatam,
728 3668 875 3752 angelica
912 3666 1058 3750 puritate
1098 3669 1132 3727 et

67 3813 248 3827 ᾖ

126 3897 144 3964 1)
159 3899 235 3954 Tom.
253 3901 269 3952 3
286 3915 367 3953 serm.
389 3899 424 3952 de
446 3915 467 3952 s.
484 3897 606 3967 Josepho
623 3903 674 3952 art.
691 3897 708 3950 2
725 3913 768 3966 cp.
786 3900 810 3952 1.
851 3898 872 3961 2)
891 3895 923 3948 In
945 3895 1047 3963 hymno
1068 3893 1134 3948 festi

69 3981 98 4035 ad
113 3983 191 4049 Vesp.
