2718 4556
566 367 623 426 301

70 528 169 593 ruerit.
211 527 325 608 „Quod
346 533 456 590 autem
475 533 660 608 opponunt,
690 527 806 608 inquit,
819 528 842 608 ¹)
872 529 1038 593 nonsatis
1061 551 1136 594 con-

71 627 178 691 sultum
205 625 353 690 futurum
381 624 481 689 luisse
509 623 625 688 honori
645 624 788 707 Virginis
816 627 844 690 si
871 647 1053 709 praegnans
1079 650 1136 711 ap·

71 725 219 808 paruisset
240 731 317 788 ante
346 724 493 805 nuptias,
524 722 588 787 imo
617 729 794 805 antequam
822 729 953 788 tantum
981 727 1137 809 temporis

70 831 134 907 post
162 824 292 906 nuptias
323 820 514 900 effluxisset,
553 829 711 904 quantum
742 822 853 904 nuptis
885 844 966 905 opus
998 831 1063 904 est,
1097 832 1136 892 ut

70 932 185 989 uterum
213 929 343 1006 gerant,
373 943 439 985 non
466 921 500 985 id
528 922 613 987 tanti
642 927 692 986 est
721 921 891 1000 momenti,
922 925 1050 1009 quanti
1065 947 1135 990 esse

69 1023 175 1101 fertur,
196 1030 234 1086 ut
262 1043 320 1085 nos
350 1019 389 1084 de
418 1026 530 1084 nostra
558 1020 723 1084 sententia
750 1019 902 1085 dubitare
931 1029 1035 1104 cogat.
1078 1023 1136 1088 Et·

70 1123 156 1200 euim,
195 1142 296 1204 quum
327 1119 406 1201 ipsis
444 1119 647 1202 sponsalibus
678 1120 728 1184 vir
765 1125 798 1183 11
829 1120 946 1184 mulier
983 1123 1136 1205 conjuges

69 1219 178 1298 fierent,
197 1239 388 1301 congressus
409 1217 570 1282 maritalis
592 1225 669 1282 ante
690 1218 830 1300 nuptiae,
851 1221 984 1284 tametsi
1004 1222 1134 1304 vetitus,

70 1342 123 1384 uon
142 1320 211 1402 lege
233 1317 390 1394 mosaica,
421 1315 488 1380 sed
515 1315 738 1380 serioribus
765 1317 899 1398 gentis
927 1319 1135 1386 institutis

70 1421 155 1484 ctiam
175 1419 302 1483 indicta
320 1437 434 1498 poena,
454 1415 482 1480 si
502 1415 635 1480 habitus
656 1415 691 1478 iu
712 1415 807 1480 domo
829 1438 966 1499 sponsae
986 1426 1134 1500 paterna,

70 1540 123 1582 non
143 1525 251 1582 tamen
266 1522 416 1597 stuprum
439 1513 698 1591 existimabatur,
719 1536 821 1596 quare
844 1537 903 1602 nec
928 1518 1137 1600 congredien-

71 1624 112 1682 tes
132 1619 251 1682 honore
273 1614 562 1698 periclitabantur3
595 1613 653 1678 sed
675 1619 709 1679 et
742 1635 881 1697 poenam
912 1615 975 1679 levi
1006 1618 1137 1700 negotio

68 1717 215 1782 declinare
238 1717 317 1793 erat,
338 1736 438 1798 quum
461 1735 567 1796 neque
589 1707 628 1778 ea
647 1713 848 1797 infligeretur
867 1715 931 1780 nisi
952 1717 1136 1799 cognitione

70 1817 197 1881 criminis
218 1815 345 1892 habita,
370 1835 430 1878 nec
453 1813 492 1877 de
514 1813 648 1877 crimine
671 1820 915 1896 cognoscerent,
945 1815 1008 1880 nisi
1029 1816 1057 1880 si
1078 1817 1137 1881 ali·

72 1917 132 1998 quis
152 1921 236 1980 esset
257 1913 458 1978 accusator.“
501 1913 553 1978 lta
576 1912 614 1977 cl.
636 1912 803 1978 Patritius.

121 2013 277 2078 Meritalis
306 2033 382 2094 ergo
411 2031 600 2094 congressus
629 2018 706 2075 ante
734 2013 867 2093 nuptias
896 2014 1014 2078 saltem
1042 2016 1136 2080 seri-

70 2113 189 2177 oribus
230 2111 362 2194 gentis
402 2111 609 2175 institutis
650 2110 801 2180 vetitus
839 2111 912 2176 fuit.
968 2114 1002 2179 Si
1035 2114 1136 2196 igitur

69 2210 93 2274 b.
117 2213 228 2296 Virgo,
259 2217 436 2293 antequam
473 2209 716 2274 matrimonium
750 2230 823 2273 cum
852 2232 876 2274 s.
903 2211 1025 2293 loseph
1060 2235 1135 2277 oon-

70 2315 197 2376 tractum
217 2311 291 2386 fuit,
315 2309 447 2392 gravida
469 2308 672 2390 apparuerit,
701 2309 846 2373 concives
868 2310 956 2374 illius
978 2311 1047 2376 sine
1068 2311 1137 2376 ulla

71 2408 259 2476 dubitatione
289 2409 446 2492 suspicati
474 2408 630 2484 luissent,
656 2426 679 2471 'a
707 2395 749 2470 b.>'
760 2407 892 2490 Virgine
915 2409 1058 2490 ,seriora
1077 2411 1137 2475 illa

70 2507 226 2575 11111111α
267 2508 367 2573 fuisse
406 2507 536 2572 violata.
598 2505 706 2588 ,Talis
747 2528 822 2571 vero
863 2508 987 2590 opinio,
1028 2510 1136 2592 inquit

71 2610 177 2689 optimo
196 2610 269 2692 jure
291 2608 311 2672 J
317 2627 519 2689 ungmann,
529 2607 554 2688 2)
582 2606 739 2670 honorem
766 2607 1044 2672 sanctissimarum
1064 2609 1136 2673 illa-

71 2727 130 2771 mm
154 2728 366 2791 personarum
398 2706 605 2788 aliquatenus
637 2704 787 2769 laesisset
819 2727 857 2772 ac
888 2715 1136 2789 praeposterum

69 2803 211 2884 judicium
249 2805 289 2870 de
328 2826 440 2868 earum
477 2825 602 2868 summa
638 2804 760 2868 virtute
795 2814 1011 2887 provocasset.
1064 2807 1135 2872 Hoc

71 2902 226 2969 admittere
250 2902 368 2967 durum
388 2903 482 2968 nobis
504 2903 662 2968 videtur.“

123 3003 167 3068 Ex
186 3002 375 3067 Patribus
404 3002 599 3068 sententiam
620 3002 703 3070 hano
729 3002 915 3085 approbant
940 3003 1028 3069 inter
1054 3005 1135 3070 alios

72 3120 91 3162 s.
119 3102 342 3167 Ambrosius
354 3103 380 3184 3)
417 3103 552 3181 docenS,
590 3102 727 3166 Mariam
758 3100 859 3168 fuisse
895 3103 1134 3186 desponsatam,

72 3196 177 3282 dugelo
198 3201 405 3280 adveniente,
428 3208 474 3280 ut,
498 3223 598 3284 quum
618 3208 734 3283 postea
755 3208 868 3266 uterus
890 3201 976 3266 illius
997 3203 1137 3269 intume-

72 3308 176 3380 sceret,
205 3299 296 3364 nulla
316 3300 454 3365 amissae
475 3299 671 3380 virginitatis
693 3298 828 3365 infamia
848 3306 1028 3368 notaretur.
1070 3303 1136 3368 Au·
1161 3311 1163 3318 '

73 3393 182 3464 dianus
197 3399 401 3464 celeberrimi
416 3397 667 3463 Mediolanensis
678 3397 846 3464 Antistitis
857 3399 972 3464 verba:
995 3400 1137 3482 ,Latent

74 3497 188 3575 quidem
218 3498 327 3563 divina
359 3498 529 3582 mysteria,
568 3519 627 3562 nec
658 3495 754 3564 facile
783 3498 879 3580 juxta
909 3499 1136 3581 propheticum

73 3592 178 3660 dictum
210 3599 381 3681 quisquam
409 3598 576 3662 hominum
604 3602 715 3678 potest
743 3597 825 3662 scire
859 3598 1028 3662 consilium
1057 3600 1135 3664 Dei:

73 3693 121 3756 sed
148 3703 252 3762 tamen
285 3719 325 3762 ex
357 3697 495 3761 caeteris
525 3695 622 3759 factis
654 3701 755 3778 atque
787 3698 971 3779 praeceptis
1004 3698 1136 3763 Domini

74 3844 250 3862 Ἣ-

130 3925 147 3988 1)
163 3927 191 3981 L.
208 3945 230 3982 c.
247 3947 310 3999 pag.
327 3931 368 3983 31.
409 3925 638 3994 2)Ι1111111111111
661 3925 747 3980 theol.
769 3927 860 3996 dogm.
883 3931 965 3982 tract.
988 3928 1022 3982 de
1041 3927 1135 3984 Verbo

73 4003 199 4066 incarnato
216 4030 276 4082 pag.
293 4015 333 4068 93.
368 4013 388 4080 8)
407 4011 439 4065 11
457 4010 523 4065 Luc.
541 4012 589 4069 lib.
608 4010 644 4075 ll,
661 4027 704 4078 cp.
723 4015 746 4064 1.
