2808 4556
666 323 671 332 ’
752 365 813 426 cro

234 547 352 608 gruum
373 530 460 590 essct
476 524 647 606 Angelicos
666 524 807 607 Spiritus
829 524 1015 606 inproprie
1035 531 1157 590 natura
1174 524 1326 608 perfecta

236 625 354 688 Divina
370 624 502 689 Visionc
521 623 596 703 frui,
614 645 727 689 corum
748 627 859 688 autem
875 624 1032 706 Reginam
1052 623 1094 687 ad
1113 623 1327 688 novissimum

236 743 340 806 usque
359 722 475 806 judicii
497 721 583 786 diem
605 723 765 806 integram
787 728 961 804 expectare
984 721 1046 786 Dei
1067 721 1237 798 visionem.

236 903 435 968 Momenta
452 924 521 986 pro
540 901 750 966 invocatae
770 901 1031 968 definitionis
1051 901 1326 986 opportunitate.

297 1017 322 1081 I.
355 1016 528 1082 Revelatas
564 1017 755 1082 solemniter
779 1015 992 1090 manifestare
1020 1016 1178 1082 veritates
1207 1038 1327 1100 perop-

235 1122 413 1199 portunum
434 1136 563 1197 semper
584 1121 643 1180 est.
688 1115 743 1180 Ait
764 1115 850 1180 enim
872 1114 1039 1180 Christus:
1073 1115 1206 1197 „Quod
1237 1116 1326 1182 dico

236 1214 348 1279 vobis
376 1214 415 1278 in
444 1214 638 1292 tenebris,
672 1213 909 1296 praedicate
938 1234 1059 1296 super
1087 1215 1232 1280 tecta.“
1283 1215 1328 1280 Et

236 1333 314 1378 sane
336 1313 481 1395 aliquam
507 1312 666 1396 implicito
692 1312 871 1378 revelatam
892 1312 1065 1380 veritatem
1092 1320 1210 1394 aperte
1232 1335 1328 1396 prac-

237 1411 346 1476 dicare
368 1418 418 1476 est
436 1432 564 1494 semper
581 1431 694 1476 recens
712 1411 849 1476 victoria
866 1409 1008 1494 fideique
1026 1411 1156 1494 imperii
1176 1413 1327 1477 extensio

236 1509 392 1574 adversus
429 1509 689 1576 rationalismum
726 1509 787 1574 hac
824 1514 937 1574 nostra
975 1514 1086 1574 aetate
1122 1514 1193 1573 tam
1225 1510 1327 1593 impie

236 1615 448 1692 grassantem.
499 1609 501 1615 '

297 1707 337 1770 ΙΙ.
383 1706 564 1771 Tenerrimi
602 1707 700 1790 hujus
740 1705 958 1788 promulgatio
1002 1705 1164 1788 dogmatis
1208 1712 1329 1789 aperta

237 1810 323 1870 esset
350 1804 540 1869 Divinitatis
568 1805 606 1869 D.
635 1805 673 1869 N.
687 1805 730 1870 ‘J.
761 1803 818 1870 Ch.
848 1804 1022 1883 confessi03
1054 1804 1116 1869 tali
1144 1805 1234 1869 enim
1261 1805 1329 1888 pri-

237 1903 352 1985 vilegio
383 1903 511 1967 divinae
539 1903 762 1968 Maternitatis
790 1903 914 1968 intuitu
941 1903 1086 1985 Deipara
1112 1903 1179 1969 fuit
1209 1905 1330 1969 conde·

237 2008 364 2092 corate,
398 2002 546 2085 adeoque
576 2002 655 2066 diris
685 2001 921 2067 devoverentur
948 2022 1090 2080 errores,
1125 2003 1182 2085 qui
1211 2009 1329 2068 nostro

237 2121 367 2184 quoque
389 2121 468 2165 aevo
492 2101 615 2166 Christi
637 2101 850 2166 Divinitatem
879 2107 948 2165 tam
969 2100 1127 2183 sacrilege
1149 2101 1328 2184 impetunt.

297 2200 354 2264 III.
402 2200 573 2282 Quumque
618 2199 659 2264 de
698 2199 804 2263 Beata
845 2199 978 2281 Virgine
1020 2205 1118 2266 canat
1159 2199 1328 2265 Ecclesia:

237 2298 433 2380 „Cunctas
461 2298 649 2362 haereses
679 2296 764 2362 sola
791 2297 1040 2362 interemisti
1067 2298 1106 2361 iu
1135 2298 1329 2364 universo

236 2396 416 2476 mundo;“
446 2397 632 2480 dogmatica
654 2396 814 2480 ejusmodi
835 2395 998 2474 definitio,
1029 2398 1109 2480 quin
1139 2403 1229 2464 esset
1250 2398 1330 2463 hae·

236 2496 348 2561 reticis
370 2518 450 2562 ansa
478 2497 512 2559 in
533 2496 663 2561 haeresi
684 2496 945 2572 insurdescendi,
976 2496 1086 2561 cosin
1108 2495 1193 2560 ovile
1215 2498 1331 2580 potius

199 2645 201 2656 .
238 2594 362 2660 Christi
382 2616 442 2677 per
464 2615 536 2659 eam
557 2595 729 2661 reductum
750 2595 792 2659 iri
815 2594 1021 2677 sperandum.

298 2694 352 2758 IV.
383 2694 497 2759 Suavis
515 2694 596 2758 haec
615 2694 795 2758 decretatio
819 2700 906 2759 esset
923 2692 1077 2758 sensibile
1095 2701 1331 2776 argumentum

237 2792 371 2857 articuli
388 2792 465 2856 fidei
487 2792 635 2874 „Credo
657 2793 790 2857 carnis
812 2792 1185 2858 resurrectionem.“
1230 2793 1330 2858 Clam

237 2892 323 2956 enim
343 2891 405 2956 hoc
431 2890 577 2956 facinore
598 2889 834 2956 Materialismo
863 2912 923 2956 nec
951 2912 1016 2956 non
1037 2888 1330 2969 Indifferentismo‚

236 2990 441 3055 sanientibus
466 2996 651 3073 temporum
676 2998 863 3056 nostrorum
884 2991 1003 3073 plagis,
1034 2989 1249 3054 ostracismus
1272 2991 1331 3055 da·
1396 3019 1397 3024 ¹

237 3096 338 3154 retur.
389 3089 537 3156 Ecclesia
568 3091 654 3154 enim
683 3089 831 3154 exaltans
859 3089 953 3173 quasi
982 3087 1064 3154 tuba
1091 3108 1206 3152 vocem
1233 3109 1332 3154 suam

236 3187 353 3253 lethali
374 3188 536 3271 depressis
559 3210 676 3272 sopore
698 3189 871 3254 clamaret:
895 3189 1079 3271 „Sursum
1101 3187 1255 3252 corda.“

298 3286 336 3351 V.
376 3285 651 3352 Luculentissima
684 3288 744 3352 hac
777 3308 861 3351 nova
892 3285 1027 3351 aureola
1058 3284 1168 3368 cyclus
1200 3285 1330 3352 Mariae

237 3384 414 3466 gloriarum
436 3386 469 3448 in
490 3384 553 3449 hac
574 3385 801 3469 Hierosolyma
822 3385 986 3450 militante
1008 3382 1229 3448 clauderetur.

298 3482 353 3547 VI.
388 3482 494 3559 Quum
515 3482 569 3547 lex
596 3483 851 3567 supplicantium
879 3484 923 3549 sit
944 3483 998 3548 lex
1019 3482 1241 3562 credentium
1271 3505 1333 3568 pa-

238 3585 363 3644 storum
401 3586 435 3644 et
467 3601 601 3663 gregum
633 3589 710 3647 vota
740 3582 826 3648 hanc
858 3582 1036 3649 solemnem
1068 3581 1332 3650 decretationem

239 3676 464 3759 expostulant3
495 3684 528 3742 et
556 3679 618 3745 hac
647 3702 745 3745 causa
773 3679 851 3746 fidei
880 3681 1034 3747 meritum
1062 3689 1257 3766 augeretur,
1292 3706 1332 3749 ex

237 3775 302 3840 fide
324 3776 419 3853 enim,
442 3775 531 3857 quod
550 3800 636 3844 nunc
659 3781 853 3863 expiatam,
878 3782 1034 3846 divinitus
1056 3788 1236 3848 teneretur.

299 3872 369 3937 VII.
401 3872 581 3940 Concilium
597 3877 793 3943 Vaticanum
814 3879 838 3943 Ι.
862 3880 922 3944 sub
945 3880 1100 3963 auspiciis
1122 3881 1236 3946 Almac
1256 3883 1333 3948 Vir·

260 3969 267 3982 ‘
295 3969 301 3982 ‘
344 3969 384 4032 “lv
407 3973 495 4036 omni
516 3973 591 4039 labe
613 3975 765 4041 immunis
787 3977 992 4059 inchoatum,
1024 3979 1101 4043 dum
1122 3978 1332 4048 luculentum
