2726 4560
565 351 604 410 29

9 543 11 590 p
50 511 245 576 stantialiter
283 509 393 574 facere
431 510 494 574 sibi
531 516 671 576 matrem
711 509 869 592 eligebat;
910 516 944 575 et
981 511 1021 576 de
1060 534 1125 596 qua

9 599 11 652 i
51 610 183 692 Spiritus
205 614 341 674 sanctus
362 608 492 678 volebat
513 616 548 674 et
569 615 764 691 operaturus
786 614 866 688 erat,
883 615 921 674 ut
942 611 1126 694 concipere·

49 717 98 773 tur
118 717 151 775 et
172 715 368 774 nasceretur
380 709 481 787 ,mua
503 709 543 773 de
568 730 632 791 quo
654 709 723 790 ipse
744 707 973 791 procedebat.“
1009 711 1048 775 D.
1061 712 1126 775 An-

9 857 10 862 .
50 808 140 872 selmo
176 808 338 874 adhaeret
376 829 400 871 s.
432 807 584 885 Bruno,
618 806 909 872 carthusianorum
945 808 1123 890 institutor,

49 907 167 972 dicens:
185 907 210 989 ¹)
245 905 355 988 ,Haeo
382 905 480 988 Virgo
510 912 560 971 est
591 906 782 987 incorrupta
809 912 914 985 terra,
944 908 996 971 cui
1026 909 1124 974 bene·

49 1007 124 1071 dixit
156 1007 333 1084 Dominus,
374 1005 415 1069 ab
449 1005 537 1069 omni
568 1011 743 1088 propterea
772 1006 901 1087 peccati
931 1007 1124 1090 contagione

58 1107 160 1186 ibera,
193 1129 253 1191 per
285 1127 384 1189 quam
413 1105 499 1169 vitae
530 1104 617 1168 riam
646 1105 834 1186 agnovimus
866 1111 900 1169 et
931 1107 1124 1188 promissam

50 1207 215 1272 veritatem
247 1205 461 1288 accepimus.“
515 1203 545 1268 S.
580 1202 797 1268 Germanus
830 1203 1039 1271 Constant.
1073 1228 1123 1276 sa—

49 1305 127 1370 lutat
137 1307 166 1389 ²)
186 1305 217 1370 b.
241 1305 418 1387 Virginem,
440 1324 505 1386 qua
526 1301 795 1385 ,tabernaculum
815 1304 1124 1378 nonmanufactum

48 1411 140 1488 atque
164 1426 185 1468 a
205 1405 276 1468 Deo
298 1402 481 1482 conditum,
504 1402 538 1466 in
560 1402 648 1485 quod
671 1401 770 1466 semel
790 1401 825 1465 in
845 1405 1122 1470 consummatione

9 1523 11 1548 r
49 1503 164 1568 saeculi
185 1503 274 1569 solus
297 1503 386 1567 Deus
409 1524 447 1566 ac
470 1523 614 1566 summus
634 1499 787 1566 Pontifex
808 1501 985 1578 introivit.“

9 1619 10 1666 3
104 1608 130 1666 7.
164 1601 272 1668 XIII.
303 1606 345 1666 et
372 1601 468 1666 XIV.
498 1621 600 1666 saec.
779 1597 782 1602 ’

9 1697 11 1752 ἶ
104 1703 132 1767 S.
156 1702 306 1767 Petrus
331 1699 583 1770 Paschasius
611 1697 858 1764 Grienensis
885 1699 1069 1783 nominatss)
1091 1699 1122 1764 b.
1227 1774 1229 1778 ¹

50 1798 208 1882 Virginem
238 1821 326 1877 eam,
358 1799 419 1880 ,de
447 1819 512 1881 qua
532 1796 705 1880 proverbia
727 1796 906 1862 Salomonis
933 1796 1122 1882 loquuntur,

9 1933 10 1938 .
52 1900 129 1980 qnod
156 1906 234 1965 ante
262 1920 394 1964 omnem
419 1903 604 1963 creaturam
632 1896 697 1961 fuir
726 1896 845 1975 electa,
874 1903 913 1961 ut
933 1896 1041 1962 Mater
1062 1897 1124 1962 Dei

52 1995 143 2063 esset:
176 2021 254 2082 ergo
284 1998 349 2062 fuit
375 1998 629 2080 omnitempore
658 1996 692 2061 in
713 1996 820 2078 gratia
841 1996 922 2060 Deir
945 2043 951 2058 .
975 2045 982 2058 .
1006 2045 1013 2059 .
1037 2045 1043 2059 .
1067 1997 1124 2078 ,Si

51 2094 137 2178 Virgo
159 2097 265 2162 Maria
285 2096 395 2161 labem
416 2095 583 2178 originalis
604 2094 752 2160 maculae
773 2095 927 2172 attraxit,
950 2095 1123 2160 dicendum

54 2200 136 2273 esset,
157 2195 246 2278 quod
267 2195 378 2279 aliquo
399 2202 547 2278 tempore
567 2194 632 2260 fuit
652 2195 687 2258 in
707 2193 758 2258 ira
776 2194 846 2273 Dei,
870 2194 958 2278 quod
977 2217 1036 2260 nec
1058 2196 1123 2276 dici

52 2312 102 2356 neo
122 2294 210 2359 credi
232 2295 362 2359 debet.“
407 2295 436 2360 S.
459 2295 668 2377 Birgittae
692 2294 832 2376 principi
852 2293 1007 2359 revelavit
1017 2296 1044 2378 4)
1066 2295 1122 2360 be-

52 2391 186 2459 atissima
207 2395 323 2477 Virgo:
357 2393 507 2478 ,Veritas
529 2399 592 2471 cst,
616 2392 704 2475 quod
725 2414 783 2475 ego
805 2387 855 2456 fui
875 2399 1033 2476 concepta
1052 2395 1122 2462 sine

52 2500 172 2570 peccato
195 2493 377 2576 originali.“

106 2596 134 2654 8.
162 2591 237 2656 XV.
268 2591 365 2658 XVI.
396 2591 586 2663 etXVII.
617 2613 720 2656 saec.

106 2689 406 2772 splendidissimum
436 2691 659 2755 testimonium
690 2690 783 2756 nobis
815 2691 1000 2772 exhibete.
1028 2693 1120 2758 Vin·

53 2789 202 2854 centius
223 2789 448 2854 Ferrarius
469 2790 518 2854 ita
535 2789 575 2854 dc
595 2811 619 2854 s.
640 2789 783 2872 Deipara
800 2790 952 2873 loquens:
966 2793 992 2873 ⁵)
1013 2791 1121 2874 „Nota
1153 2778 1156 2782 ’

53 2905 102 2949 sex
120 2890 236 2971 gradus
259 2889 554 2958 sanctificationis.
578 2939 585 2952 .
609 2938 616 2953 .
641 2939 648 2952 .
682 2891 799 2955 Sextus
828 2889 947 2973 gradus
969 2897 1002 2955 et
1023 2913 1121 2974 super

54 2982 124 3050 ahos
148 3009 262 3053 omnes
292 2995 342 3054 est
370 2988 584 3054 sanctificatio
606 2989 747 3072 Virginis
776 2989 916 3068 Mariae,
951 2991 1028 3073 quia
1054 3013 1119 3056 non

54 3087 173 3163 quando.
190 3087 307 3153 debuit
327 3089 430 3167 nasci,
454 3110 513 3152 nec
534 3090 568 3152 in
589 3088 704 3156 ultimo
726 3088 795 3166 die,
825 3109 884 3153 nec
905 3088 1118 3170 hebdomada,

53 3200 242 3266 necmense,
277 3188 390 3252 sedin
414 3189 529 3254 eodem
549 3189 601 3253 die
631 3194 665 3254 et
684 3189 778 3267 hora,
811 3188 951 3254 formato
974 3183 1118 3273 corpore,

55 3285 198 3350 stenima
217 3293 344 3369 creata;
366 3289 444 3371 quia
461 3295 539 3353 tunc
557 3288 621 3353 fuit
640 3287 808 3352 rationalis
827 3294 861 3353 et
879 3309 981 3371 capax
999 3291 1119 3356 sancti·

55 3375 207 3464 ficationis,
224 3386 339 3452 statim
355 3387 424 3454 fuit
438 3386 665 3454 sanctificata..
684 3437 691 3452 .
711 3437 718 3453 .
742 3387 877 3465 Quando
897 3388 984 3453 enim
1001 3411 1119 3474 corpus

60 3515 240 3531 ἓ

111 3582 128 3644 ¹)
143 3583 174 3636 In
192 3584 235 3638 Ps.
254 3584 302 3650 Gi,
324 3602 387 3656 pag.
404 3589 461 3642 400.
503 3586 524 3654 ²)
543 3587 575 3660 Iu
592 3587 664 3640 Bibl.
682 3586 757 3641 Patr.
772 3586 873 3650 Graec.
891 3587 980 3642 Latin.
998 3590 1064 3662 tom.
1082 3589 1119 3657 ΙΙ,

56 3674 108 3728 pag.
121 3667 174 3720 457.
201 3668 235 3746 ,3)
252 3667 295 3720 De
311 3670 449 3736 mysteriis
466 3669 497 3723 B.
515 3669 553 3724 M.
571 3669 604 3726 V.
624 3669 666 3724 tit.
683 3673 715 3723 23
734 3670 768 3724 de
787 3670 900 3739 Virgin;
921 3670 970 3726 cfr.
989 3671 1082 3728 Malou
1099 3673 1118 3727 l.

9 3759 10 3780 ³
57 3755 76 3794 e.
90 3747 147 3800 tom.
163 3747 199 3812 11,
217 3766 280 3818 pag.
300 3753 356 3807 136.
387 3753 408 3816 ⁴)
426 3753 521 3807 Revel.
538 3745 587 3806 lib.
605 3752 652 3817 Vl,
673 3769 716 3822 cp.
735 3753 774 3807 49.
808 3753 1002 3808 Revelationes
1020 3772 1040 3810 ι.
1057 3755 1118 3808 Bir-

9 3869 10 3900 ,
57 3823 130 3889 gitteo
158 3831 209 3884 sub
240 3833 332 3886 tribus
361 3835 474 3888 summis
501 3835 681 3889 Pontificibus
713 3835 899 3902 examinatae,
929 3836 1058 3890 laudatae
1090 3840 1119 3892 at

9 3923 11 4010 Ι
57 3909 217 3980 suranae,
243 3931 261 3968 a
284 3915 433 3972 Bonifaoio,
453 3918 502 3972 IX.
524 3919 554 3970 iu
580 3918 786 3973 canonisatioue
811 3936 831 3972 s.
855 3919 993 3989 Birgittae
1019 3919 1118 3974 confir-

9 4013 11 4066 p
58 3992 131 4046 mae
146 3999 215 4051 sunt
248 3995 271 4064 ⁶)
288 3997 374 4055 Serm.
391 4000 422 4054 in
437 4000 512 4068 festo¹
527 4002 657 4070 concept
674 4001 706 4056 B.
718 4000 757 4056 M.
767 3999 805 4059 V.
815 4003 846 4056 ln
861 4001 950 4062 festis.
966 4002 1052 4058 Serm.
1067 4001 1117 4059 IV.
