2808 4556
236 483 415 568 Procopius
423 483 448 567 ¹)
484 483 606 570 aliique
638 476 761 567 plures.
815 483 983 570 Quomodo
1014 505 1115 568 porro
1148 490 1249 550 natus
1282 505 1320 550 ex
1383 515 1384 572 ι

237 582 344 649 carnis
365 583 534 649 voluntate
561 582 672 648 vocari
691 581 855 666 potuisset
874 581 1090 649 Emmanuel?
1122 584 1159 651 Si
1179 605 1257 669 ergo
1277 584 1319 664 id,

238 681 327 766 quod
348 681 454 762 datur,
477 682 605 765 signum
626 688 685 762 est,
715 682 882 766 generatio
903 683 976 766 ipsa
996 683 1204 750 admirabilis
1224 685 1321 750 debet

239 803 309 846 esse
342 788 376 847 et
403 780 573 864 stupenda.
623 780 757 859 Modus,
789 802 853 874 quo
885 788 1060 864 generatus
1093 789 1145 848 est
1172 805 1265 866 puer,
1295 784 1320 848 si
1383 803 1384 818 ¹

238 880 416 946 communis
443 880 574 960 luisset,
603 903 709 965 neque
737 881 903 947 diceretur
930 882 1059 966 signum
1086 905 1197 967 neque
1226 891 1320 949 natue

238 980 461 1063 appellaretur
483 980 684 1044 Emmanuel.
729 980 763 1046 si
785 1001 839 1059 ea,
870 1001 954 1063 quae
975 982 1115 1064 peperit,
1145 984 1238 1066 virgo
1259 1005 1320 1048 non

240 1084 297 1157 est,
321 1078 418 1162 quale
441 1078 652 1144 exstitit'hoc
674 1077 823 1160 siguum?

300 1179 521 1261 „Conceptum
561 1178 647 1242 hunc
685 1185 719 1242 et
756 1185 903 1261 partum,
942 1178 1098 1262 inquiunt
1135 1179 1321 1258 adversarii,
1383 1239 1384 1254 ,

239 1277 366 1360 signum
387 1277 519 1360 quidem
540 1277 613 1356 fuit,
636 1276 694 1342 sed
715 1297 779 1341 non
800 1275 1024 1360 prodigiuml“

299 1375 502 1441 Vocabulum
532 1375 641 1457 „oth“,
674 1397 739 1459 quo
770 1375 877 1440 utitur
903 1375 1081 1458 propheta,
1112 1396 1223 1441 nonne
1252 1399 1323 1460 pro·
1383 1363 1384 1416 ἶ

191 1501 193 1504 ’
239 1474 361 1557 digium
382 1495 512 1558 quoquc
534 1473 708 1558 significat,
730 1495 836 1538 nonne
859 1495 897 1539 eo
920 1495 1017 1538 sensu
1038 1476 1073 1539 in
1097 1476 1200 1540 sacris
1221 1476 1325 1540 literis

239 1595 335 1656 saepe
356 1573 558 1638 ‘adhibitum
597 1574 782 1656 reperitur?
831 1572 926 1650 Quod
963 1573 1124 1638 Jeremias
1163 1575 1325 1657 propheta

240 1671 378 1736 eandem
398 1693 468 1736 rem
488 1672 722 1754 praenuntians
744 1693 883 1754 „novum
888 1671 1167 1755 “appellavit-
1187 1694 1324 1785 „novum
1383 1683 1384 1736 ἒ

239 1771 338 1836 faciet
371 1771 528 1836 Dominus
567 1792 665 1855 super
701 1777 832 1849 terram,
869 1769 987 1835 mulier
1025 1771 1247 1836 circumdabit
1282 1773 1325 1836 ri-
1383 1835 1384 1844 ,

239 1851 437 1983 rum,“²)-
457 1872 560 1937 Isaias
588 1872 756 1954 „signum“
782 1871 911 1935 vocavit
953 1870 1125 1936 Mulierem
1151 1891 1230 1935 vero
1253 1892 1326 1935 cou-

241 1970 352 2052 cipere
374 1977 408 2035 et
428 1991 543 2054 parere
565 1969 677 2048 filium,
699 1969 847 2052 profecto
870 1991 1002 2036 norum
1010 1975 1158 2034 nonest.

301 2068 486 2134 Particulae
515 2069 577 2151 „h“
606 2069 729 2154 nomini
757 2068 908 2150 „almah“
935 2068 1115 2152 praefixae,
1146 2089 1233 2151 quae
1264 2089 1328 2132 em·

240 2165 373 2248 phatica
401 2187 470 2232 esse
499 2167 597 2246 solet,
628 2168 678 2232 uti
706 2157 796 2251 apud
824 2167 966 2232 Graecos
995 2167 1202 2232 articulus‘
1186 2194 1215 2249 ο,
1240 2169 1272 2251 ἡ,
1301 2167 1326 2232 si

240 2266 305 2329 vim
326 2266 511 2332 consideres
533 2289 571 2331 ac
593 2288 738 2346 sensum,
770 2266 922 2331 dubitare
943 2288 1008 2331 non
1030 2272 1142 2349 potes,
1173 2269 1257 2349 quin
1277 2267 1326 2330 hic
1383 2287 1384 2290 ¹

241 2385 346 2429 sermo
368 2365 412 2431 sit
434 2365 532 2430 dere
554 2365 696 2449 quadam
723 2364 881 2448 singulari
908 2371 943 2430 et
963 2363 1098 2443 eximia,
1130 2364 1171 2428 de
1193 2365 1326 2449 Virgine

240 2463 359 2546 insigni
405 2470 438 2529 et
478 2464 769 2547 praestantissima.
833 2463 951 2528 Almab
992 2484 1067 2527 cum
1108 2463 1254 2529 articulo
1296 2465 1326 2527 in

240 2585 264 2628 s.
291 2561 460 2645 Scriptura
487 2585 554 2628 non
581 2561 759 2645 reperitur,
788 2561 852 2625 nisi
873 2560 981 2626 tribus
996 2561 1098 2626 locis.
1108 2562 1135 2643 3)
1179 2562 1327 2628 Rebecca

242 2668 276 2726 et
310 2661 431 2740 Maria,
470 2662 590 2745 Moysis
626 2683 733 2739 soror,
773 2661 836 2725 hoo
870 2661 1001 2725 nomine
1041 2659 1245 2726 decorantur
1282 2681 1325 2736 eo,

309 3223 329 3290 ¹)
345 3222 379 3276 Iu
396 3221 459 3274 lsai.
476 3219 538 3285 Vll,
557 3221 597 3272 14.
630 3219 689 3286 „Ne
706 3236 750 3272 res
767 3220 939 3288 gravissima,
957 3219 1058 3274 scribit
1080 3221 1118 3275 ol.
1140 3219 1324 3274 Franzeliu
1357 3247 1359 3254 ·

241 3306 259 3358 l.
277 3322 301 3360 o.
319 3321 381 3374 pag.
397 3305 445 3356 114
462 3303 496 3355 de
513 3300 566 3354 hoc
583 3302 724 3367 vaticinio,
742 3301 778 3355 ad
794 3304 881 3356 tricas
897 3303 1147 3372 grammaticorum
1165 3303 1324 3364 deducatur,

242 3385 438 3442 determinatio
462 3383 521 3436 veri
544 3399 638 3436 sensns
663 3384 750 3438 Isaiae
765 3386 933 3440 nullatenus
956 3386 1063 3454 pendet
1086 3402 1102 3439 a
1125 3385 1324 3454 significatione

243 3469 384 3524 exclusiva
405 3463 525 3518 nominis
548 3464 659 3533 (Virgo)
681 3484 732 3534 per
756 3484 786 3522 se
809 3469 942 3536 specteti3
966 3467 1020 3523 hoo
1045 3469 1121 3521 enim
1145 3468 1209 3522 loco
1231 3465 1324 3520 modus

241 3549 371 3605 solemnis
395 3544 577 3600 annuntiandi
599 3548 759 3617 prodigium
783 3551 923 3619 singulare
948 3552 1075 3621 postulat
1093 3551 1254 3605 necessario
1275 3548 1324 3616 sig·

242 3630 431 3687 nificationem
457 3625 631 3694 „Virginis,“
660 3647 694 3684 ne
722 3632 813 3686 oratio
840 3633 879 3688 sit
903 3633 1008 3702 inepta.
1050 3633 1206 3702 Propterea
1228 3630 1323 3688 Judasi

242 3727 330 3781 usque
359 3708 395 3762 ad
426 3708 626 3762 controversias
656 3711 789 3766 adversus
819 3714 1005 3782 Christianae,
1036 3715 1190 3770 Christiani
1220 3729 1324 3782 semper

243 3809 339 3849 omnes
362 3805 448 3858 usque
472 3788 507 3842 ad
525 3795 652 3844 exortum
673 3794 894 3848 rationalismum
918 3796 954 3850 de
972 3756 1083 3852 cbristo
1107 3804 1137 3853 et
1154 3799 1190 3852 de
1207 3793 1322 3851 mirabili

243 3870 448 3941 supernaturali
469 3871 527 3938 ejus
550 3878 688 3940 conceptu
712 3891 747 3929 ex
771 3875 886 3946 Virgine
910 3879 1075 3934 vaticinium
1101 3875 1322 3936 intellexeruut.¹‘

243 3945 1281 4032 areremxxxtaa³)cen.xs1v,4e;uxoo.11‚e;u.v11,1e.

241 2760 330 2843 quod
350 2759 489 2844 virgines
520 2760 644 2825 luerint
671 2760 739 2824 viro
768 2758 962 2842 incognitae.
1006 2758 1092 2842 Ergo
1127 2760 1232 2824 etiam
1255 2759 1327 2842 „ha-

241 2857 370 2924 almah“
396 2859 431 2923 iu
451 2865 564 2924 nostro
592 2866 686 2924 textu
713 2858 870 2941 virginem
899 2858 1059 2939 designat.
1078 2903 1081 2910 1
1103 2857 1150 2923 At
1175 2858 1326 2923 nonfuit

241 2958 363 3023 femina
384 2957 554 3040 devulgo,
583 2957 705 3022 femina
727 2957 973 3041 qualiscumque
993 2955 1166 3022 indefinite
1188 2963 1325 3040 sumpta

241 3058 276 3121 in
294 3078 358 3140 quo
377 3077 488 3122 omues
506 3056 724 3121 consentiunt.
759 3055 886 3120 sivero
905 3061 997 3120 certa
1014 3054 1119 3120 fuerit
1138 3062 1173 3121 et
1191 3055 1325 3122 illustris
