2718 4556
551 366 610 426 367

58 527 148 590 tavit
175 527 213 591 in
243 525 373 604 nobis3
402 532 481 590 tuno
509 525 669 604 videlieet,
700 548 800 609 quum
828 529 970 612 Angelus
999 554 1124 598 sacram

57 625 205 708 Virginem
244 617 402 707 ejusmodi
441 625 588 690 oratione
634 625 803 690 salutavit:
850 627 946 710 ,Ave
990 633 1124 713 gratia

56 724 167 806 plena,
197 724 386 788 Dominus
414 725 647 818 tecum‘thoo
671 731 736 789 est:
770 725 832 789 Dei
853 727 988 794 verbum
1009 731 1122 814 (nuno)

57 831 152 889 tecum
179 831 238 889 est.
281 823 365 887 Nam
397 822 454 887 illa
483 821 645 888 Gabrielis
674 823 831 889 salutatio
853 825 959 891 Deum
990 829 1124 893 verbum

55 923 83 986 in
112 931 202 989 utero
235 923 379 1006 virgineo
411 927 526 986 natum
564 928 598 986 et
630 943 761 986 earnem
792 923 917 989 factum
948 927 1124 993 ἰηεὶηηηη.α

56 1022 207 1088 Consonat
239 1045 263 1109 s.
294 1021 647 1104 Chrysostomus:¹)
685 1021 858 1104 „Gabriele
891 1024 1019 1092 dicente
1051 1027 1123 1106 tibi,

55 1121 150 1205 Virgo,
172 1122 289 1204 ,Ave“
312 1143 412 1204 quum
434 1141 510 1186 vooe
531 1121 720 1186 incarnatus
742 1129 792 1187 est
813 1124 958 1190 omnium
980 1126 1068 1192 Deus
1090 1128 1125 1192 in

55 1227 82 1284 te
101 1227 306 1288 sacrosancta
327 1219 433 1284 aroa.“

106 1353 226 1417 Eadem
247 1350 352 1416 tradit
373 1350 403 1414 d.
421 1351 708 1434 Augustinusl)
731 1352 787 1435 qui
804 1346 1028 1421 beatissimam
1046 1357 1124 1422 Dei·

53 1472 154 1532 param
180 1451 262 1515 lacit
290 1449 339 1515 ita
365 1450 567 1532 loquentem:
601 1449 776 1531 ,Visitavit
797 1452 953 1536 (Angelus
975 1455 1123 1538 Gabriel)

55 1557 82 1614 et
100 1550 301 1632 perturbavit
322 1570 382 1627 me,
406 1549 562 1613 salutavit
584 1554 618 1613 et
639 1549 826 1631 gravidavit,
857 1553 1005 1636 dixitque
1026 1555 1122 1619 mihi:

53 1649 140 1730 ,Ave
171 1649 304 1732 gratia
334 1647 468 1730 plena,
502 1647 691 1712 Dominus
723 1652 883 1714 teoum.“
933 1653 1123 1718 Dominus

53 1753 179 1827 teoum,
209 1748 266 1814 sed
288 1747 361 1830 plus
391 1769 489 1830 quam
516 1767 659 1827 mecum3
687 1748 721 1811 in
749 1769 801 1812 me
829 1755 949 1829 autem,
979 1750 1058 1816 lieet
1078 1752 1124 1819 sit

53 1845 207 1926 Dominus,
225 1853 346 1912 memet
362 1847 470 1929 ipsum
488 1847 610 1911 creavit
627 1847 794 1912 Dominus.
827 1848 879 1912 lta
897 1854 948 1913 est
964 1849 1122 1916 Dominus

53 1952 166 2025 teoum,
197 1953 235 2012 ut
258 1947 302 2010 sit
322 1947 357 2009 in
378 1946 475 2011 eorde
496 1952 569 2025 tuo,
600 1947 643 2011 sit
662 1947 697 2010 in
726 1953 821 2012 utero
843 1953 916 2027 tuo,
945 1949 1125 2032 adimpleat

52 2051 182 2110 mentem
215 2052 322 2123 tuam,
360 2044 539 2127 adimpleat
572 2066 702 2110 earnem
735 2047 857 2110 tuam.“
908 2047 1033 2112 Similia
1066 2047 1124 2112 ha·

51 2141 160 2209 bentur
190 2136 338 2207 inlibio
371 2144 440 2226 ejus
474 2144 514 2208 de
544 2144 745 2227 Symbolo:⁵)
783 2143 941 2226 ,Quando
969 2145 1121 2228 Angelus,

52 2241 162 2326 inquit,
193 2243 291 2308 istam
311 2242 478 2325 Virginem
508 2242 555 2306 sio
576 2241 748 2320 salutavit,
778 2248 857 2307 tuno
886 2263 958 2308 eam
980 2245 1123 2327 Spiritus

52 2349 173 2407 sanetus
203 2341 428 2420 foecundavit,
463 2347 542 2405 tuno
574 2340 631 2405 illa
662 2340 784 2404 femina
814 2340 919 2405 virum
950 2342 1020 2406 sine
1051 2344 1121 2409 viro

51 2442 196 2523 concepit,
219 2447 299 2505 tuno
320 2439 447 2523 repleta
469 2445 519 2504 est
540 2439 656 2522 gratia,
676 2445 754 2504 tuno
772 2439 947 2504 Dominum
968 2443 1122 2524 suscepit,

51 2529 86 2601 ut
101 2545 185 2604 esset
203 2540 240 2602 in
269 2560 323 2617 ea,
358 2540 414 2622 qui
441 2539 567 2604 lecerat
595 2539 696 2603 eam.“
739 2537 929 2604 Plenissime
958 2542 1122 2606 consentit

51 2635 181 2704 Petrus
208 2638 408 2721 martyra)
442 2639 551 2723 ,Tune
578 2638 712 2702 verbum
740 2659 816 2702 earo
838 2636 962 2702 factum
992 2645 1057 2718 est,
1088 2645 1122 2704 et

51 2727 200 2803 habitavit
231 2738 266 2802 in
297 2737 406 2817 nobis,
440 2761 540 2822 quum
571 2737 714 2820 Angelus
745 2737 904 2820 virginem
935 2737 1121 2803 salutavit.“

50 2833 217 2902 Audiamus
236 2837 336 2901 etiam
357 2858 381 2900 s.
401 2836 594 2920 Cyrillum
611 2835 1022 2918 Hierosolymitanum
1043 2857 1120 2902 ean·

51 2932 115 2998 dem
134 2935 356 3018 proferentem
376 2934 581 3000 sententiam.
625 2935 786 3018 ,Gratia
814 2935 942 3017 plena,
964 2935 1081 3019 inquit,
1094 2935 1121 3020 5)

50 3034 119 3114 quia
148 3042 269 3101 teoum'
295 3040 346 3099 est
377 3035 545 3100 universus
580 3034 706 3117 gratiae
738 3034 913 3099 thesaurus
953 3041 988 3100 et
1018 3035 1122 3100 totius

49 3129 195 3214 laetitiae,
226 3155 284 3199 rex
312 3156 386 3200 oum
414 3133 548 3212 ancilla,
578 3154 651 3197 eum
680 3133 827 3216 speciosa
853 3135 942 3200 inter
968 3135 1122 3200 mulieres
1241 3139 1242 3142 ’

49 3234 204 3313 speciosus
220 3233 326 3300 forma
343 3255 422 3318 prae
443 3232 519 3298 filiis
535 3232 712 3311 hominum,
730 3255 804 3298 oum
820 3233 932 3316 puella
948 3233 1123 3317 impolluta

49 3328 81 3408 is,
102 3334 156 3414 qui
177 3333 361 3399 sanctificat
382 3333 556 3415 omnia.“.⁶)

56 3486 243 3497 ῃ-

108 3565 127 3630 ¹)
141 3565 173 3620 ln
186 3566 322 3636 Liturgia.
355 3565 376 3633 ²)
390 3563 429 3618 De
443 3564 535 3618 Nativ.
549 3579 631 3617 serm.
642 3564 683 3617 14.
716 3562 738 3630 ⁸)
751 3563 791 3616 De
806 3561 899 3631 Symb.
914 3563 950 3616 ad
962 3563 1122 3618 Cateohnm.

46 3644 91 3700 lib.
107 3651 122 3700 2
139 3665 182 3716 op.
200 3653 223 3704 5.
264 3649 286 3716 4)
305 3649 336 3701 ln
353 3648 401 3702 lib.
419 3647 454 3700 de
472 3648 591 3701 Deitate.
633 3647 654 3712 ⁶)
671 3645 757 3700 Serm.
776 3647 811 3700 do
828 3645 920 3700 Nativ.
962 3647 984 3711 ⁶)
1003 3645 1057 3700 Cfr.
1074 3645 1123 3699 Ni·

48 3727 151 3796 eephor.
167 3730 232 3787 hist.
251 3731 317 3786 eool.
334 3731 384 3788 lib.
403 3734 416 3784 1
435 3747 478 3799 op.
495 3732 525 3797 83
548 3731 631 3784 Bern.
649 3729 737 3798 Super
754 3727 854 3784 Missus
877 3729 950 3784 hom.
969 3731 999 3797 33
1023 3727 1123 3783 Petrus

48 3808 121 3868 Dan.
138 3813 171 3868 de
188 3815 273 3870 nativ.
292 3813 371 3883 Virg.
389 3830 471 3868 serm,
489 3815 517 3881 33
534 3812 617 3868 haur.
633 3811 747 3867 lustini.
782 3811 868 3866 Serm.
889 3811 923 3866 de
942 3813 1066 3866 Annunt.
