2718 4556
538 375 596 435 287

47 538 116 600 enirn
140 537 243 620 majus
272 535 471 618 conjugium,
502 557 565 617 quo
594 536 733 618 majores
762 531 838 601 sunt
865 541 1024 624 conjuges
1067 541 1106 605 In

46 635 215 700 beatissima
252 655 327 707 vero
365 634 488 716 virgine
527 639 561 698 et
591 635 625 697 in
664 635 733 718 ejus
770 657 887 718 sponso
926 641 1106 706 castissimo

47 756 152 799 summa
170 734 327 798 nobilitas
349 732 508 798 naturalis
531 739 565 797 11
582 735 850 816 supernaturalis,
869 737 1107 819 perfectissima

46 835 251 914 pulchritudo,
282 855 359 916 opes
388 834 567 916 gratiarum
594 855 654 898 nec
682 854 747 898 non
775 835 934 900 virtutum
963 839 1106 903 omniurn

46 934 235 1016 resplendent
279 934 434 998 thesauri.
499 934 701 999 Sanctissimi
746 933 781 997 hi
825 937 976 1019 conjuges
1019 939 1108 1002 inter

47 1054 138 1096 omnes
172 1039 340 1097 creaturas
370 1033 511 1114 primum
542 1039 617 1114 post
649 1033 754 1096 Deum
791 1038 906 1099 tenent
938 1036 1106 1118 dignitatis

46 1132 154 1213 101111;’
178 1133 319 1216 Spiritus
340 1139 471 1197 sanctus
492 1133 614 1214 nuptiis
636 1133 702 1197 suis
724 1133 876 1216 dignatus
898 1142 948 1200 est
968 1135 1106 1200 Mariam

46 1232 154 1315 sibique
181 1232 353 1297 substituit
380 1255 403 1296 s.
425 1232 611 1314 Josephum.
654 1233 951 1299 Praeclarissimum
977 1235 1107 1300 videtur

46 1331 278 1409 matrimonium,
295 1332 372 1414 quia
389 1331 576 1414 virginitate
594 1330 714 1410 floruit,
731 1331 951 1414 virginitatem
967 1333 1108 1415 protulit

46 1436 73 1493 et
94 1431 253 1514 virginitas
281 1430 539 1494 incontaminata
569 1427 694 1512 prolem
730 1430 886 1512 produxit
913 1432 1104 1496 mirandam.

46 1531 249 1614 adimpletum
288 1531 432 1594 videmus
470 1530 532 1595 hoo
573 1531 607 1594 in
638 1532 844 1595 matrimonio
886 1531 1013 1596 duobus
1043 1532 1109 1596 vir-

46 1631 174 1711 ginitatis
195 1631 287 1708 votis,
307 1630 400 1712 quasi
417 1629 663 1712 fulgentissimis
680 1629 821 1712 pyropis,
839 1637 1005 1708 exornato²
1024 1629 1106 1694 illud

45 1730 147 1794 isaiae:
161 1731 184 1813 ¹)
225 1728 417 1812 „Habitabit
448 1727 576 1811 juvenis
616 1749 689 1792 curn
727 1728 848 1810 virgine
887 1734 920 1793 et
950 1728 1107 1812 gaudebit

47 1848 164 1910 sponsus
185 1849 283 1910 super
309 1827 491 1910 11011111.α
533 1827 595 1890 Hic
615 1848 681 1892 non
702 1849 778 1890 caro
801 1827 976 1892 carnaliter
996 1828 1106 1910 tetigit

48 1947 170 2006 carnem,
200 1927 256 1992 sed
285 1927 373 1990 Deus
399 1926 498 1990 Pater
523 1925 666 2007 Virginis
694 1925 816 1990 infudit
843 1927 1020 1991 visceribus
1049 1928 1107 1992 Sa·

47 2025 184 2105 pientiam
201 2047 302 2104 suern,
320 2046 403 2108 quae
421 2030 455 2088 et
470 2025 505 2088 in
518 2024 650 2107 Virgine
665 2024 771 2104 Matre
791 2047 921 2091 carmem
940 2047 1107 2091 assumens

47 2123 248 2190 beatissimam
268 2145 360 2189 suam
381 2123 521 2188 Matrem
542 2125 683 2189 servavit
703 2125 1000 2190 incontaminatam.

221 2691 279 2760 DE
301 2690 509 2759 TEMPORE
530 2685 908 2757 unsronsrrlorlu

97 2872 207 2938 Samae
230 2873 435 2956 Scripturae,
466 2871 545 2935 licet
568 2891 680 2934 verum
711 2874 884 2952 ratumque
915 2867 1003 2931 inter
1029 2867 1108 2932 bea-

49 2967 186 3036 tissimam
216 2971 383 3054 Virginem
419 2976 453 3034 et
484 2992 508 3034 1.
530 2968 652 3051 Joseph
684 2967 832 3033 extitisse
863 2966 1108 3034 matrimonium

50 3065 179 3151 doceant,
210 3071 250 3136 de
279 3068 531 3136 circumstantiis
560 3075 670 3133 tamen
701 3065 858 3154 temporis
879 3063 1107 3150 similibusque

49 3165 84 3229 nil
101 3190 227 3251 prorsus
246 3168 392 3233 tradunt.
436 3168 543 3246 Quare
564 3167 599 3242 11
626 3165 807 3231 tractandis
828 3165 878 3230 his
909 3165 1108 3248 quaestioni-

48 3261 109 3345 1111,
139 3290 233 3352 quas,
267 3289 367 3352 quum
395 3267 435 3331 de
463 3266 570 3331 Matre
600 3265 662 3330 Dei
689 3286 727 3329 ao
760 3264 800 3328 de
830 3261 971 3346 Spiritus
1001 3263 1108 3328 sancti

48 3361 153 3445 Sponsa
173 3374 303 3451 agatur,
333 3366 556 3448 nullusparvi
577 3365 690 3431 credat
710 3363 890 3443 faciendas,
921 3361 964 3426 ad
984 3381 1023 3426 ss.
1046 3361 1109 3425 Pa-

47 3467 119 3529 11111
138 3467 315 3533 1111111111
332 3486 537 3530 recurramus
557 3484 688 3528 necesse
710 3462 782 3528 erit.
821 3461 1009 3544 Loquamur
1030 3482 1105 3543 ergo

98 3586 121 3644 1.
150 3583 188 3647 de
209 3588 354 3661 aetate,
377 3603 453 3664 qua
473 3580 504 3645 b.
526 3580 646 3662 Virgo
668 3578 852 3661 nupserit
872 3613 912 3622 —
935 3575 974 3640 de
996 3580 1106 3641 aetate

47 3697 65 3740 s.
88 3679 212 3766 Josephi
239 3688 386 3766 tempore
415 3678 675 3763 desponsationis
702 3684 819 3761 postea
846 3696 952 3740 sermo
981 3674 1109 3739 erit-
1165 3775 1167 3780 Ι

48 3781 74 3840 11
90 3781 348 3863 respondebimus

49 3922 222 3941 Ἢ.-

103 4010 120 4076 1)
136 4010 269 4080 111111,
287 4013 311 4066 s.
