2718 4556
736 299 797 360 360

222 466 334 525 autem
362 460 491 526 incussa
518 459 657 524 formido
686 459 917 543 permanserit,
947 459 1051 526 hostis
1081 465 1147 538 est,
1177 459 1230 543 qui
1253 460 1295 524 vi·

224 559 351 625 detur.“
646 626 650 637 ,

288 688 314 744 y.
349 659 429 726 Suas
458 658 540 724 adco
569 658 759 724 sublimes
788 659 928 724 laudes
957 658 991 720 iu
1017 656 1079 721 bac
1108 656 1296 722 salutatione

224 758 359 823 audiens
395 757 500 822 Maria
538 779 602 823 nou
640 760 749 841 potuit
786 781 852 824 non
890 757 1019 823 turbari
1058 764 1194 841 propter
1231 779 1298 841 pro

225 857 452 922 surdissimum
490 856 762 923 humilitatem
801 877 1023 940 summamque
1064 856 1296 922 modestiam.

226 957 359 1039 ,Justus
382 957 476 1034 enim,
499 957 547 1021 ait
573 979 596 1021 s.
620 957 846 1039 Gregorius
877 957 955 1020 dum
975 956 1132 1021 laudatur
1159 957 1296 1040 insacia,
1346 965 1347 968 ’

225 1055 410 1138 flagellatur
437 1056 471 1118 in
499 1057 639 1120 mente.“
681 1056 766 1121 Huic
795 1056 977 1122 sententiae
1006 1055 1200 1139 subscripsit
1219 1055 1297 1119 inter
1346 1117 1347 1120 ,

200 1169 202 1172 ·
225 1153 306 1218 alios
329 1154 519 1236 Origenes
546 1156 594 1220 ita
615 1156 811 1238 asserens:¹)
839 1156 900 1238 ,Id
922 1155 1010 1238 quod
1032 1155 1089 1233 ait,
1123 1183 1298 1244 κεχαριτω-

224 1256 307 1338 μένη
330 1283 369 1300 *-
391 1256 457 1319 Ave
478 1291 519 1301 —
539 1257 646 1338 gratia
666 1256 776 1340 plena,
806 1256 863 1320 ubi
890 1255 924 1319 in
947 1255 1127 1337 Scripturis
1155 1256 1231 1321 alibi
1255 1256 1296 1319 le·

227 1355 343 1437 gerim,
373 1376 439 1418 uon
466 1355 633 1434 record0r;
666 1355 724 1420 sed
752 1376 857 1438 neque
886 1354 929 1418 ad
957 1354 1063 1417 virum
1094 1355 1189 1420 istius
1216 1354 1297 1419 modi

227 1459 332 1519 sermo
355 1460 420 1518 est:
443 1454 546 1533 Salve,
565 1454 673 1537 gratia
694 1454 805 1537 plena;
828 1453 889 1518 soli
904 1453 1029 1518 Mariae
1050 1453 1132 1517 haec
1154 1454 1298 1518 salutatio

228 1552 435 1618 servabatur:
465 1552 494 1617 si
520 1553 606 1618 eninr
634 1554 781 1618 scivisset
802 1553 921 1632 Maria,
952 1559 985 1617 et
1011 1552 1054 1616 ad
1076 1552 1177 1617 alium
1198 1574 1299 1636 quem·

228 1652 315 1734 piam
348 1651 486 1716 similem
517 1651 642 1716 factum
678 1673 747 1716 esse
785 1672 967 1716 sermonem
999 1650 1158 1730 (habebat
1188 1651 1297 1735 quippe

227 1750 308 1832 legis
331 1749 515 1828 scientiam,
547 1757 580 1815 et
603 1757 674 1815 erat
702 1756 816 1818 sancta
844 1757 878 1814 et
898 1750 1135 1833 prophetarum
1155 1751 1298 1816 vaticinia

229 1848 421 1931 quotidiana
443 1848 656 1914 meditatione
678 1851 895 1931 cognoverat),
915 1869 1082 1931 nunquam
1105 1851 1196 1932 quasi
1216 1870 1298 1932 pere-

228 1947 322 2030 grina
351 1969 423 2012 eam
444 1948 599 2012 salutatio
627 1949 830 2012 terruisset.“
872 1947 944 2012 Vox
975 1952 1226 2034 κεχαριτωμένη
1247 1969 1297 2013 sua

230 2047 465 2130 significatione
501 2046 664 2129 singulare
696 2046 775 2129 quid
807 2045 970 2126 continet3
1009 2047 1096 2112 idem
1133 2050 1216 2113 enim
1246 2053 1296 2122 est,

230 2169 327 2230 qnam
345 2211 348 2218 ,
364 2147 609 2230 ,acceptissima
648 2152 682 2210 et
712 2146 985 2228 gratiosissima;“
1025 2147 1082 2211 illa
1121 2170 1197 2213 voce
1231 2166 1296 2228 ergo

228 2267 294 2310 non
330 2244 531 2328 significatur
566 2244 688 2309 femina
725 2245 869 2327 gratiosa
908 2266 974 2309 una
1012 2246 1158 2312 alterave
1194 2246 1295 2330 gratia,

229 2344 287 2409 sed
319 2343 502 2408 omnimodo
535 2343 721 2426 gratiosa.²)
775 2342 924 2422 Gratiae,
963 2365 1046 2427 quae
1076 2345 1150 2409 aliis
1189 2342 1296 2409 sanctis

230 2464 289 2526 per
320 2449 431 2525 partes
466 2449 543 2508 sunt
580 2464 766 2521 concessae,
806 2443 839 2506 iu
875 2465 1001 2508 summa
1037 2444 1238 2527 perfectione
1268 2448 1296 2506 et

229 2541 433 2626 plenitudine
473 2543 653 2607 extiterunt
696 2542 730 2606 in
770 2563 817 2606 ea.
878 2543 1050 2625 Origeuem
1092 2545 1237 2627 sequitur
1270 2541 1293 2604 d.

230 2633 468 2719 Ambrosius,
478 2641 504 2722 ³)
537 2640 613 2705 dum
640 2640 722 2706 haec
753 2639 882 2706 scribit:
918 2641 982 2722 ,Et
1009 2640 1083 2706 ideo
1116 2665 1190 2706 cum
1219 2661 1295 2705 vere·

231 2740 363 2818 cundia,
386 2741 465 2823 quia
485 2741 640 2823 pavebat;
663 2762 736 2804 cum
757 2739 947 2823 prudentia,
978 2741 1055 2824 quia
1075 2739 1294 2807 benedictionis

232 2861 347 2904 novam
379 2838 554 2904 formulam
588 2839 785 2918 mirabatur,
826 2860 909 2922 quae
941 2861 1102 2923 nusquam
1133 2840 1219 2905 lecta
1246 2843 1293 2911 est

231 2960 410 3021 numquam
441 2945 539 3004 antea
573 2945 755 3021 comperta:
796 2938 857 3002 soli
888 2938 1011 3003 Mariae
1043 2939 1124 3004 baec
1156 2935 1293 3004 salutatio

233 3037 454 3102 servabatur.“
1278 3037 1281 3048 ‘

292 3136 365 3200 Huc
383 3156 511 3219 qnoque
528 3141 656 3218 spectat
672 3135 896 3206 testimouium
913 3158 937 3200 s.
954 3136 1159 3200 Bernardi.
1187 3132 1293 3218 ,Maria

232 3257 298 3300 uon
318 3234 505 3317 praetendit
531 3234 698 3312 meritum,
732 3234 887 3316 iuquit,⁴)
920 3234 978 3298 sed
999 3235 1139 3316 gratiam
1167 3231 1292 3317 quaerit

233 3335 373 3417 denique
393 3354 497 3415 usque
519 3332 600 3397 adeo
621 3331 695 3397 fidit
716 3333 855 3415 gratiae,
887 3338 920 3397 et
940 3355 1005 3397 uon
1026 3333 1131 3397 altum
1153 3333 1246 3415 sapit,
1264 3332 1293 3390 ul

233 3434 465 3500 salutationem
503 3431 682 3514 angelicam
720 3437 879 3496 vereatur.
933 3432 1038 3497 Maria
1076 3430 1292 3516 ,cogitabat

234 3532 365 3616 qualis
394 3537 501 3597 esset
528 3531 608 3596 ista
635 3530 861 3595 salutati0.“
903 3530 1064 3596 Nimirum
1093 3553 1163 3597 sese
1191 3530 1292 3596 saluta·

143 3845 148 3853 .
300 3782 320 3846 ¹)
339 3779 418 3834 Hom.
435 3782 452 3834 6
468 3779 497 3832 in
514 3779 581 3834 Luc.
622 3779 643 3846 ²)
661 3779 715 3834 Cir.
734 3778 897 3846 Apollonius
915 3778 963 3832 lib.
982 3781 994 3832 1
1015 3779 1049 3833 de
1067 3779 1187 3848 syntaxi5
1210 3769 1291 3843 Epiph·

233 3861 340 3916 haeres.
361 3861 409 3928 IX,
433 3865 530 3916 contra
552 3861 710 3916 Samaritar.
752 3863 773 3929 ³)
792 3861 825 3914 ln
842 3860 908 3916 Luc.
933 3861 980 3916 lib.
1003 3860 1038 3916 ll.
1081 3863 1102 3928 ⁴)
1119 3860 1152 3915 In
1173 3859 1256 3914 Natio.
1269 3852 1292 3906 B.

234 3945 272 3999 M.
290 3944 322 4000 V.
340 3962 420 3999 serm.
438 3941 473 3998 de
490 3943 672 4012 aquaeductu.
