2728 4554
546 325 607 386 477

95 485 281 552 Terminum
300 506 398 569 porro
420 483 691 569 „assumptionis“
712 505 779 550 non
806 485 912 550 solum
937 487 978 554 iis
999 489 1112 568 tribui,

36 585 93 672 qui
120 607 195 650 eum
222 605 358 668 corpora
385 590 421 650 at
447 583 571 663 anima,
601 582 660 649 sed
687 583 727 648 iis
756 584 871 664 etiam,
902 586 959 669 qui
984 587 1114 654 nonnisi

35 684 143 769 quoad
159 682 302 750 animam
321 682 565 750 transferuntur
584 683 619 746 in
639 681 774 762 eoelum,
796 704 837 748 ss.
855 683 970 750 Patres
990 686 1114 769 pluries

35 790 148 868 aperte
180 781 366 848 ostendunt.
419 783 472 850 Ita
503 805 530 847 r.
560 803 589 865 g.
623 802 647 847 s.
677 781 852 865 Gregorius
882 783 1078 850 Turonensis
1088 786 1113 869 ¹)

35 882 233 948 mentionem
253 880 334 947 facit
354 881 585 965 assumptionis
609 880 716 946 sancti
731 880 821 946 Aviti
842 886 876 947 e't
896 903 920 947 s.
940 882 1115 967 Gregorius

34 981 273 1059 Nazianzenus,
305 987 345 1046 ut
372 981 438 1046 alia
465 987 709 1064 praetereamus
739 980 902 1064 exempla,
935 980 975 1046 de
1003 1003 1114 1048 sorore

35 1102 94 1146 sna
129 1079 287 1162 Gregorio
322 1079 451 1158 scribit,
464 1081 491 1162 ¹)
527 1100 618 1162 „esse
653 1086 854 1162 assumptam
887 1079 922 1144 in
956 1080 1114 1146 eoelum.“

36 1179 212 1258 Quaeritur
233 1198 308 1260 ergo

96 1283 123 1342 1.
160 1276 280 1343 Utrum
309 1275 341 1340 b.
370 1275 469 1359 Virgo
500 1297 566 1340 non
597 1275 702 1340 solum
731 1275 839 1359 quoad
866 1275 1021 1357 animam,
1055 1278 1113 1344 sed

36 1377 134 1442 etiam
156 1375 286 1460 quoad
307 1394 449 1457 corpus
470 1374 505 1438 in
525 1372 654 1439 eoelum
673 1371 775 1439 fuerit
795 1381 970 1458 assumpta.

94 1479 124 1540 2.
159 1472 319 1553 Quando
341 1472 443 1538 fuerit
462 1478 639 1555 assumpta.

527 1772 561 1856 g.
583 1769 611 1837 1.

36 1917 173 2012 Utrum
204 1916 235 1981 b.
264 1916 383 2000 Virgo
414 1937 489 1981 non
516 1916 642 1982 solum
675 1916 803 1999 quoad
830 1917 1011 1997 animam,
1044 1919 1112 1984 sed

136 2017 256 2082 etiam
287 2015 416 2099 quoad
448 2037 593 2098 corpus
624 2014 664 2079 in
695 2015 847 2080 coelum
878 2016 1007 2083 fuerit

465 2120 677 2198 assumpta.

94 2263 244 2330 Gloriosa
260 2261 291 2327 b.
303 2262 446 2346 Virginis
465 2262 573 2346 quoad
590 2282 706 2345 corpus
725 2268 759 2327 et
776 2263 917 2328 animam
934 2263 969 2328 in
985 2253 1112 2328 eoelum

37 2362 204 2428 translatio
225 2361 345 2426 veritas
375 2367 486 2428 certa
513 2368 564 2427 est
589 2381 659 2426 nee
687 2361 772 2426 sine
802 2361 957 2445 ingenti
985 2369 1024 2428 et
1050 2384 1111 2446 pe·
1147 2431 1149 2436 ,

38 2461 184 2527 tulanti
215 2461 448 2526 temeritate
479 2461 616 2544 negari
647 2466 765 2543 potest.
815 2461 925 2526 Etiam
955 2462 1109 2545 ipsorum,

38 2578 113 2642 quos
148 2558 380 2624 reformatores
415 2559 599 2638 nominant,
638 2558 786 2624 nonnulli
824 2580 889 2623 non
922 2565 1110 2643 potuerunt,

38 2659 112 2741 quin
143 2659 228 2723 hane
261 2659 461 2725 asseruerint
491 2658 672 2723 veritatem.
726 2657 931 2741 „Credimus
968 2663 1111 2724 testatur

37 2754 339 2841 Bullingerus‚³)
362 2763 396 2822 et
417 2756 578 2840 Deiparae
595 2756 738 2839 Virginis
758 2757 882 2822 Mariae
902 2757 1110 2840 purissimum

38 2853 228 2938 thalamum,
269 2863 303 2923 et
338 2857 479 2941 Spiritus
517 2856 622 2921 saneti
660 2856 834 2940 templum,
873 2854 935 2920 hoo
975 2861 1025 2920 est
1059 2876 1111 2920 sa-

39 2963 236 3023 crosanctum
273 2977 390 3039 corpus
422 2956 507 3040 ejus,
547 2953 756 3038 deportatum
787 2975 857 3034 esse
888 2953 924 3018 in
954 2953 1111 3020 eoelum.“

38 3050 220 3122 Brentius
249 3057 376 3140 cuique,
406 3061 444 3120 ut
465 3054 544 3132 vult,
574 3053 696 3119 sentire
717 3053 881 3136 permittit
909 3052 1110 3136 inquiens:4)

39 3149 166 3231 „Potuit
185 3153 266 3234 fieri,
289 3151 377 3238 quod
398 3154 484 3218 siout
504 3152 617 3217 Enoch
636 3152 816 3218 translatus
839 3152 943 3217 estin
965 3172 1110 3235 corpore,

40 3254 69 3312 et
102 3252 188 3318 siout
222 3252 327 3317 multa
361 3272 498 3335 corpora
533 3256 719 3316 sanctorum
753 3257 1002 3316 resurrexerunt
1037 3272 1111 3316 eum

40 3343 180 3429 Christo,
217 3351 267 3416 ita
304 3356 339 3418 et
373 3349 478 3414 Maria
512 3370 587 3414 oum
624 3369 759 3432 corpore
797 3349 959 3414 translata
996 3348 1041 3414 sit
1075 3349 1110 3414 in

40 3446 165 3514 eoelum.
209 3449 434 3516 certissimum
462 3454 573 3513 autem
594 3454 654 3527 est,
682 3447 770 3531 quod
790 3447 897 3513 Maria
918 3453 1112 3531 perpetuam

40 3554 206 3613 consecuta
233 3548 277 3614 sit
297 3547 521 3616 felicitatem“
563 3547 616 3612 Ita
643 3546 824 3632 loquuntur
850 3547 913 3626 illi,
944 3546 1001 3631 qni
1028 3545 1110 3612 alias

48 3697 237 3719 *—

99 3792 118 3860 ¹)
134 3793 174 3848 De
190 3793 280 3863 gloria
293 3794 486 3851 confessorum
503 3810 547 3864 op.
558 3796 600 3850 99.
633 3794 655 3862 ¹)
671 3793 704 3848 In
721 3794 890 3864 panegyrica
907 3794 965 3864 ejus
979 3792 1111 3849 Oratione

41 3868 72 3922 ad
87 3872 258 3945 Gorgoniam.
300 3877 322 3945 ³)
338 3877 380 3932 De
398 3877 518 3948 Origene
541 3877 645 3932 erroris
665 3892 709 3946 op.
729 3879 768 3932 16.
809 3877 832 3944 ⁴)
850 3876 931 3932 Hom.
948 3875 970 3944 1,
986 3876 1017 3931 in
1038 3876 1109 3932 festo

41 3949 232 4028 Asmmptionis
251 3959 330 4029 Virg.
