2718 4556
746 353 804 413 352

234 517 292 600 qui
314 514 471 580 Dominus
498 534 575 578 suus
604 518 689 591 orat3
721 513 862 596 gestavit
891 511 960 576 sine
989 510 1101 576 labore
1131 522 1298 596 gestantem

233 637 283 694 se,
306 613 434 698 peperit
454 612 523 676 sine
544 611 760 694 parturitione
783 633 877 675 suum
899 609 1094 693 genitorem,
1124 611 1255 680 lactavit
1273 623 1299 680 11

233 715 325 799 pavit
361 735 452 779 sacro
489 708 589 776 ub'ere
626 732 660 776 se
698 733 874 794 omnesque
912 716 1080 776 creaturas
1117 722 1297 794 pascentem,

234 812 411 879 custodivit
439 810 480 876 ab
510 809 639 876 Herode
671 831 705 874 se
738 817 771 875 et
801 810 910 875 omnia
941 809 1190 876 custodientem.
1236 814 1299 878 For·

233 913 361 978 tissima
382 908 528 994 prolecto
557 909 644 974 inter
665 897 797 986 omnes,
819 930 902 992 quae
923 907 1073 988 luerunt,
1103 910 1154 974 vel
1178 921 1298 978 erunta

232 1009 393 1094 principio
421 1028 523 1092 usque
552 1008 594 1072 ad
622 1007 730 1072 finem
747 1007 914 1085 mulieres,
945 1007 1022 1090 quia
1050 1008 1157 1090 prima
1186 1019 1219 1076 11
1244 1014 1298 1076 sine

234 1108 382 1191 exemplo
406 1127 563 1184 carnem,
603 1128 715 1172 sexum
754 1113 788 1171 et
819 1113 962 1171 aetatem
998 1105 1156 1172 vincendo
1193 1110 1298 1175 virtute

233 1209 354 1274 mentis
371 1206 571 1272 conservavit
587 1205 621 1270 in
637 1206 810 1272 nobilitate
825 1205 1052 1284 humilitatem,
1069 1205 1102 1268 in
1118 1217 1298 1291 paupertate

232 1309 448 1385 honestatem,
470 1306 505 1369 in
525 1305 674 1388 conjugio
696 1305 933 1388 virginitatem!

298 1406 336 1471 Ι).
366 1405 593 1470 Bernartius
625 1405 724 1470 aliam
751 1403 849 1470 affert
877 1403 1051 1482 rationem,
1085 1426 1145 1472 cur
1173 1407 1299 1491 Angelus
1358 1464 1359 1471 ,

232 1504 368 1576 Gabriel
396 1505 416 1568 i.
447 1526 473 1569 e.
502 1502 661 1576 fortitudo
693 1503 755 1568 Dei
785 1502 828 1568 ad
859 1502 889 1566 b.
919 1502 1086 1584 Virginem
1117 1507 1231 1572 missus
1256 1509 1298 1572 sit.
1353 1514 1357 1591 j

233 1603 406 1686 ,Angelus
429 1603 578 1686 1111111)
600 1602 760 1668 fortitudo
784 1603 845 1667 Dei
866 1601 1051 1684 appellatus
1074 1611 1133 1683 111,
1155 1607 1205 1671 111
1225 1607 1300 1692 quod
1353 1594 1357 1631 ³

233 1702 420 1785 hujusmodi
450 1702 607 1766 meruerit
634 1701 895 1792 praerogativam
927 1700 1037 1778 officii,
1073 1724 1137 1785 quo
1171 1706 1299 1788 ejusdem
1355 1740 1356 1790 3

176 1869 178 1874 ,
232 1803 400 1868 nuntiaret
431 1801 606 1866 adveutum
637 1801 783 1878 virtutis,
820 1799 871 1864 vel
903 1799 981 1882 quia
1008 1800 1166 1884 virginem
1196 1812 1299 1870 nature
1355 1879 1356 1888 ,

233 1901 393 1986 pavidam,
416 1900 604 1984 simplicem,
627 1898 842 1964 verecundam
865 1898 905 1962 de
927 1898 1076 1962 miraculi
1097 1902 1246 1982 novitate,
1266 1925 1299 1967 ne
1355 1889 1356 1920 ³

233 2006 479 2083 expavesceret,
513 1998 697 2064 confortare
731 1998 880 2075 deberet,
915 1996 1002 2082 quod
1034 2005 1067 2063 et
1097 1999 1187 2066 11111.
1237 2001 1298 2083 ,Ne
1354 2008 1355 2032 1

233 2099 391 2177 timeas,
421 2099 585 2182 11111111,
614 2097 754 2175 Μ1111,
787 2096 980 2170 invenisti
1011 2099 1182 2179 gratiam
1211 2099 1298 2184 apud
1352 2090 1355 2172 1

232 2197 386 2272 111111.α
427 2197 491 2262 Sed
513 2204 546 2262 et
567 2197 668 2280 ipsius
688 2217 857 2280 sponsum,
880 2196 1044 2260 hominem
1064 2198 1179 2282 utique
1200 2201 1298 2267 nibilo-
1352 2175 1355 2239 1

231 2296 339 2360 minus
374 2295 531 2360 humilem
566 2317 603 2360 11
632 2297 823 2360 timoratum
850 2317 915 2360 uon
948 2296 1219 2364 irrationabiliter
1244 2299 1296 2364 lor-

231 2396 319 2460 sitan
358 2394 445 2458 idem
483 2395 626 2478 Angelus
670 2394 870 2460 confortasse
911 2393 1070 2474 creditur,
1118 2419 1297 2482 quamquam

231 2502 312 2565 tunc
344 2495 385 2558 ab
414 2494 623 2579 Evangelista
651 2517 716 2560 non
744 2495 937 2560 nominetur.
988 2494 1164 2576 ,Josepln
1197 2497 1296 2580 inquit,
1352 2466 1356 2560 1

231 2593 301 2659 1111
322 2592 456 2672 David,
478 2615 523 2658 ne
546 2593 687 2659 timeas
716 2595 901 2677 accipere
923 2593 1086 2658 Mariam
1110 2595 1297 2678 conjugem
1355 2629 1356 2654 1

231 2692 372 2758 tuam.“
1355 2701 1356 2704 ’

295 2789 364 2856 Nec
386 2789 492 2855 minus
514 2812 609 2874 opus
631 2791 758 2874 ipsum
779 2789 966 2855 aGabriele
983 2789 1106 2874 Angelo
1128 2792 1296 2856 nuntiatum

230 2889 449 2956 fortissimum
471 2896 529 2969 est,
552 2890 628 2973 quia
648 2889 812 2956 funiculus
836 2889 892 2954 ille
914 2887 1043 2972 triplex,
1066 2889 1123 2972 qui
1144 2889 1297 2954 difficulter

230 2988 413 3073 rumpitur,
442 3009 557 3071 nempe
586 2987 691 3068 verbi,
725 2988 852 3052 animae
882 2994 916 3052 et
944 2987 1058 3053 carnis.
1102 2988 1201 3054 Venit
1227 2988 1295 3053 enim

229 3088 431 3164 annuntiare
458 3087 720 3172 conjunctionem
744 3086 900 3164 duorum,
931 3106 1014 3169 quae
1035 3085 1178 3153 humano
1198 3105 1294 3170 repug-

230 3208 313 3252 nare
341 3185 546 3262 videbantur¹
562 3185 684 3252 sensui:
714 3191 752 3249 ut
774 3192 824 3250 est
845 3183 903 3248 illa
924 3184 986 3248 Dei
1015 3191 1048 3250 ct
1069 3184 1221 3264 hominis,
1247 3185 1295 3246 vir-

230 3285 318 3369 ginis
335 3291 369 3350 11
385 3286 508 3364 matris,
526 3271 659 3349 viatoris
679 3290 712 3349 11
729 3282 1015 3366 comprehensoris,
1033 3281 1111 3349 fidei
1129 3281 1294 3350 strationis

231 3406 367 3468 prorsus
385 3383 579 3458 ¹admiranda
601 3383 794 3466 conjunctio·
837 3381 1052 3449 Annuntiavit
1072 3389 1239 3464 practerea
1257 3379 1294 3444 di·

233 3485 390 3549 visionem
418 3484 556 3548 duorum
583 3482 850 3566 inseparabilium
878 3481 897 3546 1.
922 3501 948 3544 1.
970 3501 1096 3564 poenae
1127 3489 1161 3547 et
1189 3481 1292 3562 culpae,

231 3583 312 3666 quia
331 3583 480 3648 Christus
501 3575 595 3647 Jes'us
616 3602 755 3665 poenam
782 3581 851 3646 sine
880 3579 976 3663 culpa
998 3579 1065 3644 ulla
1086 3582 1216 3664 propria
1239 3598 1293 3642 sus·

231 3682 348 3760 tinuit,
373 3687 406 3746 et
427 3681 541 3764 eulpae
563 3701 583 3745 a
604 3701 717 3763 poena,
741 3681 817 3763 quia
838 3700 911 3757 nos,
936 3679 992 3762 qui
1014 3686 1047 3743 et
1069 3680 1251 3762 originalem
1268 3679 1292 3738 et

231 3780 438 3866 personalem
467 3779 597 3862 culpam
625 3780 877 3858 contraximus,
895 3778 991 3862 hujus
1019 3779 1176 3845 beneficio
1204 3779 1292 3842 lucar·

301 3994 320 4062 1)
337 3993 426 4062 Super
443 3993 543 4081 Missns
560 3993 634 4048 hom.
651 3991 674 4048 1.
