2718 4556
740 375 800 437 350

227 537 430 620 perveniunt.
484 535 578 600 Unde
615 535 829 618 Dionysius
868 535 996 619 dioit‚¹)
1039 541 1127 622 quod
1166 542 1294 608 divinum

228 638 307 702 Jesu
338 635 551 719 benignitatis
583 634 771 717 mysterium
802 635 917 717 Angeli
945 637 1049 717 primo
1082 640 1191 706 edocti
1220 649 1293 720 sunt,

229 743 344 819 postea
374 756 434 818 per
471 734 559 816 ipsos
598 733 641 797 ad
671 754 730 798 nos
769 733 961 815 cognitionis
1000 738 1108 818 gratia
1148 742 1293 806 transivit.

231 837 283 902 Sio
313 857 389 918 ergo
418 833 634 898 divinissimus
656 831 790 897 Gabriel
810 831 1001 896 Zachariam
1029 837 1162 918 quidem
1190 838 1294 918 docuit

229 935 423 1018 prophetam
444 933 602 998 Joannem
630 953 669 995 ex
691 932 762 1014 ipso
783 932 1001 1012 nasciturum:
1031 935 1171 1001 Mariam
1191 945 1296 1016 auten,

231 1033 391 1118 quomodo
421 1033 456 1097 in
483 1032 555 1115 ipsa
584 1028 679 1096 fieret
703 1030 930 1095 'thearchieum
958 1031 1136 1100 ineffabilis
1159 1037 1218 1101 Dei
1242 1037 1296 1102 for·

200 1187 202 1192 ,
231 1133 385 1197 mationis
407 1131 605 1214 mysterium.

292 1249 322 1312 b.
350 1249 421 1313 Hoc
438 1246 503 1311 fuit
522 1245 713 1312 conveniens
734 1245 987 1328 reparationi
1005 1247 1207 1330 humanae,
1226 1273 1296 1334 quae

230 1348 343 1413 futura
363 1354 437 1423 ¹crat
459 1367 519 1428 per
540 1333 714 1410 Christum.
757 1343 851 1408 Unde
871 1345 979 1409 Beda
1006 1345 1138 1430 dicitz2)
1171 1351 1297 1432 „Aptun

230 1448 393 1511 humanae
424 1443 688 1509 restaurationis
704 1443 915 1525 principium,
948 1450 987 1509 ut
1018 1445 1164 1530 Angelus
1195 1471 1213 1514 a
1239 1450 1296 1513 Deo

229 1545 419 1610 mitteretur
440 1542 482 1607 ad
498 1541 673 1625 Virginem,
695 1547 795 1624 partu
816 1543 1068 1608 consecrandam
1089 1545 1212 1613 divino:
1233 1548 1296 1631 quia

229 1643 354 1726 primae
385 1640 578 1724 perditionis
610 1640 772 1704 humanae
804 1639 885 1705 fuit-
900 1663 1012 1720 causa,
1047 1665 1148 1726 quum
1181 1667 1296 1728 serpens

228 1764 254 1807 a
272 1740 401 1806 diaholo
431 1739 625 1805 mittebatur
653 1738 695 1803 ad
716 1737 886 1804 mulierem
915 1741 1034 1824 spiritu
1055 1737 1233 1826 ¹superbiae
1253 1744 1297 1808 de·
1353 1766 1354 1801 1

233 1841 447 1925 cipiendam.“
1353 1824 1354 1851 ³

292 1977 318 2044 c.
358 1955 440 2034 Quia
472 1955 533 2019 hoo
566 1953 766 2036 congruebat
797 1953 1029 2037 virginitati
1061 1958 1201 2024 matris
1229 1959 1295 2023 Dei.
1354 1949 1355 1972 *

230 2055 324 2120 Unde
344 2054 658 2136 Hieronymus:³)
688 2054 797 2135 „Bene
819 2052 961 2136 Angelus
988 2054 1031 2119 ad
1052 2055 1218 2139 Virginem
1236 2060 1296 2122 mit·

230 2155 330 2219 titur:
360 2152 437 2235 quia
466 2148 593 2234 semper
622 2158 673 2216 est
694 2149 825 2234 Angelis
854 2159 992 2234 cognata
1012 2155 1192 2242 virginitas.
1232 2157 1295 2220 Pro·
1350 2192 1353 2205 =

230 2251 317 2316 fecto
346 2251 380 2315 in
410 2271 507 2314 carne
530 2257 662 2334 praeter
690 2271 821 2315 carnem
849 2250 971 2332 vivere,
1001 2243 1223 2322 non'terrena
1241 2256 1296 2320 vita

231 2359 289 2430 est,
312 2345 372 2416 sed
394 2349 575 2414 coelestis.“

292 2467 357 2530 Alii
389 2466 470 2531 alias
502 2465 645 2531 afferunt
674 2466 832 2545 rationes
866 2488 924 2530 cur
956 2465 1044 2532 Deus
1076 2469 1234 2553 Angelum
1260 2467 1294 2533 ad

230 2564 261 2628 b.
284 2564 451 2647 Virginem
479 2565 613 2636 miserit.
656 2565 726 2629 Hoc
754 2587 782 2628 v.
806 2586 834 2648 g.
856 2564 969 2644 fiebat,
1001 2567 1079 2648 quia
1100 2569 1239 2652 Angelus
1262 2568 1294 2631 de

202 2749 206 2752 -
230 2663 370 2728 Domino
398 2663 597 2748 Angelorum
626 2663 879 2742 annuntiaturus
907 2665 1003 2730 venit.
1049 2666 1199 2733 Christus
1225 2667 1295 2732 enin

230 2763 340 2848 magni
357 2764 483 2828 consilii
499 2764 640 2846 Angelus
660 2769 717 2828 est.
747 2762 939 2846 Mysterium
954 2763 1037 2828 illud
1053 2765 1294 2832 annuntiandum

229 2863 263 2928 in
294 2861 488 2926 beneficium
517 2884 616 2947 porro
655 2860 792 2927 cedebat
823 2862 1006 2942 hominum,
1043 2885 1184 2946 quorum
1213 2859 1295 2928 saluti

230 2963 395 3028 destinata
416 2968 488 3026 erat
509 2961 707 3045 Angelorum
728 2961 886 3026 custodia.
931 2953 936 2966 ’

291 3079 434 3161 Angelus
462 3079 623 3159 mittitur,
657 3079 754 3144 docet
783 3078 1014 3158 Salmeron,
1048 3085 1086 3143 ut
1113 3100 1180 3144 non
1206 3077 1293 3142 solun
1351 3125 1352 3130 1

230 3179 465 3258 existimemus,
492 3179 633 3262 Angelos
654 3185 784 3244 tantum
803 3179 925 3243 bonum
946 3178 1040 3243 nobis
1061 3199 1128 3242 non
1149 3175 1292 3247 invidisse,

230 3278 318 3362 quod
349 3278 428 3361 ipsis
459 3284 615 3361 negatum
647 3282 712 3356 est,
749 3277 806 3341 sed
838 3277 939 3342 etiam
969 3275 1140 3341 nobiscum
1171 3273 1292 3359 gaudere

230 3377 336 3459 deque
357 3382 450 3441 tanto
471 3377 557 3442 bono
578 3376 674 3441 nobis
696 3358 925 3458 congratulari.

291 3491 400 3555 Etiam
426 3491 650 3574 providentiae
680 3491 807 3556 divinae
836 3492 978 3557 suavitas
1008 3490 1169 3574 postulat,
1197 3493 1231 3552 ut
1254 3484 1292 3546 in·

229 3589 306 3654 fima
333 3589 376 3654 ad
404 3611 555 3673 suprema
582 3610 647 3653 non
676 3590 828 3670 reducat,
861 3591 924 3655 nisi
950 3611 1010 3673 per
1037 3589 1155 3653 media.
1203 3584 1290 3650 Homo

229 3709 305 3754 vero
337 3687 439 3752 infimi
471 3695 521 3754 est
551 3688 739 3754 intellectus
772 3695 806 3755 et
833 3690 998 3769 mortalis,
1033 3689 1122 3754 Deus
1152 3709 1169 3787 e
1198 3689 1292 3751 contra

299 3935 319 4000 ¹)
338 3935 454 3990 Coelest.
471 3933 608 3989 hierarch.
627 3951 669 4004 cp.
686 3937 711 3991 4.
743 3935 765 4002 ²)
784 3935 817 3989 In
835 3934 922 3989 Gloss.
939 3951 1023 4003 super
1039 3933 1108 3990 Luc.
1125 3950 1167 4003 cp.
1185 3935 1206 3986 1.
1234 3927 1252 3993 ³)
1265 3923 1292 3977 1ss

229 4031 313 4071 serm.
329 4019 470 4087 Assumpt.
503 4018 524 4084 ⁴)
542 4017 695 4072 comment.
713 4017 743 4070 in
759 4017 866 4085 Evang.
884 4016 948 4072 hist.
965 4019 1034 4073 tom.
1053 4017 1103 4083 Ill,
1119 4019 1198 4072 tract
1214 4009 1256 4064 111.
