2730 4564
549 348 607 408 103

61 505 216 570 innotuisse
244 506 437 571 censuerint.
481 506 665 574 Edocemur
688 507 742 572 hic
770 506 876 572 verbis
896 507 1117 574 luculentissi-

61 605 115 684 ms,
124 605 145 687 ¹)
171 605 331 672 Christum
354 605 530 670 Dominum
551 627 568 672 a
590 605 713 689 virgine
740 607 902 672 oriturum
929 628 1008 672 esse.
1052 609 1116 674 Sed

61 704 220 768 inciderunt
241 704 299 768 illa
321 704 466 783 oracula,
489 726 628 788 quorum
649 705 781 787 quidem
803 704 973 784 Eusebius,
984 707 1009 789 Ξ)
1035 707 1116 771 Lac-

60 804 211 885 tantius,³)
247 804 450 887 Augustinus
460 803 488 885 4)
523 803 644 886 aliique
676 803 830 868 aduersus
862 811 975 886 gentes
1007 805 1116 888 dispu-

60 909 148 966 tantes
183 903 379 968 mentionem
415 901 555 980 faciunt,
596 904 631 966 in
670 900 882 966 offensionem
918 903 1114 967 criticorum.

59 999 157 1077 ,Edita
176 1000 275 1065 fuisse
295 1007 469 1083 putantur,
491 1000 600 1083 inquit
627 999 902 1080 TrombelliuS,
913 1002 939 1084 ⁵)
967 1002 1117 1067 aChris·

59 1099 129 1163 tiano
148 1100 300 1182 quodam,
330 1100 387 1182 qui
407 1099 571 1182 prioribus
600 1099 756 1164 ecclesiae
783 1100 921 1165 saeculis
942 1100 1060 1166 florens
1082 1102 1114 1165 in

58 1196 262 1262 elucubrandis
283 1197 430 1263 versibus
458 1220 528 1262 sese
556 1199 716 1276 exercuit,
745 1220 826 1281 quos
853 1199 984 1282 quidem
1004 1221 1115 1264 versus

58 1304 101 1360 ant
120 1298 144 1362 is
164 1299 245 1380 ipse,
277 1298 334 1380 qui
363 1319 418 1362 eos
440 1297 636 1380 composuit,
672 1304 729 1362 aut
756 1304 845 1362 certe
874 1298 957 1363 alius
979 1301 1115 1364 vetustis

58 1395 190 1462 ecclesiae
218 1396 421 1479 temporibus
450 1396 559 1460 vivens
588 1395 712 1478 sibyllis
742 1397 921 1480 supposuit.
965 1397 1031 1461 Alii
1060 1420 1114 1463 eos

57 1515 146 1558 rersus
166 1495 362 1577 compositos
389 1494 489 1560 fuisse
511 1502 672 1578 putarunt
692 1517 712 1559 a
733 1495 831 1560 docta
852 1495 1001 1574 muliere,
1031 1519 1114 1579 quae

56 1594 230 1673 synecdoche
264 1594 406 1677 quadam
437 1616 502 1658 non
537 1591 739 1675 infrequenti
769 1594 843 1658 ideo
879 1593 996 1677 sibylla
1027 1595 1114 1659 dicta

56 1699 104 1768 est,
129 1694 211 1776 quod
237 1694 272 1756 in
298 1691 432 1756 edendis
460 1691 606 1755 versibus
635 1691 784 1775 sibyllam
805 1693 958 1757 Romanis
984 1693 1115 1757 notissi-

56 1811 123 1854 mam
147 1792 247 1856 vcluti
274 1789 508 1868 aemularetur,
538 1790 618 1855 item
643 1797 683 1854 ut
709 1790 830 1855 dicitur
849 1789 937 1855 Nero
963 1791 1113 1875 princeps

56 1887 105 1966 ille,
126 1889 233 1972 quiin
255 1889 410 1954 saevitiae
431 1887 569 1953 Neronis
592 1895 641 1953 est
661 1889 784 1953 similis.

102 1988 267 2073 Utcunque
285 2011 338 2053 res
356 2010 391 2053 se
409 1988 539 2066 habeat,
559 2008 599 2051 en
618 2009 702 2070 quae
720 1987 857 2054 adnotet
875 1987 1112 2071 Gallaeuszssy

106 2203 122 2268 ¹)
138 2203 288 2256 Audiamus
305 2201 451 2256 brevitatis
469 2215 553 2254 causa
569 2201 743 2254 Tiburtinam
761 2205 790 2254 et
806 2200 1004 2268 Erythraeam:

55 2288 193 2349 Tiburtina:
226 2291 338 2358 „Verex
356 2293 415 2360 ipse
432 2290 506 2344 Deus
524 2290 604 2344 dedit
620 2290 689 2344 haee
706 2290 776 2344 mihi
793 2291 907 2345 numius
923 2291 1010 2358 sandi,

226 2375 363 2440 Carmine,
381 2373 456 2442 quod
473 2377 598 2426 sanctum
615 2373 694 2442 potui
710 2378 867 2427 monstrare
884 2375 1014 2444 puellam,

226 2456 372 2524 Concipiet
388 2471 458 2523 quac
475 2455 605 2509 Nazareis
622 2455 651 2508 in
667 2455 770 2509 finibus
786 2455 880 2532 illum:
1095 2517 1096 2520 Ἴ

227 2540 315 2607 Quem
332 2539 383 2591 sub
401 2553 484 2591 carne
501 2537 599 2602 Deum,
616 2536 813 2591 Bethlemitica
828 2553 895 2591 rura
911 2537 1054 2609 videbunt.

226 2623 249 2676 0
267 2623 384 2676 nimium
400 2621 477 2685 felix,
494 2620 574 2674 coelo
591 2619 755 2688 dignissima
771 2620 871 2685 Mater,

227 2707 302 2772 Quae
320 2708 428 2759 tantum
445 2719 524 2758 sacro
542 2703 658 2757 lactabit
675 2703 710 2756 ab
728 2703 814 2757 ubere
830 2701 964 2770 prolem.“

54 2794 198 2865 Erythraea:
225 2805 334 2868 „Cerno
351 2803 402 2877 Dei
419 2803 546 2867 Matrem,
564 2801 612 2871 qui
629 2818 659 2855 se
677 2800 784 2855 dimisit
800 2801 836 2855 ab
853 2801 910 2855 ulto

227 2886 332 2940 Ultima
349 2886 444 2940 felices
461 2885 585 2938 referent
601 2901 664 2937 cum
681 2889 808 2952 tempora
824 2884 903 2948 soles,
968 2941 969 2946 ,

225 2969 354 3022 Hebraea
370 2984 452 3038 quem
472 2967 558 3036 Virgo
575 2967 648 3021 seret
664 2966 699 3019 de
716 2967 804 3036 stirpe
821 2966 931 3030 decora,

223 3050 260 3104 In
276 3052 359 3104 terris
376 3051 494 3105 multum
511 3051 614 3104 teneris
632 3067 761 3119 passurus
778 3050 813 3103 ab
830 3049 918 3114 annis,

224 3133 344 3202 Magnus
361 3135 416 3187 erit
432 3137 526 3187 tumen
543 3133 590 3186 hic
607 3134 702 3186 divino
719 3133 841 3186 carmine
858 3135 943 3198 vates,

227 3216 342 3284 Virgine
359 3217 450 3271 Matre
467 3223 549 3282 satus,
568 3217 700 3285 prudenti
716 3221 842 3285 temporo
860 3213 971 3269 verax.“

131 3315 253 3378 „Ultima
271 3316 383 3370 Cumaei
402 3317 479 3372 venit
492 3317 549 3385 jam
568 3317 698 3370 carminis
715 3319 800 3381 aetus,

129 3397 243 3468 Magnus
261 3397 296 3450 ab
314 3397 425 3467 integro
443 3400 597 3454 saeclorum
615 3399 737 3452 nascitur
755 3398 832 3461 ordo,

128 3480 189 3535 Jum
206 3480 283 3536 redit
300 3486 329 3535 ct
347 3481 443 3550 Virgo,
461 3482 580 3537 redeunt
597 3481 727 3536 Saturnia
743 3498 837 3548 regna,

128 3563 189 3618 Jam
206 3581 279 3618 nors
297 3565 444 3634 progenies
461 3566 540 3620 coelo
558 3565 716 3618 demittitur
732 3565 815 3620 olto‘*

618 3647 752 3716 Virgilius
769 3648 799 3699 in
815 3649 832 3699 4
848 3646 963 3717 Ecloga.
1024 3669 1027 3676 ¹

52 3727 67 3792 2)
82 3729 114 3786 De
129 3736 184 3791 vita
201 3737 375 3792 Constantini
391 3737 440 3793 lib.
458 3737 505 3794 lv.
545 3740 567 3801 ⁸)
584 3737 624 3793 De
639 3738 748 3806 justitia
764 3738 813 3793 lib.
829 3738 876 3804 IV,
894 3754 937 3808 cp.
957 3741 996 3793 18.
1029 3739 1051 3806 ⁴)
1069 3738 1108 3792 De

53 3812 144 3870 civitate
167 3819 218 3874 Dei
243 3820 293 3874 lib.
315 3821 347 3875 18
371 3836 414 3890 cp.
440 3823 478 3874 13.
518 3820 539 3889 ὖ)
563 3822 667 3876 Mariae
691 3821 880 3876 sanctissimae
904 3823 962 3878 vita
982 3829 1050 3877 tom.
1072 3823 1108 3884 Η,

52 3895 106 3964 r-l,
125 3899 184 3958 diss.
210 3903 262 3970 xl,
285 3921 311 3958 n.
329 3907 352 3958 6.
394 3902 554 3970 ⁶)0racula
577 3904 713 3973 Sibyllina
736 3904 783 3958 lib.
808 3905 832 3958 8.
853 3922 917 3974 pag.
934 3908 991 3960 759.
1026 3904 1108 3972 ,Qud

54 3982 96 4033 tour
109 3982 142 4039 tie
155 3985 265 4055 citone,
284 3987 437 4056 interrogat
454 3985 569 4041 Liikcn
586 3987 615 4040 in
632 4003 716 4056 opere
734 4004 783 4042 suo
802 3985 865 4054 ,sie
878 3986 1048 4045 brubitiuucu
1066 3987 1108 4044 bct
