2782 4554
740 369 801 430 498

228 533 319 598 velut
349 531 449 596 finem
478 531 719 609 universorum,
752 535 903 613 spectant
935 528 1060 607 omnia3
1098 528 1152 593 cui
1185 531 1313 597 demum

229 632 325 696 homo
347 651 412 695 non
439 629 544 696 solum
570 621 711 706 animae,
742 627 921 692 sedetiam
950 624 1109 709 corporis,
1138 631 1314 711 quomodo·

230 751 369 812 cumque
391 750 464 794 cum
486 729 557 811 ipso
586 732 719 810 agatur,
750 730 943 808 perpetuam
972 724 1071 790 debet
1099 728 1222 794 servire
1250 751 1314 796 ser·

229 828 376 893 vitutem.

292 926 425 992 Cultum
462 927 549 990 huno
592 945 780 1007 supremum
821 923 899 987 dum
941 923 1024 989 nulli
1063 925 1213 1005 omnino,
1256 929 1314 994 nisi

231 1026 444 1091 excellentiae
484 1025 673 1090 exhibemus
712 1023 893 1102 increatae,
933 1023 1042 1088 cultus
1082 1025 1312 1094 subordinatus

231 1124 446 1190 excellentiae
480 1123 641 1188 tribuitur
675 1121 918 1205 supernaturali
953 1128 1092 1187 creataev
1115 1125 1313 1192 nominatur·

231 1244 311 1307 que,
348 1223 376 1288 si
408 1224 586 1300 communis
618 1221 735 1300 fuerit,
774 1219 882 1285 cultus
914 1221 1091 1287 dulicus.
1146 1223 1248 1290 Dulia
1277 1264 1312 1272 -

233 1325 370 1403 doptee‘a
402 1359 443 1402 ·.·
476 1323 561 1387 enim
597 1326 648 1385 est
680 1319 865 1384 reverentia
900 1319 997 1385 alteri
1032 1320 1145 1386 debita
1183 1332 1314 1408 propter
1374 1317 1375 1352 l

232 1421 460 1488 excellentiam
477 1419 760 1503 supernaturalem
782 1439 986 1503 communem
1006 1419 1041 1484 in
1059 1421 1174 1487 ordine
1193 1425 1312 1506 gratiae
1374 1433 1375 1494 ἶ

233 1528 266 1586 et
288 1521 410 1604 gloriae
442 1519 664 1584 constitutam.
709 1517 816 1595 Quare
844 1517 952 1582 dulice
974 1539 1168 1584 veneramur
1188 1530 1313 1588 sanctos

234 1621 295 1685 Dei
313 1641 387 1684 cum
405 1618 534 1705 Christo
556 1617 591 1680 in
609 1615 699 1681 coelo
721 1622 904 1698 regnantes
924 1638 1063 1698 quorum
1083 1617 1135 1682 vel
1153 1622 1312 1686 orationes

232 1719 437 1802 postulamus
457 1716 509 1781 vel
526 1714 737 1796 imploramus
760 1713 926 1777 auxilium.
970 1714 1022 1778 Ad
1043 1715 1167 1782 duliam
1189 1741 1313 1804 quoque
1374 1731 1375 1780 ἴ

232 1817 403 1882 reducitur
420 1816 525 1879 honor
541 1814 605 1896 piis
622 1812 808 1878 hominibus
830 1811 936 1877 adhuc
954 1813 988 1877 in
1006 1816 1104 1880 terris
1124 1816 1313 1901 degentibus

234 1917 276 1981 ob
308 1914 493 1998 praeclaras
528 1913 667 1976 virtutes
703 1932 779 1975 suas
815 1910 1025 1976 exhibendus.
1079 1913 1133 1980 Ita
1169 1938 1313 2000 expresse

235 2015 332 2080 docet
351 2035 375 2078 s.
393 2011 641 2096 Augustinus
658 2009 857 2092 inquiens21)
879 2009 1044 2092 „Colimus
1064 2033 1140 2097 ergo
1158 2015 1313 2100 Martyres

235 2135 273 2179 eo
307 2111 399 2177 cultu
434 2109 619 2176 dilectionis
652 2114 686 2173 et
717 2109 900 2187 societatis,
933 2130 996 2191 quo
1030 2118 1063 2176 et
1085 2113 1129 2177 vin
1160 2115 1223 2180 hac
1253 2117 1314 2179 vita

235 2211 390 2277 coluntur
418 2211 525 2274 sancti
553 2209 701 2274 homines
723 2208 793 2288 Dei,
824 2230 963 2291 quorum
991 2232 1048 2275 cor
1075 2213 1117 2276 ad
1138 2214 1241 2280 talem
1260 2236 1312 2298 pro

237 2310 431 2393 evangelica*
460 2309 599 2374 ueritate
635 2308 820 2391 passionem
854 2315 1007 2391 paratum
1045 2330 1116 2375 esse
1153 2315 1313 2378 sentimus.

236 2410 300 2476 Sed
323 2409 397 2473 illos
426 2415 520 2474 tanto
542 2407 700 2485 devotius,
730 2412 853 2489 quanto
876 2409 1022 2472 securius
1043 2417 1120 2492 post
1141 2415 1313 2478 certamina

236 2516 406 2592 superata:
448 2515 570 2592 quanto
611 2507 711 2572 etiam
748 2505 920 2571 fidentiore
955 2507 1053 2572 laudo
1093 2512 1313 2593 praedicamus

233 2610 302 2694 jam
323 2609 356 2671 in
377 2609 446 2672 vita
474 2607 620 2672 feliciore
641 2607 790 2684 victores,
822 2627 920 2688 quam
941 2607 974 2670 in
995 2607 1061 2673 ista
1089 2609 1198 2676 adhuc
1218 2632 1312 2694 usque

236 2707 453 2791 0031101110οἕί

300 2804 433 2869 Cultum
463 2803 633 2869 medium
664 2803 751 2868 inter
778 2803 991 2868 latreutioum
1019 2811 1053 2870 et
1079 2807 1239 2888 dulicum,
1269 2807 1312 2871 illi

237 2903 425 2968 inferiorem
446 2903 523 2968 huic
551 2902 761 2985 superiorem,
791 2923 889 2987 quem
903 2910 1042 2990 ¹recepto
1068 2905 1136 2987 jam
1165 2906 1311 2972 vocabulo

237 3003 547 3086 hypordulioum
574 3023 632 3067 seu
659 3003 911 3085 ὕπερὸουλείαν,
941 3004 1036 3087 quasi
1064 3005 1221 3088 majorem
1242 3013 1310 3072 tov-

239 3103 320 3190 lelq,
349 3103 527 3179 nominant,
557 3101 622 3165 illis
644 3103 855 3168 attribuimus
876 3103 1051 3182 creaturis,
1081 3125 1166 3186 quae
1186 3111 1312 3188 propter

238 3203 398 3285 insignem
424 3221 497 3264 cum
520 3200 588 3264 Deo
618 3202 881 3283 conjunctionem
909 3202 1034 3268 cultum
1062 3211 1230 3270 merentur
1252 3225 1311 3269 om-

238 3303 314 3366 nino
336 3299 536 3382 ampliorem,
554 3320 652 3381 quam
673 3321 876 3366 communem
896 3301 970 3366 aliis
992 3302 1113 3366 sanctis
1135 3302 1311 3381 debitum.²)

237 3401 338 3484 Virgo
367 3399 481 3481 utique
510 3397 712 3480 beatissima,
746 3421 830 3484 quae
859 3400 900 3464 de
932 3421 1028 3464 carne
1060 3422 1126 3466 sua¹
1149 3401 1210 3466 Dei
1236 3400 1311 3466 Filio
1374 3391 1375 3430 ³

241 3536 437 3550 ——a—————

306 3602 326 3667 1)
352 3600 455 3654 Contra
479 3597 611 3650 Faustum
634 3597 685 3653 lib.
711 3598 771 3667 XX,
797 3616 840 3668 cp.
866 3599 943 3666 XX13
970 3599 1021 3654 cfr.
1041 3599 1132 3653 Haiue
1157 3600 1176 3654 l.
1199 3617 1221 3656 c.
1244 3617 1270 3668 p.
1291 3600 1311 3652 6.

239 3681 429 3750 2)Ῑ)1111110110
447 3680 522 3733 inter
539 3679 645 3732 cultum
663 3681 763 3735 latriae
787 3681 847 3748 (cfr.
865 3681 1037 3750 Augustinus
1054 3681 1135 3736 civit.
1153 3683 1205 3736 Dei
1222 3683 1266 3736 lib.
1283 3680 1311 3742 x,

239 3781 282 3833 cp.
302 3765 335 3832 1),
359 3762 451 3816 duliae
478 3766 507 3815 et
528 3760 710 3829 hyperduliae
734 3769 855 3819 testante
880 3764 999 3818 Grotio
1023 3763 1064 3830 (in
1086 3764 1254 3831 Manu-lv,
1274 3763 1310 3824 10)

238 3864 291 3900 usu
308 3845 413 3914 potius,
437 3860 517 3912 quam
535 3861 636 3899 vocum
650 3846 680 3900 vi
697 3847 807 3914 nititur,
826 3845 918 3915 „quod
935 3863 998 3898 usus
1015 3845 1138 3914 primum
1155 3848 1312 3902 Judaeomn

240 3928 469 3992 Hellenistarum,
497 3925 599 3981 deinde
623 3926 857 3996 Christianorum,
883 3929 946 3983 voci
974 3915 1127 3989 δουλείας
1149 3931 1244 3984 relicto
1264 3925 1313 3992 rig·

238 4010 354 4064 nificatu
376 4009 509 4076 generali,
527 4002 689 4076 λατρείας
705 4029 808 4066 nomen
825 4011 920 4068 divino
938 4013 1027 4068 cultui
1044 4013 1216 4083 assignasset.
