2728 4554
778 371 840 433 468

265 532 423 617 reperiet,
451 536 582 597 mortua
609 530 667 610 sit,
697 551 757 596 nec
784 552 842 611 ne,
872 531 1016 616 sepulta,
1050 553 1093 598 an
1121 553 1189 598 non
1216 533 1316 616 sepulte

264 631 374 698 luerit
417 630 465 696 Ac
486 651 586 714 quum
602 629 746 695 loannes
766 629 898 696 interim
919 631 954 695 in
972 630 1083 696 Asiam
1103 630 1267 715 profectus
1283 631 1315 707 sit,

264 751 426 815 nusquam
443 735 554 794 tamen
573 726 604 791 b.
622 727 790 810 Virginem
806 728 935 794 itineris
956 728 1107 795 comitem
1125 750 1236 795 secum
1250 730 1317 795 illm

264 829 417 895 habuisse
436 825 622 910 siguificat,
653 825 712 891 sed
733 825 774 891 de
802 847 842 892 ea
863 847 899 892 re
919 827 1051 912 penitus
1072 827 1243 912 Scriptura
1266 849 1317 893 con·

264 929 406 996 ticescit:
424 927 460 994 id
476 925 714 1011 quodpropter
729 924 953 992 admirationis
969 926 1208 992 vehementiam
1222 927 1318 992 factm
1352 975 1353 1000 ,

265 1027 422 1105 arbitror,
451 1046 493 1090 ne
513 1023 681 1090 hominum
701 1024 826 1090 animos
847 1024 1003 1109 majorem
1029 1025 1205 1108 quemdem
1224 1027 1255 1091 in
1273 1033 1318 1090 stu·

264 1145 378 1209 porem
409 1125 593 1208 conjiceret.
646 1122 714 1205 Ego
750 1121 837 1187 enim
866 1123 1079 1206 pronuntiare
1110 1125 1194 1191 illud
1223 1145 1318 1201 vereor,

266 1229 301 1288 et
327 1222 430 1288 tacita
458 1220 546 1306 apud
566 1241 617 1286 me
646 1220 844 1306 cogitatione
871 1227 1043 1305 reputans,
1072 1223 1154 1288 mihi
1180 1224 1319 1291 silentim
1353 1229 1354 1280 ι

264 1322 382 1388 indico.
436 1322 563 1406 Quippe
593 1319 683 1387 haud
713 1319 797 1400 scio,
834 1341 877 1385 an
908 1320 950 1386 de
981 1322 1186 1389 sanctissima
1215 1323 1267 1389 illa
1295 1343 1319 1387 ae

263 1420 455 1488 beatissima
490 1420 623 1502 Virgine
663 1419 802 1486 obscura
839 1419 1000 1503 quaedam
1032 1420 1172 1488 inveniri
1209 1421 1320 1505 vestigia
1354 1458 1355 1508 p

262 1519 403 1603 possint,
433 1539 518 1603 quae
546 1519 705 1585 incertam
725 1518 820 1584 nobis
847 1518 935 1584 illius
955 1519 1071 1586 mortis
1091 1520 1191 1587 fidem
1208 1520 1318 1586 iaemut

264 1617 350 1684 Nam
378 1639 418 1683 ex
445 1639 512 1683 una
531 1625 627 1701 parte
655 1618 737 1683 illud
758 1617 914 1697 occurrit,
944 1617 1033 1701 quod
1059 1618 1099 1706 de
1126 1619 1185 1686 illa
1203 1640 1320 1704 pronun

263 1717 343 1783 tiat:
376 1717 441 1800 ,Et
460 1722 553 1782 tuam
573 1717 675 1802 ipsius
697 1717 838 1783 animam
858 1716 1018 1800 pervadet
1036 1717 1175 1801 gladius,
1201 1725 1237 1784 ut
1254 1724 1320 1782 rete

264 1821 384 1900 gantur
415 1837 455 1882 ex
483 1815 661 1881 multorum
692 1815 844 1882 cordibus
876 1816 1156 1901 cogitationes.“¹)
1203 1815 1321 1882 Aliunde

263 1935 339 1981 vero
360 1914 513 2000 legimus:
545 1915 751 1998 ,Draconem
778 1914 932 1980 adversus
952 1913 1123 1980 mulierem
1143 1935 1321 2000 properasse,

266 2034 351 2097 quae
371 2034 495 2079 marem
514 2019 703 2097 pepererat,
733 2019 768 2079 et
788 2012 883 2078 datas
911 2013 943 2078 ei
963 2033 1034 2079 esse
1054 2035 1178 2098 pennas
1202 2013 1321 2098 aquilae,

266 2121 300 2180 et
327 2114 522 2180 translatam
552 2134 622 2179 esse
650 2113 684 2178 in
717 2113 863 2193 deserto,
898 2133 940 2179 ne
973 2134 1047 2178 eam
1073 2112 1172 2178 draco
1200 2131 1323 2194 compre
1355 2103 1356 2130 ³

265 2211 488 2294 henderet.“²)
528 2212 732 2297 Quamquam
753 2212 835 2277 illud
852 2233 918 2277 non
939 2211 1061 2277 affirmo
1079 2213 1218 2296 penitus,
1236 2230 1322 2293 neque

264 2318 323 2379 aut
343 2310 561 2378 immortalem
581 2332 804 2396 perseverasse
832 2311 966 2390 definio,
997 2316 1056 2376 aut
1082 2317 1195 2376 utrum
1213 2316 1323 2376 mortua

263 2410 322 2489 sit,
351 2409 542 2476 confirmare
564 2431 705 2494 possum.
748 2409 875 2494 Quippe
903 2432 928 2475 s
951 2409 1120 2493 Scriptura
1147 2409 1259 2476 mentis
1275 2407 1322 2472 hu·

263 2529 380 2574 manae
401 2514 533 2592 captum
550 2515 794 2592 praetergressa
812 2528 882 2574 rem
901 2509 937 2572 in
956 2508 1081 2574 incerto
1098 2507 1232 2593 reliquit
1242 2527 1322 2591 prop
1356 2517 1357 2528 ¹

263 2611 316 2672 ter
335 2627 392 2671 ros
419 2606 502 2672 illud
523 2608 677 2673 eximium
705 2629 745 2673 ac
764 2613 950 2691 praestans,
979 2627 1020 2672 ne
1041 2608 1114 2690 quis
1143 2608 1246 2674 carnis
1264 2625 1322 2689 pro·

263 2705 370 2789 priam
391 2704 492 2770 ullam
513 2706 543 2770 ei
563 2704 758 2772 foeditatem
782 2706 956 2774 adscribat.
1000 2705 1073 2772 Sive
1093 2705 1195 2789 igitur
1215 2711 1322 2770 mortua

262 2803 316 2883 sit,
338 2803 516 2869 nescimus:
549 2803 617 2870 sive
645 2804 836 2888 consepulta
856 2805 916 2884 sit,
945 2825 1010 2870 non
1032 2810 1144 2870 tamen
1171 2805 1267 2870 ullam
1284 2806 1321 2866 est

262 2901 526 2985 conjunctionem
553 2903 697 2986 corporis
719 2910 871 2987 experta:
900 2902 996 2983 absit,
1017 2903 1160 2969 utillud
1181 2903 1320 2970 existima

262 2999 366 3065 mus.“
414 2999 468 3066 Ita
502 3021 526 3065 s.
555 3000 767 3084 Epiphanius.
824 3001 860 3066 B.
890 3001 1093 3086 Virginem
1124 3023 1214 3069 vere
1244 3018 1320 3066 mor·

264 3105 374 3164 tuam
402 3119 505 3179 esse,
532 3099 693 3183 probatur

328 3202 354 3262 l.
391 3217 437 3262 ex
469 3197 652 3280 generali
683 3219 708 3264 s.
738 3197 974 3281 Scripturae
1002 3196 1158 3279 regula:
1190 3198 1320 3281 „Statu-

261 3302 345 3362 tum
383 3302 445 3361 est
477 3296 704 3363 hominibus
740 3295 860 3362 semel
894 3296 1050 3379 mori“³)
1086 3333 1127 3343 —
1162 3295 1251 3382 „quis
1282 3295 1321 3355 est

262 3393 375 3475 homo,
409 3395 467 3479 qui
496 3395 597 3476 vivet,
631 3402 666 3461 et
696 3416 761 3461 non
791 3395 917 3461 videbit
946 3393 1162 3478 mortem?“⁴)
1199 3393 1246 3458 Ab
1272 3389 1320 3454 hae

261 3493 472 3578 regularem
501 3515 566 3560 non
595 3500 646 3560 est
666 3494 898 3575 recedendum,
927 3494 992 3560 nisi
1019 3515 1060 3560 ex
1087 3493 1161 3559 aliis
1188 3515 1211 3559 s.
1233 3488 1319 3570 Scrip

260 3599 358 3756 {urze
385 3592 465 3659 locis
493 3592 523 3657 b.
551 3592 719 3678 Virginem
747 3593 984 3679 excipientibus
1011 3593 1189 3660 necessitas
1215 3589 1317 3673 urgeat

288 3712 324 3757 ro
348 3697 424 3756 atur

330 3924 351 3992 ¹)
370 3923 437 3980 Luc.
458 3922 495 3991 ll,
517 3925 557 3981 35.
599 3923 925 3996 ¹)Apoc.Xil,12sq.
966 3925 1090 3995 ³)Hebr.
1113 3924 1162 3994 IX,
1177 3925 1215 3981 27.
1250 3913 1316 3981 epp,

263 4005 443 4077 nxxxvur
460 4007 502 4063 ee.
