2718 4556
627 399 629 403 ¹
731 323 792 384 roc

222 505 339 550 uxores
366 485 554 548 vocantur.“
578 545 581 548 .
606 485 635 550 S.
664 469 865 567 Epiphanius
894 482 1140 549 animadvertit:
1173 484 1284 566 ,Quum

224 590 309 649 essct
336 583 577 665 desponsata
603 583 716 662 Maria,
739 603 805 646 non
827 581 914 660 dicit,
938 603 1039 664 quum
1065 584 1282 666 nupsisset.“

285 715 356 779 Huc
386 716 513 780 accedit
534 715 634 779 etiam
655 714 880 779 testimonium
901 737 924 778 s.
948 714 1135 798 Gregorii
1155 716 1196 780 M.
1209 717 1231 799 ¹)
1249 717 1289 780 ita

223 813 408 878 scribentis:
437 814 618 896 „Dominus
639 812 777 877 Mariam
797 813 918 877 habere
940 836 1094 896 sponsum
1116 816 1222 894 voluit,
1242 816 1288 899 qui

223 918 333 976 tamen
365 913 407 977 ad
436 914 505 996 ejus
536 913 668 995 nuptias
699 934 765 976 non
792 913 970 995 pervenit.“
1021 913 1127 978 Simili
1155 915 1242 979 mcdc
1267 936 1286 978 s.

224 1010 525 1094 Augustinus:²)
565 1011 743 1093 ,Concepit
783 1011 895 1094 Virgo,
936 1017 1114 1094 antequam
1153 1035 1286 1096 sponsum

222 1109 373 1189 haberet;
395 1111 492 1193 parit,
514 1117 689 1192 antequam
710 1109 844 1174 nubat.“
961 1108 966 1118 ’

287 1225 400 1309 Neque
418 1226 564 1291 dissonat
582 1249 606 1290 s.
625 1219 961 1309 Chrysostomusl)
979 1227 1028 1291 ita
1045 1227 1178 1292 docens:
1200 1227 1287 1310 ,Con-

221 1324 331 1410 jugem
352 1347 426 1389 vero
449 1326 501 1390 hic
524 1346 675 1408 sponsam
696 1331 799 1402 vocat,
820 1325 1093 1418 quemadmodum
1116 1333 1150 1391 et
1170 1345 1286 1408 generos

224 1445 340 1488 vocare
366 1425 450 1490 solet
472 1425 641 1507 Scriptura
668 1445 802 1506 sponsos
831 1431 907 1488 ante
928 1425 1091 1506 nuptias.“
1136 1425 1165 1490 S.
1189 1424 1285 1504 Chry·

225 1523 422 1606 sologus4)
450 1523 628 1606 Josephum
648 1530 743 1588 vocat
764 1524 938 1604 „maritum
953 1524 1034 1592 ,solo
1056 1525 1198 1600 nomine,
1225 1542 1286 1585 con·

224 1620 361 1685 scientia
394 1625 583 1705 sponsum;“
623 1623 700 1687 dum
736 1645 759 1688 s.
793 1608 1058 1705 Bernardus5)
1097 1645 1170 1687 eum
1199 1623 1286 1686 virum

224 1721 372 1786 nominat
392 1743 477 1804 „non
499 1723 576 1805 quia
592 1723 740 1802 maritus,
759 1723 815 1786 sed
834 1721 921 1805 quod
938 1722 1034 1786 homo
1052 1721 1184 1786 virtutis
1202 1719 1284 1802 erat.“

286 1855 343 1918 llI.
375 1856 429 1918 Ex
457 1855 631 1920 ratione:

285 1969 387 2034 Juxta
417 1971 513 2055 hujus
553 1971 720 2053 opiniones
751 1977 908 2053 patronos
940 1969 1042 2052 magis
1077 1969 1224 2034 convenit
1248 1988 1287 2030 sa·

225 2068 369 2150 pientiae
392 2070 468 2149 Dei,
492 2071 645 2149 Mariam,
678 2092 778 2152 quum
800 2090 871 2133 eam
892 2068 1002 2132 invisit
1024 2070 1182 2151 Angelus,
1203 2066 1286 2130 fuisse

226 2167 472 2251 desponsatam,
503 2191 567 2240 non
595 2191 670 2234 vero
698 2174 843 2250 nuptam.
887 2167 1021 2250 „Neque
1050 2168 1137 2231 enim
1159 2166 1286 2240 decebat,

224 2266 333 2348 inquit
354 2266 478 2350 Lamy,
490 2270 515 2351 6)
543 2267 681 2332 Mariam
702 2268 871 2350 subjacere
892 2267 1028 2348 imperio
1048 2266 1158 2332 mariti
1187 2272 1218 2330 et
1235 2283 1288 2327 una

227 2387 301 2430 cum
330 2387 367 2430 eo
396 2367 533 2447 versari,
564 2369 616 2432 cui
637 2367 728 2451 prius
756 2388 822 2431 non
850 2366 1060 2444 innotuisset,
1095 2386 1168 2430 eam
1195 2363 1287 2428 aDeo

226 2471 365 2529 matrem
397 2465 518 2532 Christi
551 2467 689 2532 electam
724 2488 803 2531 esse.
856 2464 1048 2549 Mysterium
1082 2470 1194 2529 autem
1222 2458 1289 2526 illud

226 2584 292 2628 non
313 2563 363 2627 illi
384 2570 460 2629 ante
481 2555 743 2647 patefaciendum
764 2564 887 2643 fuerat,
917 2585 1015 2647 quam
1036 2563 1156 2646 sponsa
1177 2562 1290 2626 domun

228 2662 297 2745 ejus
319 2661 518 2742 deducenda,
537 2671 575 2728 ut
593 2664 726 2746 nuptiae
745 2685 765 2728 a
787 2663 968 2746 suspicione
990 2663 1134 2727 criminis
1152 2661 1289 2743 virginem

228 2762 442 2826 defenderent
470 2762 580 2843 simul,
615 2770 648 2827 et
675 2762 855 2846 virgineum
883 2769 1015 2845 partum
1043 2766 1200 2844 tegerent.
1239 2757 1290 2821 De-

229 2861 413 2943 sponsanda
435 2861 566 2944 quidem
584 2861 689 2926 Maria
710 2862 788 2940 viro,
812 2861 870 2927 sed
891 2861 992 2926 donec
1013 2859 1069 2924 ille
1090 2881 1159 2924 rem
1180 2875 1290 2922 omnen

229 2966 315 3025 esset
337 2959 486 3039 edoctuS,
516 2961 730 3044 congruebat,
753 2967 791 3025 ut
813 2960 940 3024 interea
961 2959 1001 3024 ab
1025 2979 1062 3023 eo
1084 2959 1212 3022 abesset
1230 2959 1291 3038 post

229 3058 512 3141 desponsationem
540 3081 599 3143 per
630 3059 763 3144 aliquod
791 3066 920 3142 tempus
952 3065 1028 3123 ante
1060 3058 1192 3140 nuptias
1221 3073 1291 3119 com·

228 3158 372 3242 plendaa
417 3159 486 3236 Quo
516 3167 665 3224 constare
692 3166 824 3242 poterat
843 3158 1036 3240 neutiquam
1063 3179 1133 3222 rem
1158 3154 1290 3220 habuisse

231 3280 304 3323 curn
326 3280 459 3341 sponso,
481 3280 558 3324 nam
578 3281 646 3324 mos
669 3265 843 3323 consuetus
865 3263 937 3323 erat
957 3258 991 3322 in
1012 3256 1168 3335 Galilaea,
1188 3256 1220 3318 in
1239 3271 1292 3335 qua

229 3358 334 3422 Maria
362 3352 551 3438 habitabat,
584 3366 622 3423 ut
650 3365 727 3423 ante
757 3357 985 3422 deductionem
1016 3377 1076 3420 nec
1104 3355 1185 3419 hora
1211 3352 1290 3416 unica

229 3479 365 3541 sponsus
387 3478 460 3522 cum
483 3479 602 3541 sponsa
621 3464 818 3536 moraretur,
843 3463 881 3522 ut
898 3456 1022 3520 indicat
1042 3455 1134 3532 locus
1152 3454 1291 3519 Gammae

229 3556 447 3639 Babylonicae
469 3557 511 3621 ad
533 3556 666 3623 titulum
688 3555 866 3621 Oethubo.“
909 3554 1075 3620 Hactenus
1096 3554 1203 3636 Lamy.

296 3807 316 3872 ¹)
334 3805 414 3860 Hom.
431 3807 465 3860 26
485 3805 514 3857 in
531 3803 637 3872 Evang.
680 3804 701 3868 2)
718 3803 760 3856 De
777 3801 872 3856 Natali
888 3799 1001 3854 Domini
1023 3804 1092 3855 orat.
1111 3803 1150 3854 13.
1190 3798 1210 3864 ³)
1224 3795 1289 3849 Hom·

229 3887 278 3942 IV.
295 3888 325 3942 in
343 3887 442 3942 Matth.
466 3904 493 3941 n.
511 3890 535 3941 6.
576 3887 598 3947 ⁴)
615 3885 700 3939 Serm.
719 3887 868 3940 175n.1o.
910 3883 931 3948 ὃ)
951 3883 1039 3951 Super
1061 3883 1161 3937 Missus
1182 3881 1247 3935 hom.
1262 3874 1289 3927 ll·

229 3988 255 4025 n.
273 3971 313 4023 15.
344 3971 366 4036 ⁶)
385 3969 479 4024 Herm.
496 3969 545 4023 lib.
563 3968 583 4023 1.
602 3985 644 4036 op.
660 3967 739 4023 Vlll.
