2718 4556
748 355 808 416 320

235 536 386 598 magnam
408 513 640 597 aparentibus
669 515 735 578 suis
757 516 882 598 recepit
908 516 1137 583 excellentiam
1156 541 1299 602 magnam·

235 635 298 698 que
320 614 485 696 sanguinis
507 613 768 696 generositatem.
811 614 930 697 Majori
950 637 1026 680 vero
1050 618 1221 683 nobilitate
1240 640 1299 702 pre-

234 713 426 796 tiosiorique
449 712 532 777 dono
556 713 708 795 dignatus
731 720 794 795 cst,
826 734 923 797 quem
945 716 1034 780 Deus
1056 716 1097 780 ab
1120 723 1247 781 aeterno
1265 717 1299 781 ad

234 812 479 878 matrimonium
516 833 589 877 cum
626 813 846 878 sacratissima
878 814 941 878 Dei
960 814 1106 897 Virgine
1142 815 1300 880 ineundum

233 1019 364 1076 currunt,
386 1011 452 1064 dein
469 1029 499 1065 se
516 1015 647 1080 separant
665 1017 693 1065 et
710 1012 822 1065 demum
839 1011 868 1064 in
885 1028 906 1065 s.
925 1012 1048 1083 Joscpbo
1065 1014 1242 1078 conveniunt,
1263 1015 1300 1082 qui

192 1088 197 1099 '
232 1097 262 1150 in
285 1093 421 1151 Matthaei
443 1095 607 1162 genealogia
629 1093 703 1148 filius
725 1093 864 1158 Jacobi,
888 1093 918 1147 in
942 1093 1035 1150 Lucae
1058 1098 1221 1165 genealogia
1241 1097 1300 1150 filius

234 1179 310 1232 Heli
326 1178 493 1232 nominatur.
519 1176 564 1230 Ad
577 1175 649 1230 hanc
664 1176 858 1232 difficultatem
874 1177 1047 1231 enodandam
1063 1178 1189 1232 diversae
1203 1184 1299 1233 exorue

233 1265 298 1316 suut
316 1261 475 1329 opiniones:

299 1361 323 1398 a.
350 1344 503 1397 Autumant
527 1341 655 1396 nonnulli
680 1343 845 1411 scriptores,
872 1359 889 1396 a
915 1360 936 1396 s.
960 1342 1102 1398 Matthaeo
1127 1345 1300 1414 genealogiam

233 1427 407 1481 beatissimae
424 1424 549 1495 Virginis
573 1425 700 1479 exhiberi
719 1426 889 1495 pertineam
907 1422 1073 1492 maternam,
1098 1443 1114 1480 a
1138 1444 1159 1481 s.
1175 1427 1247 1481 Luca
1261 1443 1300 1496 per

233 1511 337 1564 lineam
355 1514 510 1577 paternam.

299 1595 326 1649 b.
352 1593 408 1648 Alii
425 1609 442 1646 a
464 1609 485 1647 s.
502 1591 644 1646 Matthaeo
661 1592 851 1661 genealogiam
872 1610 893 1647 s.
910 1591 1035 1660 Josephi,
1054 1608 1070 1645 a
1087 1609 1109 1645 s.
1126 1591 1203 1648 lmca
1218 1608 1300 1661 ganea-

232 1679 335 1748 logiam
361 1677 388 1732 b.
413 1675 536 1743 Virginis
562 1674 689 1729 exhiberi
714 1680 836 1730 censent.
876 1676 964 1730 Juxta
987 1675 1037 1730 hos
1063 1680 1192 1730 auctores
1215 1692 1300 1729 nonen

233 1761 298 1815 Heli
327 1760 418 1814 forma
447 1759 611 1812 abbreviata
641 1774 691 1828 pro
721 1756 860 1811 Heliakim
890 1759 907 1813 i.
935 1775 958 1813 e.
984 1757 1109 1824 lankim,
1141 1758 1168 1814 b.
1193 1759 1300 1828 Virginis

155 1885 156 1888 ,
233 1848 322 1910 patre,
340 1841 402 1896 fuit.

300 1941 324 1980 c.
346 1925 469 1992 Uterque
482 1921 663 1989 Evangelista
680 1921 870 1990 genealogiam
889 1940 909 1975 s.
926 1921 1043 1991 Josephi
1061 1922 1143 1977 duxit
1160 1923 1300 1991 etquidem

173 2007 181 2026 ⁸
234 2025 256 2062 s.
273 1995 466 2061 Matthaeus'a
483 2008 575 2073 patre,
600 2005 659 2058 avis
681 2009 709 2058 et
727 2005 838 2072 proavis
856 2005 1042 2070 naturalibus,
1067 2023 1087 2060 s.
1105 1997 1196 2060 Lunes'
1211 2023 1226 2058 a
1241 2006 1301 2073 lega·

233 2091 314 2145 libns.
349 2089 433 2144 Pater
457 2087 591 2142 naturalis
615 2103 635 2142 s.
653 2087 775 2153 ¹Josephi
801 2093 843 2142 est
865 2089 999 2152 lacobus,
1026 2094 1108 2157 pater
1132 2090 1227 2157 legalis
1248 2104 1300 2142 vcro

233 2173 306 2228 Hali.
339 2172 461 2228 Jacobus
484 2176 513 2225 et
530 2170 593 2224 Heli
615 2170 729 2225 fuerunt
751 2170 851 2224 iratres
873 2171 984 2227 uterini.
1019 2171 1083 2224 Post
1106 2181 1223 2227 mortem
1242 2171 1301 2231 Heli,

197 2321 202 2332 ν
233 2257 281 2326 qui
299 2272 334 2309 ex
351 2272 438 2308 uxore
462 2270 511 2307 sue
533 2253 623 2306 nullos
641 2258 839 2321 procreaverat
861 2253 976 2319 liberos,
1002 2252 1074 2306 hanc
1099 2253 1181 2308 duxit
1196 2253 1301 2308 Jacobus

232 2338 384 2407 genuitque
403 2353 437 2390 ex
455 2353 488 2389 ea
505 2336 664 2404 Josephum.
698 2335 742 2390 lta
765 2337 956 2405 antiquissima
981 2341 1009 2391 et
1031 2339 1186 2391 communis
1202 2337 1300 2390 Petrum

232 2422 379 2486 sententia,
397 2435 479 2486 quam
494 2420 518 2471 2.
536 2418 644 2471 saeculo
661 2418 780 2472 tradidit
796 2436 816 2471 s.
831 2418 958 2472 Justinus
975 2417 1083 2486 Martyr
1102 2419 1131 2472 iu
1149 2420 1196 2474 lib.
1213 2423 1300 2488 quaest

232 2507 273 2558 31.
296 2507 409 2571 etpost
431 2517 494 2553 eum
515 2500 604 2554 Julius
625 2500 773 2556 Africanus
797 2501 871 2571 apud
893 2501 1046 2556 Eusebium
1070 2501 1119 2556 lib.
1138 2507 1151 2556 1
1170 2503 1230 2557 bist.
1246 2500 1301 2555 eccl.

232 2603 276 2656 cp.
293 2590 318 2640 7.
350 2583 477 2640 Eandem
494 2584 661 2638 sententiam
684 2589 782 2639 tenent
806 2601 826 2638 s.
843 2585 1028 2653 Hieronymus
1050 2586 1080 2639 in
1103 2602 1146 2654 cp.
1167 2586 1187 2650 l,
1204 2584 1299 2649 Matth.;

233 2681 254 2726 s.
272 2667 435 2722 Ambrosius
452 2667 501 2720 lib.
518 2669 533 2720 3
550 2667 578 2720 in
600 2684 643 2736 cp.
661 2671 676 2720 3
694 2667 775 2734 Luc.;
801 2683 825 2720 s·
840 2670 1011 2737 Augustinus
1028 2669 1154 2724 Retraot.
1176 2669 1222 2722 lib.
1237 2671 1252 2722 2
1266 2684 1300 2735 cp.

232 2757 262 2821 73
289 2769 309 2806 s.
327 2751 524 2805 Bonaventura
547 2750 576 2802 in
601 2767 644 2819 cp,
667 2752 683 2803 3
704 2749 785 2816 Luc.;
810 2768 830 2805 s.
848 2749 944 2805 Thom.
968 2751 1017 2816 Ill,
1042 2769 1069 2818 p.
1092 2771 1118 2820 q.
1137 2753 1234 2817 xxxi,
1255 2753 1300 2805 ai

231 2835 268 2888 ad
285 2836 322 2900 2.;
345 2833 422 2886 Beda
440 2833 469 2885 in
486 2832 586 2887 Mettla
604 2833 653 2888 lib.
671 2837 684 2886 1
703 2850 747 2902 cp.
766 2837 789 2888 1.
814 2832 935 2899 „Jacob,
958 2835 1049 2903 inquit
1072 2852 1143 2890 ven.
1165 2836 1258 2900 Beda,
1279 2839 1300 2887 et

231 2917 297 2972 Heli
309 2917 413 2970 fratres
428 2921 517 2983 erant,
530 2915 665 2970 habentes
683 2915 799 2970 diversis
812 2917 985 2985 temporibus
1000 2934 1035 2971 ex
1048 2916 1161 2972 diverso
1171 2920 1301 2975 uenientes

232 3015 343 3068 genere,
360 3001 408 3069 qui
425 3000 470 3054 ari
486 2997 591 3066 Jcseph
610 3015 669 3053 esse
687 2999 832 3066 ridentur,
852 3017 887 3052 ex
904 3017 960 3054 uns
976 2999 1130 3069 eademque
1147 3019 1231 3056 uxore
1247 3001 1301 3056 Esai

231 3084 359 3138 nominc:
384 3080 514 3149 Mathan,
538 3083 585 3150 qui
609 3098 661 3150 per
684 3081 860 3136 Salomonem
883 3099 970 3151 genus
994 3082 1086 3148 ducit,
1109 3083 1200 3139 filium
1220 3084 1301 3139 habuit

231 3165 334 3232 Jacob3
360 3169 389 3220 et
409 3164 531 3232 Methat,
555 3165 603 3234 qui
625 3181 676 3232 per
698 3163 807 3219 Nathan
830 3181 917 3234 genus
940 3165 1028 3230 ducit,
1044 3181 1089 3219 ex
1114 3168 1211 3222 eadem
1229 3168 1299 3230 tribu,

231 3247 281 3302 sed
305 3265 361 3303 non
385 3248 484 3302 eodem
507 3265 623 3316 genere,
649 3263 682 3300 eo
707 3247 852 3314 defuncto,
877 3247 966 3301 filium
990 3249 1101 3317 accepit
1123 3250 1198 3305 Heli:
1223 3255 1249 3304 et
1268 3249 1299 3301 sic

231 3330 321 3384 Jacob
340 3334 368 3385 et
384 3330 448 3384 Heli
466 3331 577 3386 diverso
599 3347 703 3400 genere
721 3335 832 3400 patrum
853 3331 955 3386 fratres
977 3337 1042 3388 sunt
1058 3335 1175 3400 uterini,
1200 3349 1300 3404 quorum

131 3459 137 3470 .
232 3416 304 3468 alter
330 3415 348 3467 i.
373 3431 397 3469 e.
422 3415 511 3468 Jacob
541 3415 665 3470 defuncti
693 3414 790 3469 fratris
815 3415 879 3470 Heli
907 3415 1048 3484 accipiens
1073 3434 1190 3471 uxorem
1219 3415 1299 3485 genuit

232 3500 250 3552 J
252 3497 337 3566 cseph
353 3499 505 3551 secundum
524 3503 652 3552 naturam
670 3515 762 3566 suam3
788 3498 941 3552 secundum
958 3515 1024 3552 vero
1041 3506 1221 3568 praeceptum
1236 3497 1299 3564 legis,

230 3583 325 3636 fratris
348 3580 462 3636 filium.“
503 3581 578 3635 Haec
600 3583 740 3636 sententia
762 3585 944 3650 apparentem
965 3581 1209 3649 Evangelisterum
1230 3581 1299 3634 disso-

230 3666 355 3720 nantiam
373 3665 478 3732 optime
501 3668 530 3718 et
547 3680 610 3717 cum
628 3665 777 3718 verborum
794 3665 968 3733 proprietate
986 3664 1126 3719 conciliat.
1161 3663 1300 3719 Matthaeus

230 3748 304 3802 enim
329 3752 410 3801 utens
439 3747 526 3802 verbu
557 3746 689 3816 ‚genuit“
721 3748 814 3801 innuit
844 3746 897 3800 hoe
925 3748 986 3816 ipso
1012 3747 1099 3801 verbo
1124 3748 1299 3816 progenitores

229 3831 380 3898 naturalem
406 3829 495 3883 Lucas
516 3831 605 3884 utitur
626 3831 712 3884 verbo
736 3830 909 3885 substantivo
932 3830 1034 3897 „fuit,“
1060 3832 1135 3900 quod
1155 3831 1299 3885 filiationem

229 3914 349 3981 legalem
375 3916 403 3967 et
426 3912 581 3966 naturalem
603 3915 764 3983 significare
785 3919 890 3983 potest,
915 3913 961 3968 hic
985 3930 1051 3968 vero
1075 3912 1112 3966 de
1135 3913 1262 3968 filiatione
1276 3911 1299 3960 et

228 3997 398 4064 paternitate
410 3995 498 4064 legali
515 3997 617 4065 exponi
634 3997 727 4064 debet,
741 3997 876 4067 quiajam
894 4001 988 4053 textus
1001 3995 1138 4051 Matthaei
1153 3997 1299 4052 filiationem
