2728 4560
557 360 617 420 237

58 521 269 603 distinguitur,
302 519 385 582 nihil
412 529 588 603 repugnat,
621 521 766 605 aliquem
794 523 915 588 habere
948 526 1126 594 dominium

56 622 172 699 inutile,
198 627 236 684 ut
256 624 351 702 patet
371 619 406 682 in
427 619 575 701 pupillis,
605 621 640 684 in
662 622 780 704 quibus
802 630 869 688 stat
888 625 941 707 jus
962 635 1125 694 remotum

57 727 84 784 et
101 721 233 803 ligatum
255 717 449 800 disponendi
470 718 510 784 de
532 720 630 786 rebus
660 723 743 800 suis,
773 724 861 805 qnod
883 725 1004 790 dicitur
1025 728 1127 793 domi·

56 822 132 885 nium
153 821 313 888 directum
332 825 366 883 et
383 821 604 902 proprietatis,
622 843 697 886 cum
714 822 911 904 obligatione
930 832 1042 890 tamen
1060 849 1126 893 non

56 919 242 1002 disponendi.
285 917 317 980 b.
339 916 417 981 Tale
436 919 490 1001 jus
512 926 546 984 et
568 920 747 984 dominium
768 921 879 1000 efficit,
912 930 950 988 ut
971 927 1125 1009 conjuges

55 1025 193 1084 maneant
223 1016 385 1081 inhabiles
417 1017 460 1108 ad
488 1019 746 1084 contrahendum
773 1043 846 1085 cnm
869 1021 934 1086 alia
965 1045 1123 1105 persona3

55 1118 77 1181 si
100 1119 254 1182 alteruter
273 1116 419 1198 corporis
440 1116 492 1180 sui
512 1119 640 1200 copiam
667 1119 784 1184 fecerit
813 1127 989 1201 extraneo,
1022 1123 1121 1189 fidem

55 1215 312 1282 matrimonialem
347 1214 485 1280 violabit
522 1223 556 1280 et
586 1217 717 1282 adulter
747 1219 939 1300 habebitur;
977 1223 1006 1288 si
1036 1231 1125 1306 post·

53 1316 170 1381 modum
196 1320 323 1380 mutato
344 1315 513 1396 proposito
535 1337 569 1380 se
590 1323 705 1381 mutuo
729 1327 938 1400 cognoscant,
969 1343 1035 1388 non
1058 1325 1124 1389 erit

54 1413 220 1480 fornicatio.
263 1411 371 1477 Efficit
398 1434 496 1495 porro
523 1415 684 1480 bonorum
712 1419 971 1484 communionem
1000 1429 1034 1487 et
1054 1423 1124 1487 vin-

55 1513 150 1577 culum
170 1512 349 1589 charitatis,
373 1534 438 1594 qua
459 1534 494 1576 sc
516 1519 630 1578 mutuo
649 1515 766 1597 juvant
787 1523 821 1580 et
842 1518 990 1584 solantur
1011 1521 1045 1584 in
1066 1522 1123 1586 ad·

53 1612 280 1676 ministratione
304 1609 461 1675 -damiliae
500 1618 534 1676 et
570 1613 698 1678 casibus
736 1614 880 1680 adversis
918 1624 952 1681 et
983 1618 1124 1703 denique

53 1710 238 1775 individuam
258 1709 345 1773 vitae
367 1709 570 1774 societatem.
586 1713 610 1792 ¹)

106 1815 130 1874 3.
161 1810 362 1892 Impotentes
395 1808 438 1872 ad
466 1831 562 1874 usum
593 1813 794 1877 matrimonii
821 1814 962 1880 invalide
995 1823 1124 1882 contra-

53 1907 136 1988 hunt;
158 1908 214 1973 sed
236 1907 293 1990 qui
314 1907 512 1972 contrahunt
530 1929 604 1972 cum
622 1917 736 1976 mutua
754 1911 953 1996 obligatione
972 1916 1124 1980 servandi

54 2015 195 2090 perpetuo
228 2007 432 2086 castitatem,
471 2015 548 2072 sunt
578 2009 774 2093 impotentes
808 2011 851 2075 ad
883 2034 978 2076 usum
1009 2014 1123 2098 matri-

53 2107 151 2187 monii3
172 2129 248 2189 ergo
271 2107 412 2171 invalide
434 2107 496 2172 hoc
518 2109 726 2174 contrahunt.
1019 2103 1027 2122 ⁹

105 2205 203 2288 Major
220 2211 351 2270 tantum
368 2227 445 2271 vera
464 2212 514 2271 est
533 2207 573 2270 de
592 2209 640 2285 iis,
661 2210 718 2292 qui
738 2210 900 2292 physice
922 2212 1121 2293 impotentes

54 2313 118 2370 sunt
143 2306 183 2371 ad
204 2327 300 2370 usum
327 2306 541 2384 matrimonii,
572 2329 638 2372 non
668 2315 779 2372 autem
808 2309 848 2374 de
877 2310 932 2388 iis,
963 2311 1020 2393 qui
1048 2333 1121 2378 mo·

54 2405 181 2470 raliter
202 2405 245 2470 ad
267 2426 341 2469 eum
362 2405 517 2469 dicuntur
538 2407 744 2488 impotentes.

105 2505 479 2587 salmanticenses,²)
502 2506 558 2588 qui
578 2507 821 2571 matrimonium
842 2507 901 2571 sub
925 2507 1121 2572 conditioni-

54 2599 103 2667 bus
118 2605 303 2686 praecitatis
320 2603 438 2669 initum
457 2605 625 2670 declarant
641 2605 827 2683 invalidum,
841 2607 1009 2688 appellant
1019 2607 1120 2673 etiam

107 2853 124 2918 ¹)
144 2852 231 2918 „Dum
254 2849 315 2919 quis
336 2850 365 2903 in
387 2849 575 2903 conditionem
600 2850 735 2904 castitatis
757 2851 947 2904 contrahendo
970 2853 1117 2917 consentit,

52 2932 187 3004 interrogat
209 2933 334 3003 apprime
357 2933 422 2986 Ant.
440 2933 594 2986 Ballerinus
616 2933 828 3002 (compendium
850 2933 935 2988 theol.
958 2933 1071 2987 moralis
1088 2933 1119 2990 Ρ.

53 3014 101 3072 toa.
121 3019 192 3087 Gury
213 3035 234 3072 s.
256 3018 324 3070 J—
341 3015 376 3069 cd
399 3016 446 3070 alt.
471 3017 575 3070 Romae
598 3017 662 3071 1869
684 3024 751 3072 tom.
775 3017 816 3082 11,
839 3033 903 3084 pag.
926 3018 1000 3081 509),
1024 3033 1117 3070 noune

54 3100 232 3154 matrimoniali
251 3100 314 3168 jure
336 3099 381 3152 vel
402 3099 522 3152 maxime
544 3099 650 3153 utitnrl
681 3099 759 3154 Sicut
780 3100 911 3152 nimirum
934 3100 981 3168 qui
1004 3099 1116 3152 domum

55 3188 124 3250 emat,
137 3185 178 3254 jus
196 3199 275 3237 suum
293 3182 323 3234 in
341 3198 400 3257 eam
418 3198 474 3233 non
491 3181 583 3234 minus
601 3186 724 3246 exercet,
751 3182 774 3234 si
790 3182 840 3235 illa
857 3183 916 3250 ipse
934 3181 1116 3237 inhabitando

53 3267 140 3333 utatur,
162 3267 286 3338 quamsi
308 3267 369 3334 ipsa
390 3266 431 3318 nti
451 3265 548 3318 nolens
572 3282 650 3317 usum
673 3265 795 3333 ejusdem
816 3265 861 3318 vel
883 3265 918 3316 ad
939 3270 1049 3334 tempus
1071 3267 1116 3320 vel

53 3343 243 3419 inperpetuum
261 3348 343 3402 alteri
361 3347 509 3412 concedat;
535 3347 575 3400 ita
591 3363 657 3400 sana
681 3363 763 3415 quum
782 3347 842 3415 quis
864 3347 927 3400 usui
941 3347 1010 3416 juris
1027 3349 1070 3400 sui
1086 3348 1116 3402 in

54 3429 147 3486 alterius
163 3451 262 3502 corpus
284 3435 383 3500 sponte
401 3431 488 3496 cedit,
512 3429 565 3484 hoc
583 3430 643 3497 ipsc
657 3430 714 3498 jus,
736 3434 957 3498 potestatemque
975 3431 1029 3484 sibi
1047 3447 1115 3498 esse,

53 3511 162 3585 illamque
184 3532 317 3570 exercere
338 3513 476 3584 putandus
499 3518 548 3567 est.
583 3512 672 3566 Nemo
692 3513 795 3582 quippe
816 3511 893 3566 cedit
913 3513 1040 3580 legitime
1061 3512 1117 3568 nisi

53 3594 119 3665 illud,
140 3601 210 3668 quod
228 3600 257 3652 in
274 3601 413 3667 potestate
431 3595 530 3660 babet,
553 3599 581 3648 et
599 3595 721 3664 ejusdem
738 3596 801 3648 usui
818 3595 935 3661 cedens,
951 3595 1042 3662 ipsum
1060 3597 1116 3650 evi·

54 3675 135 3734 deuter
156 3686 275 3737 exercet.
316 3681 427 3734 Falsum
451 3684 494 3734 est
518 3679 619 3748 igitur,
646 3697 697 3747 per
721 3679 909 3732 conditionem
935 3679 1114 3734 matrimonio

53 3764 244 3827 appositiones
273 3768 446 3831 acceptatam
476 3761 605 3816 servandi
636 3761 807 3826 castitatem,
839 3765 1013 3816 contractum
1039 3760 1113 3826 iniri,

53 3842 116 3907 cnjus
130 3847 200 3900 nulla
215 3848 269 3913 via,
291 3847 438 3914 nullusque
455 3846 492 3900 ait
509 3845 635 3912 effectus,
654 3850 737 3913 atque
754 3845 823 3898 adeo
841 3845 888 3912 qui
904 3849 1031 3898 naturam
1049 3860 1114 3896 oon·

53 3923 142 3980 tractus
157 3931 263 3985 exuat“
296 3928 352 3984 Cfr.
369 3928 490 3984 Billuart
506 3929 524 3984 l.
542 3944 566 3983 c.
583 3945 609 3982 a.
629 3927 662 3982 V.
704 3928 725 3991 ²)
750 3927 850 3980 Cursus
873 3925 1032 3994 theologiae
1053 3942 1112 3978 mo-

53 4003 107 4058 ralis
120 4013 180 4066 tom.
197 4012 231 4079 11,
248 4029 311 4082 pag.
331 4014 386 4066 172.
