2718 4556
546 343 605 404 377

51 503 215 588 indignum,
249 524 349 587 quum
378 502 493 568 audias
522 509 556 567 et
583 524 608 566 s,
630 501 801 566 Elisabeth
829 495 899 583 ejus
927 522 993 566 non
1018 521 1114 584 posse

51 602 123 668 ferre
143 602 378 686 praesentiam,
407 601 470 666 nisi
491 622 565 666 oum
588 607 730 666 tremore
759 599 891 683 quidem
912 606 947 665 et
966 621 1117 664 reveren·

50 703 168 783 tiapait
186 721 344 784 namque:
367 699 502 782 ,Unde
523 699 599 764 hoc
621 698 730 778 mihi,
753 706 799 763 ut
819 697 964 764 veniat
983 706 1119 764 mater

52 801 201 867 Domini
230 799 308 864 mei
337 799 386 863 ad
414 798 514 863 me‘?“

101 951 302 1034 Exprimitur
334 947 449 1014 eadem
480 946 590 1030 opinio
625 947 659 1010 in
690 946 944 1013 revelationibus
980 969 1004 1012 s.
1033 948 1118 1012 Bir-

50 1050 217 1132 gittae.1)
262 1048 459 1131 ,Postquam
488 1045 636 1110 consensi
664 1045 782 1109 nuncio
805 1045 876 1125 Dei,
905 1045 1032 1112 inducit
1061 1047 1119 1111 illa

50 1147 257 1213 beatissimam
278 1146 444 1229 Virginem
472 1145 670 1228 loquentem,
698 1144 821 1227 Joseph
848 1145 959 1210 videns
988 1153 1119 1211 uterum

49 1269 143 1312 meum
158 1248 281 1311 virtute
299 1245 440 1328 Spiritus
462 1266 486 1308 a.
508 1245 734 1323 intumescere,
752 1243 883 1326 expavit
901 1243 1117 1324 vehementer,

50 1367 103 1410 non
130 1347 314 1429 suspicatus
344 1349 458 1408 contra
485 1365 537 1407 me
567 1342 691 1425 aliquid
720 1342 903 1421 sinistrum,
933 1343 990 1407 sed
1011 1365 1119 1420 recor-

50 1444 134 1510 datus
172 1445 262 1509 diota
298 1443 537 1526 Prophetarum
574 1442 879 1525 praenunciantium
918 1441 1022 1505 filium
1057 1442 1120 1507 Dei

49 1546 238 1610 nasciturum
259 1543 298 1607 de
317 1543 458 1625 Virgine,
478 1541 654 1624 reputabat
672 1563 706 1606 se
729 1541 898 1624 indignum
915 1541 976 1605 tali
997 1542 1118 1608 servire

49 1644 143 1722 matri,
162 1643 264 1707 donec
282 1640 423 1724 Angelus
441 1641 475 1704 in
493 1640 613 1704 somnis
631 1640 808 1724 praecepit,
828 1640 890 1704 sibi
908 1662 973 1705 non
992 1642 1118 1720 timere,

50 1741 98 1805 sed
118 1765 190 1807 cum
211 1740 374 1806 charitate
395 1740 475 1804 mihi
494 1740 710 1805 ministrare.“

101 1891 277 1956 Audiamus
295 1889 394 1954 etiarn
410 1889 699 1973 Archiepisoopum
720 1888 765 1954 de
783 1890 924 1972 Capite
946 1889 962 1952 f
966 1888 1119 1953 ontium

49 1987 100 2054 hac
113 1989 163 2055 ‘de
193 2011 229 2054 re
251 1990 299 2054 ita
325 1990 528 2072 loquentem:
563 1988 670 2070 ,Talis
699 1995 786 2059 certe
817 1995 888 2054 erat
915 1989 1014 2053 timor
1042 1988 1115 2066 iste,

50 2087 193 2172 inquit,²)
226 2094 378 2170 respectu
407 2108 503 2152 arcae
517 2088 605 2162 ,novi
630 2088 831 2152 Testamenti
857 2088 893 2151 in
921 2094 1034 2152 sancto
1062 2086 1125 2151 Jo-

50 2187 152 2268 sepho,
181 2187 276 2251 utin
299 2186 412 2251 eadem
434 2185 529 2250 domo
552 2207 625 2250 cum
645 2185 703 2249 illa
725 2207 790 2250 non
811 2186 948 2250 auderet
969 2203 1116 2250 manere:

49 2286 143 2365 qualis
160 2286 194 2349 in
212 2291 306 2368 patre
326 2285 394 2367 ejus
412 2283 535 2348 Davide
554 2284 718 2366 quondam
739 2285 860 2363 extitit,
881 2305 981 2367 quum
998 2284 1118 2349 veteris

50 2383 239 2450 Testamenti
259 2404 370 2448 arcam
391 2384 425 2447 in
446 2383 578 2448 domum
597 2383 752 2449 inducere
774 2405 874 2462 suam,
894 2383 972 2448 licet
992 2383 1027 2447 id
1044 2405 1118 2466 per-

50 2492 182 2566 cuperet,
211 2505 311 2550 ausus
331 2505 396 2547 non
415 2482 489 2548 luit.
533 2483 582 2548 De
605 2505 668 2566 quo
691 2483 896 2565 scribitur:³)
928 2482 1117 2564 ,Quomodo

48 2581 238 2666 ingredietur
266 2582 308 2647 ad
328 2603 380 2646 me
408 2603 484 2646 arca
506 2582 658 2646 Domini?
692 2587 726 2647 et
753 2582 860 2648 noluit
886 2581 1047 2646 divertere
1069 2582 1118 2648 ad

49 2703 78 2746 se
97 2705 203 2748 arcam
224 2682 356 2747 Domini
376 2681 410 2745 in
433 2681 598 2746 civitatem
620 2681 734 2760 David,
757 2681 814 2746 sed
836 2680 970 2745 divertit
991 2701 1063 2744 eam
1084 2681 1119 2745 in

50 2779 170 2846 domum
202 2780 390 2846 Obededom
422 2780 591 2846 Gethaei.“
645 2781 739 2859 Quo'd
770 2788 880 2846 autem
913 2802 973 2865 per
1010 2802 1120 2846 arcam

49 2879 129 2944 illam
149 2879 331 2963 significata
352 2879 454 2944 fuerit
474 2880 679 2944 sanctissima
699 2881 807 2963 Virgo,
830 2886 974 2946 testatur
994 2903 1018 2945 s.
1040 2881 1119 2944 Ber·

48 2979 225 3062 nardum)
275 2979 319 3044 Et
349 2979 448 3061 paulo
479 2978 632 3043 inferius:
668 2980 776 3061 ,Bene
808 2980 960 3045 audierat
986 2980 1117 3063 loseph,

49 3077 204 3161 Virginem
232 3079 414 3161 parituram
443 3078 624 3157 Christum,
658 3086 692 3144 et
719 3080 848 3162 putavit
875 3078 1002 3158 forsan,
1035 3078 1119 3144 hanc

49 3175 205 3260 Virginem
234 3177 352 3242 debere
383 3199 452 3242 osse
474 3199 626 3260 sponsam
655 3200 747 3242 suam
767 3179 922 3257 Mariam,
952 3179 1033 3243 alias
1061 3200 1120 3243 cur

51 3274 77 3337 ei
95 3276 189 3360 Virgo
210 3297 277 3341 non
298 3276 340 3340 ab
362 3297 400 3341 eo
423 3277 647 3358 cognoscenda
668 3277 810 3343 dabatur
829 3278 865 3341 in
886 3297 1035 3356 uxorem,
1056 3277 1120 3341 nisi

50 3373 103 3437 sub
123 3397 177 3458 spe
200 3381 233 3440 et
250 3376 477 3458 expectatione
499 3375 604 3441 futuri
624 3377 795 3442 miraculi?
816 3377 863 3442 Ut
884 3377 963 3460 quid
984 3377 1119 3458 nuptiae

50 3471 161 3556 absque
203 3495 261 3557 spe
298 3473 408 3556 prolis.
468 3474 579 3540 Timor
617 3497 692 3559 ergo
724 3475 858 3558 losephi
897 3475 1120 3541 reverentialis

50 3572 329 3731 {thadmirationis
361 3574 442 3654 fuit,
479 3597 546 3640 non
577 3583 689 3641 autem
723 3576 763 3640 de
792 3576 934 3659 Virginis
966 3577 1120 3642 castitate

70 3669 188 3736 uius.“

55 3819 239 3832 -η-

111 3902 128 3968 ¹)
145 3902 205 3958 nio.
225 3901 287 3970 v11,
305 3919 348 3971 op.
365 3905 404 3956 25.
439 3905 461 3969 η
479 3902 519 3956 oe
537 3903 662 3972 virginit.
680 3904 784 3958 naria
802 3921 828 3973 p.
845 3905 900 3959 194.
934 3907 954 3972 ε)
973 3907 986 3959 1
1001 3889 1120 3974 Paravit.

51 3979 120 4037 Xlll.
150 3987 171 4052 ⁴)
188 3985 273 4040 Serm.
291 3985 381 4053 incip:
401 3987 458 4040 Ave
477 3985 573 4040 Maria.
