2772 4550
583 357 646 416 549

59 523 97 586 in
131 521 283 586 Ecclesia
317 519 498 596 veneratio,
533 522 573 581 ut
604 514 780 598 aliquando
816 513 945 579 feminis
981 513 1033 578 vel
1064 513 1156 596 regio

59 618 424 714 sanguinexprognatis
455 615 539 681 illud
569 615 702 679 minime
733 614 866 679 licuerit
896 613 1026 694 indere3
1059 612 1154 696 quasi

59 720 102 784 de
127 719 292 802 dignitate
321 717 427 782 sancti
447 715 587 781 nominis
615 714 755 779 multum
784 714 1027 793 detraheretur,
1058 713 1087 777 si
1107 711 1155 776 le-

58 819 164 882 minis
203 817 303 882 etiam
338 816 457 899 reginis
495 813 749 897 imponeretur.“
802 813 909 896 Hujus
945 833 970 877 s.
1006 810 1154 876 Nominis

56 917 189 982 festum
210 937 230 982 a
250 915 309 980 Pio
330 916 368 982 V.
398 915 564 980 sublatum
594 914 730 979 Sixtus
751 912 789 987 V.
819 910 984 991 restituit3
1014 909 1154 975 officium

57 1017 216 1082 Nominis
248 1016 289 1080 ab
318 1015 470 1080 universa
496 1012 645 1078 Ecclesia
676 1012 810 1077 recitari
839 1011 937 1095 jussit
964 1010 1154 1075 Innocen-

57 1117 147 1191 tius
170 1115 229 1179 xl.
275 1113 391 1196 „Quod
418 1112 549 1196 quidem
576 1111 762 1176 venerabile
790 1131 917 1188 nomen,
946 1109 1054 1192 inquit
1080 1109 1154 1173 bre-

56 1215 205 1278 viarium
226 1213 418 1292 Romanum,
429 1213 453 1293 1)
472 1210 689 1294 jampridem
710 1210 745 1274 in
766 1209 963 1293 quibusdam
983 1208 1154 1273 christiani

57 1315 155 1378 orbis
176 1312 328 1395 partibus
357 1311 492 1394 speciali
519 1311 587 1374 ritu
617 1310 757 1388 cultum,
779 1309 989 1374 Innocentius
1009 1308 1065 1372 XI.
1088 1308 1153 1373 Ro-

56 1434 183 1478 manus
203 1411 357 1477 Pontifex
385 1411 426 1475 ob
448 1410 607 1492 insignem
634 1409 805 1474 victoriam
825 1407 885 1473 sub
914 1407 1059 1490 ejusdem
1080 1407 1153 1473 Vir-

57 1512 150 1594 ginis
169 1510 294 1576 Mariae
306 1509 479 1594 vpraesidio
502 1509 542 1574 de
564 1509 796 1573 immanissimo
813 1508 991 1572 'furcarum
1013 1512 1152 1590 tyranno

58 1610 248 1675 cervicibus
266 1610 382 1693 populi
403 1609 573 1673 christiani
591 1608 780 1686 insultante,
799 1606 944 1672 Viennae
966 1607 1001 1670 in
1018 1605 1154 1670 Austria

57 1716 213 1792 partam,
248 1716 282 1773 et
310 1709 344 1771 in
372 1728 516 1792 perenne
548 1709 634 1772 tanti
661 1706 811 1771 beneficii
844 1712 1091 1771 monumentum
1118 1705 1153 1768 in

56 1808 214 1872 Ecclesia
235 1807 413 1872 universali
434 1806 569 1888 singulis
590 1806 684 1870 annis
701 1805 871 1870 Dominiea
891 1805 978 1870 infra
996 1805 1153 1870 Octavam

57 1906 259 1971 Natiuitatis
280 1906 398 1970 beatae
419 1905 562 1988 Virginis
583 1905 708 1969 Mariae
730 1905 889 1969 celebrari
910 1904 1110 1988 praecepit.“

563 2141 596 2224 5.
618 2137 655 2204 4.

78 2305 246 2369 Festum
273 2302 625 2368 Praesentationis
651 2302 910 2368 beatissimae
936 2301 1124 2384 Virginis.

398 2401 470 2466 Die
499 2405 553 2464 21.
583 2401 824 2466 Novembris.

128 2555 156 2612 l.
194 2549 233 2613 ln
262 2548 410 2614 Ecclesia
442 2549 635 2614 orientali
666 2549 728 2614 hoc
755 2548 877 2614 festum
909 2548 1055 2612 recolens
1084 2569 1152 2630 my·

57 2648 218 2725 sterium,
254 2668 319 2730 quo
354 2647 385 2711 b.
418 2647 519 2729 Virgo
554 2669 575 2712 a
605 2647 797 2730 parentibus
829 2649 863 2712 in
895 2647 1017 2729 templo
1049 2645 1152 2711 fuerit

56 2752 286 2829 praesentata,
297 2745 323 2828 2)
352 2745 420 2828 jam
449 2745 579 2809 saeculo
612 2747 781 2828 septimo
810 2747 1013 2812 celebratum
1039 2744 1149 2823 fuisse,

57 2844 210 2910 ostendit
236 2864 344 2909 sermo
373 2866 397 2908 s.
420 2843 619 2922 Germani,
649 2844 893 2928 Archiepiseopi
921 2845 1151 2910 Constantino-

55 2944 219 3029 politani,
260 2965 348 3008 anno
380 2949 440 3007 715
476 2941 631 3008 florentis.
685 2944 805 3010 Exstat
843 2965 948 3010 sermo
984 2944 1075 3027 ille³)
1117 2949 1152 3008 et

56 3043 195 3126 incipit:
237 3043 343 3125 „Eece
382 3063 495 3106 rursus
535 3041 604 3106 dies
642 3040 748 3106 festus
787 3050 822 3109 et
860 3042 997 3108 celebris
1035 3044 1151 3109 matris

58 3142 226 3207 Domini.“
266 3139 569 3223 „congratulamini
586 3141 667 3204 mihi
688 3162 808 3221 omnes,
827 3142 955 3206 inducit
975 3164 999 3207 s.
1015 3142 1150 3208 Praesul

58 3243 191 3304 Annam
217 3240 427 3323 loquentem,
458 3239 535 3322 quia
562 3239 661 3304 hodie
688 3247 795 3304 mater
823 3249 857 3306 et
878 3226 1050 3306 deductrix
1079 3264 1151 3307 sum

57 3340 232 3405 declarata
260 3338 349 3402 filiae
370 3359 479 3403 meae:
511 3359 577 3402 non
606 3338 648 3402 ad
670 3345 837 3404 terrenum
865 3340 1009 3424 aliquem
1029 3362 1149 3424 regem,

57 3439 140 3522 quia
160 3459 228 3502 non
256 3457 399 3519 aequum
426 3443 526 3514 esset,
557 3435 614 3500 sed
637 3436 771 3501 coelesti
800 3438 869 3521 regi
898 3460 969 3503 earn
991 3446 1150 3524 tanquam

57 3672 109 3726 Cui
132 3668 278 3724 consentit
301 3667 336 3721 ds
354 3668 449 3721 Castro
472 3667 601 3735 inquiens
623 3666 663 3734 (in
686 3667 750 3722 hist.
767 3668 794 3724 b.
812 3670 938 3739 Virginis
955 3687 999 3741 cp.
1015 3675 1031 3726 2
1049 3691 1075 3728 n.
1093 3676 1150 3742 10):

56 3753 221 3820 „Divinitas
238 3749 396 3803 revelatum
413 3750 467 3804 fuit
483 3750 651 3818 parentibus·
663 3768 765 3806 nomen
782 3753 916 3810 Mariae.“

126 3835 147 3900 ¹)
171 3833 202 3888 P.
228 3833 411 3900 autumnalis3
436 3831 509 3887 dom.
533 3833 607 3886 infra
631 3833 691 3889 Oct.
715 3833 832 3892 Nativit.
856 3838 887 3893 B.
909 3838 948 3894 M.
973 3839 1006 3895 V.
1048 3842 1071 3907 ²)
1094 3841 1150 3898 cn.

55 3919 161 3972 Barou.
179 3918 210 3970 in
227 3914 303 3968 notis
320 3916 355 3967 cd
369 3915 476 3969 Martir.
494 3915 540 3968 die
557 3919 598 3970 21.
612 3915 792 3987 Novembris;
809 3921 979 3976 Benedictus
996 3923 1070 3990 xlv,
1087 3924 1106 3979 l.
1124 3941 1150 3982 c.

57 4017 101 4070 cp.
121 3998 197 4054 XlV.
216 4015 244 4052 n.
264 4000 288 4050 1.
321 3998 343 4064 ³)
360 3997 431 4052 Bibl.
447 4012 520 4066 meg.
537 3998 590 4052 Pet
613 4004 680 4055 tom.
699 4000 816 4068 v111,4.
834 4005 902 4060 edit.
