2718 4556
743 363 802 423 2536

231 524 412 602 Christum,
439 521 544 600 fidem,
569 521 645 604 quia
667 522 793 586 nullum
814 515 1027 603 adulterium;
1058 525 1292 602 Sacramentum,

232 623 456 707 quianullum
478 621 683 686 divortium.“

294 722 341 804 ,0
363 721 547 804 conjugium
568 742 679 784 verum
710 727 743 785 et
765 727 927 800 sanctum,
957 723 1144 805 conjugium
1164 725 1293 802 coeleste,

231 842 297 885 non
332 827 513 898 terrenum,
554 819 771 884 exclamamus
809 841 882 884 cum
913 820 1115 904 Rupen031)
1155 823 1296 906 quomodo

233 919 328 998 enim,
348 918 399 982 vel
416 919 450 982 in
473 940 537 1000 quo
559 920 724 1002 conjugati
745 919 901 984 fuerunt?
923 920 1084 985 Nimirum
1105 923 1141 986 in
1162 945 1207 1001 ec,
1227 922 1298 1006 quud

231 1040 316 1084 unus
346 1017 487 1100 Spiritus
523 1025 556 1082 et
583 1040 649 1083 una
676 1017 755 1082 fides
793 1025 865 1084 erat
893 1019 927 1082 iu
965 1021 1042 1084 eis.“
1084 1021 1299 1086 Admirandum

231 1116 379 1199 profecto
417 1115 570 1181 eximium
601 1117 662 1182 hoc
694 1117 782 1182 inter
817 1140 840 1181 s.
864 1118 1040 1201 Deiparam
1080 1126 1114 1184 et
1139 1142 1164 1184 s.
1194 1119 1298 1202 Joseph
1354 1168 1355 1171 η

231 1215 431 1297 conjugium,
462 1215 515 1277 cui
536 1215 644 1280 omnia
672 1215 736 1279 alia
758 1216 873 1280 cedere
903 1216 1045 1281 debeant
1067 1219 1223 1301 conjugia.
1260 1218 1297 1281 Eo
1350 1246 1354 1283 :

1352 1310 1353 1342 l

232 1447 355 1500 monium
381 1447 410 1500 iu
437 1448 499 1516 lege
525 1450 640 1501 naturae
667 1450 696 1501 et
721 1447 825 1515 scripta
852 1446 936 1500 fuisse
962 1464 1059 1502 verum
1085 1448 1298 1513 Sacramentum),
1352 1439 1353 1470 ³

231 1530 438 1586 matrimonium
460 1530 680 1586 antechristum
703 1528 878 1585 contractum
898 1532 1012 1598 proprie
1030 1531 1237 1586 Sacramentum
1255 1548 1298 1584 nou
1352 1581 1353 1584 ,

231 1613 297 1680 fuit3
322 1613 352 1666 in
374 1631 456 1668 sensu
476 1629 543 1667 vero
565 1613 660 1665 latiori
677 1611 769 1680 potuit
791 1612 830 1666 ita
852 1613 1002 1678 nominari,
1027 1614 1093 1681 quia
1110 1613 1300 1668 matrimonium
1351 1645 1356 1683 1

166 1751 167 1756 ,
232 1695 262 1748 in
283 1695 344 1763 ipso
366 1695 544 1749 innocentiae
566 1698 640 1748 statu
663 1693 888 1762 conjunctionem
906 1693 1009 1748 Christi
1031 1711 1095 1749 cum
1112 1697 1238 1751 Ecclesia
1256 1696 1300 1762 sig·

231 1777 369 1842 nificavit,
393 1777 434 1831 uti
456 1778 548 1831 elucet
570 1793 604 1830 ex
628 1777 695 1830 Gen.
713 1775 753 1842 ll,
777 1779 809 1830 23
832 1792 875 1844 sq:
902 1775 981 1842 „Hoc
1004 1795 1079 1832 nuuc
1102 1795 1133 1833 os
1155 1797 1189 1832 ex
1210 1779 1300 1833 ossibus
1352 1777 1356 1782 ”

232 1859 302 1912 meis
327 1863 355 1914 et
379 1875 443 1912 caro
469 1859 504 1912 de
526 1875 610 1912 carne
632 1876 694 1912 mea
696 1899 826 1914 ......
862 1859 1047 1927 Quamobrem
1071 1861 1210 1930 relinquet
1230 1861 1298 1914 hono

153 1987 158 2014 ,
232 1945 341 2009 patrem
358 1957 436 1994 suum
454 1947 483 1995 et
499 1947 632 2006 matrem,
655 1946 684 1996 et
700 1941 864 1996 adhaerebit
880 1942 962 1996 uxori
985 1960 1050 1996 suae
1069 1947 1098 1997 et
1115 1948 1197 1998 erunt
1213 1943 1262 1997 duc
1277 1944 1299 1996 in
1352 1973 1353 2008 ς

233 2038 317 2078 carne
334 2023 418 2076 uns.“
445 2022 557 2091 lnquae
574 2024 665 2078 verba
677 2024 933 2092 s.Hieronymus
952 2024 987 2078 ad
1001 2025 1073 2092 Eph.
1087 2041 1131 2094 cp.
1146 2029 1172 2081 5:
1190 2026 1301 2092 „Primus
1350 2026 1353 2090 ᾖ

233 2105 327 2171 homo,
349 2106 453 2174 inquit,
477 2112 505 2160 et
522 2107 627 2176 primus
644 2110 721 2162 vates
739 2107 829 2160 Adam
846 2107 893 2162 hic
910 2109 945 2162 de
963 2108 1073 2163 Christo
1091 2116 1121 2164 et
1137 2109 1172 2162 de
1189 2108 1302 2164 Ecclesia

232 2189 437 2257 prophetavit.“
457 2190 567 2258 ‘Neque
590 2191 673 2244 aliter
693 2191 817 2258 loquitur
842 2190 868 2244 d.
892 2189 1102 2258 Augustinus
1125 2190 1172 2256 (de
1193 2191 1256 2245 (len.
1274 2188 1302 2242 sd

233 2270 282 2326 lib.
300 2271 348 2337 lx,
367 2287 409 2340 cp.
430 2273 492 2337 19.):
517 2273 679 2341 „Evigilans
697 2272 821 2326 Adamas
844 2289 879 2324 ex
897 2273 986 2326 extasi
1007 2277 1139 2340 tanquam
1156 2273 1301 2342 prophetiae

233 2355 345 2422 plenus;
378 2343 462 2421 ouum
492 2352 527 2407 ad
553 2371 583 2408 se
615 2353 764 2408 adductam
789 2357 894 2408 costam
920 2355 1067 2407 mulierem
1096 2372 1174 2409 suam
1199 2356 1302 2420 videret,

233 2436 372 2491 eructavit
396 2429 541 2504 continuo,
555 2436 640 2505 .qaod
664 2432 796 2504 magnum
818 2436 1026 2490 Sacramentum
1051 2439 1226 2492 commendat
1241 2440 1302 2506 Apo·
1355 2505 1356 2512 ἵ

233 2518 335 2573 stolus:
368 2517 446 2584 „Hoc
472 2535 546 2572 nunc
575 2535 605 2572 os
632 2535 666 2572 ex
692 2517 799 2572 ossibus
825 2518 921 2573 meis.“
964 2519 1056 2586 Quare
1082 2520 1302 2574 catechismus

233 2602 400 2656 Romanus
426 2602 464 2670 (p.
486 2600 523 2666 ll,
547 2601 571 2669 ξ.
593 2600 681 2667 XXII,
705 2600 756 2670 sq.)
781 2600 816 2654 de
838 2600 894 2656 illis
918 2602 1103 2656 matrimoniis
1127 2619 1187 2657 sese
1209 2604 1247 2657 ita
1265 2618 1303 2654 ex·
1355 2619 1356 2626 ,

233 2685 339 2753 primite
357 2684 515 2758 „Quantum
530 2684 701 2738 matrimonii
716 2683 925 2738 Sacramentum
940 2684 973 2736 iis
989 2684 1174 2739 matrimoniis
1187 2686 1303 2754 praestet,

233 2784 303 2836 quae
327 2771 393 2821 ante
415 2767 460 2821 vel
481 2772 545 2836 post
567 2766 657 2836 legem
680 2767 746 2820 iniri
771 2765 910 2832 solebant,
936 2783 972 2819 ex
997 2784 1029 2819 eo
1051 2767 1119 2822 licet
1141 2780 1302 2836 cognoscere,

234 2849 309 2917 quod
337 2849 390 2902 etsi
420 2853 517 2916 gentes
542 2849 720 2903 matrimonio
746 2847 835 2902 divini
866 2848 971 2916 aliquid
996 2849 1086 2902 inesse
1112 2850 1304 2904 arbitrabantur

231 2935 316 3000 'atque
339 2932 375 2985 ob
399 2948 459 2986 eam
481 2948 540 2984 rem
563 2948 647 3000 vagos
672 2931 837 2988 concubitus
858 2947 875 2983 a
898 2935 1013 2986 naturae
1038 2931 1100 3000 lege
1124 2932 1228 2986 alienos
1249 2943 1304 2991 esse,
1350 2942 1356 3045 ι

1350 3064 1354 3099 u

122 3101 124 3106 '
230 3095 408 3164 judicabant,
425 3100 520 3151 tamen
537 3113 634 3150 eorum
652 3096 792 3150 connubia
810 3096 916 3150 nullam
935 3112 1048 3163 prorsus
1071 3097 1243 3154 Sacramenti
1257 3093 1303 3150 vim
1350 3087 1356 3133 l

234 3177 399 3234 hahuerunt.
1355 3145 1356 3174 u

301 3261 383 3330 Apud
400 3243 523 3315 ludaeos
549 3278 614 3314 vero
638 3261 783 3330 religiosos
807 3262 920 3315 omnino
939 3262 1097 3329 nuptiarum
1121 3262 1198 3330 leges
1214 3256 1303 3315 seruari
1353 3256 1354 3280 l

234 3347 436 3397 consueverant
461 3359 550 3411 neque
576 3342 775 3410 dubitandum,
802 3345 870 3412 quin
897 3360 993 3397 eornm
1018 3345 1197 3399 matrimonia
1220 3336 1303 3410 majori
1353 3405 1354 3428 Χ

234 3427 384 3479 sanctitate
406 3426 534 3493 praedita
557 3430 656 3480 essent.
696 3426 786 3494 Quum
811 3427 883 3480 enim
905 3426 1119 3495 promissionem
1139 3425 1303 3495 accepissent
1353 3429 1354 3472 ξ

234 3508 294 3562 fore
312 3501 468 3577 aliquando,
485 3514 518 3564 ut
534 3514 745 3577 omnesgentes
761 3510 791 3563 in
811 3510 916 3564 semine
933 3508 1060 3562 Abrahae
1077 3509 1303 3566 benedicerentur,

234 3586 352 3660 magnae
377 3592 450 3668 apud
476 3608 522 3648 eos
546 3593 661 3662 pietatis
690 3591 814 3648 officium
840 3594 940 3648 meritc
968 3609 1029 3648 esse
1053 3592 1216 3659 videbatur,
1245 3589 1303 3644 finos
1353 3625 1354 3640 n

234 3674 392 3742 procreare,
410 3675 493 3729 electi
509 3676 607 3745 populi
624 3675 757 3742 sobolem,
775 3693 810 3730 ex
829 3692 884 3744 qua
901 3675 1026 3731 Christus
1043 3675 1178 3731 Dominus
1195 3675 1303 3730 Salvator

233 3762 341 3822 noster,
365 3758 439 3826 quod
456 3758 493 3812 sd
509 3758 656 3812 humanam
680 3763 809 3813 naturam
826 3759 942 3825 attinet,
967 3761 1060 3813 ortum
1077 3756 1222 3812 habiturus
1237 3755 1303 3816 esset,

234 3856 405 3910 propagare,
428 3841 478 3896 sed
494 3841 559 3895 illae
577 3858 684 3910 quoque
707 3841 918 3912 conjunctiones
940 3857 1008 3896 vera
1025 3839 1198 3895 Secu-amenti
1212 3838 1302 3894 ratione

235 3922 411 3978 caruerunt.“

303 4007 322 4072 ¹)
340 4005 428 4075 Super
445 4004 467 4063 1.
483 4006 585 4064 Matth.
