2718 4556
753 349 812 410 282

242 512 326 578 nulli
356 512 469 576 Patres
501 510 535 573 in
567 509 633 573 suis
665 510 725 574 hac
762 511 801 574 de
833 532 868 574 re
906 510 1181 593 disputationibus
1212 510 1299 592 prima

242 611 350 676 fronte
378 611 465 675 inter
493 630 527 674 se
556 609 740 691 discrepare
768 609 956 688 videantur,
989 610 1050 674 hoc
1079 610 1300 675 matrimonium

243 710 339 775 modo
375 709 572 793 perfectum,
611 707 706 772 modo
745 707 971 790 imperfectum
1007 708 1108 774 fuisse
1146 717 1300 774 censentes.

245 810 293 873 De
314 809 472 874 relatione
502 807 651 890 copulam
680 829 737 871 seu
764 808 1026 872 commixtionem
1054 809 1216 873 carnalem
1235 809 1302 872 inter

244 916 279 973 et
306 905 547 994 matrimonium
576 907 749 985 existente,
780 929 880 988 quum
905 908 974 990 jam
1001 929 1101 989 supra
1129 907 1229 972 fusius
1253 908 1301 971 dis-

244 1007 449 1084 seruerimus,
472 1027 555 1088 quae
577 1012 767 1089 sequuntur,
791 1007 986 1089 subjungere
1008 1006 1115 1072 liceat.

306 1105 479 1188 Triplicem
500 1106 534 1169 in
555 1106 761 1170 matrimonio
788 1106 987 1188 distinguere
1007 1128 1179 1188 possumus
1199 1106 1302 1189 perfec·

245 1205 383 1269 tionem:
405 1204 659 1269 substantiae
678 1227 804 1288 nempe,
823 1205 1145 1287 significationis
1162 1215 1200 1272 et
1215 1207 1302 1270 finis.

244 1303 445 1368 Matrimonii
473 1303 657 1368 substantia
684 1325 741 1368 seu
764 1305 904 1369 essentia
932 1305 966 1368 in
986 1311 1101 1369 mutuo
1124 1307 1166 1370 ad
1188 1326 1303 1388 corpora

245 1424 402 1468 consensu
423 1423 482 1485 per
502 1403 601 1466 rerba
623 1403 662 1467 de
684 1405 850 1485 praesenti
875 1404 926 1468 vel
951 1426 1010 1487 per
1038 1405 1131 1486 signa
1159 1405 1303 1488 aequipol-

244 1504 346 1566 lentia
364 1522 516 1589 expresso
535 1503 692 1566 consistit.
716 1503 898 1567 Secundum
915 1504 1131 1568 substantiam
1144 1505 1304 1587 perfectum

244 1603 345 1668 fuisse
366 1602 622 1680 matrimonium,
653 1601 692 1665 de
715 1624 778 1685 quo
800 1603 894 1666 nobis
916 1624 1035 1681 sermo,
1057 1625 1153 1667 nemo
1176 1611 1236 1682 est,
1261 1603 1305 1685 qui

243 1705 372 1786 ignoret
396 1702 448 1767 vel
472 1703 506 1765 in
535 1701 671 1765 dubium
699 1723 850 1766 revocare
878 1703 1006 1767 audeat.
1050 1703 1139 1767 Data
1166 1704 1247 1768 enim
1265 1709 1304 1766 est

245 1810 279 1867 et
307 1803 472 1886 utrimque
506 1807 642 1883 accepta
670 1822 840 1883 corporum
867 1807 1027 1883 potestas,
1061 1802 1236 1885 datumque
1261 1801 1305 1864 do·

244 1903 381 1967 minium
411 1902 571 1965 directum
599 1901 758 1982 ipsorum,
789 1901 933 1983 quamvis
962 1922 1002 1965 ex
1029 1908 1144 1965 mutuo
1166 1921 1307 1966 consensu

245 2023 265 2065 a
287 2001 428 2065 dominic
450 1999 538 2078 utili,
563 1999 671 2083 quoad
694 2021 788 2067 usum
810 1999 959 2082 copulae,
983 2001 1046 2064 imo
1070 2007 1104 2065 et
1125 2023 1145 2065 a
1166 2021 1307 2066 consensu

246 2101 398 2182 explicito
420 2100 455 2162 in
474 2099 566 2163 illam
586 2098 687 2162 fuerit
708 2105 903 2181 separatum.
990 2094 992 2096 ’

311 2198 404 2276 Quod
425 2199 468 2262 ad
496 2197 813 2279 significationis
838 2197 1072 2280 perfectionem
1093 2199 1222 2274 attinet,
1244 2197 1307 2261 huic

246 2297 452 2361 matrimonio
489 2296 620 2378 quidem
656 2296 781 2380 aliquid
818 2296 939 2374 defuit,
980 2297 1100 2379 quippe
1137 2297 1223 2380 quod
1254 2317 1308 2360 non

245 2401 418 2478 utramque
446 2393 567 2459 Christi
596 2417 668 2459 cum
689 2394 835 2459 Ecclesia
863 2396 1016 2460 unionem
1044 2395 1213 2478 significet.
1253 2395 1308 2458 Du·

245 2495 321 2577 plex
341 2496 399 2559 illa
421 2495 633 2585 distinguitur
654 2493 747 2558 unio:
772 2514 836 2557 una
856 2515 916 2576 per
942 2495 1111 2576 gratiam
1139 2501 1173 2560 et
1199 2493 1309 2559 chari·

245 2601 378 2672 tatem,
408 2593 513 2658 altera
538 2615 598 2676 per
625 2615 787 2658 carnem.
831 2592 892 2657 Illa
919 2583 972 2656 est
996 2593 1179 2658 essentialis
1206 2600 1238 2658 et
1257 2592 1309 2673 sig·

245 2693 398 2758 nificatur
439 2693 538 2757 etiam
575 2714 635 2776 per
674 2692 918 2757 matrimonium
958 2698 1083 2770 ratum,
1126 2693 1207 2757 haec
1245 2711 1309 2756 vero

245 2792 456 2858 accidentalis
485 2814 544 2857 nec
573 2791 774 2875 significatur
802 2793 865 2856 nisi
890 2813 950 2874 per
977 2792 1220 2863 matrimonium
1247 2813 1309 2856 eon·

245 2899 450 2970 summatum,
473 2892 507 2954 in
529 2913 593 2974 quo
614 2890 653 2956 fit
673 2892 750 2956 unio
771 2913 831 2974 per
855 2912 993 2956 carnem.
1038 2891 1190 2968 Quamvis
1209 2889 1310 2956 matri·

244 2992 389 3056 monium
420 2991 603 3055 Marianum
634 2992 787 3055 unionem
825 2991 984 3074 significet
1020 3012 1079 3072 per
1119 2992 1309 3066 charitatem,

244 3113 310 3156 non
331 3099 442 3156 tamen
463 3091 616 3154 unionem
636 3113 696 3174 per
714 3098 881 3155 naturam.
925 3092 985 3155 Ast
1005 3091 1067 3154 hac
1089 3091 1310 3174 significatione

233 3190 388 3255 ¹naturali
409 3211 467 3254 seu
488 3190 681 3254 accidentali
700 3211 765 3254 non
789 3190 978 3272 oportebat3
1007 3211 1083 3254 nam
1103 3191 1209 3255 coitus
1232 3211 1269 3254 er
1286 3185 1311 3248 ii

245 3295 338 3354 actus
359 3290 558 3354 matrimonii
574 3289 775 3354 necessarius
792 3312 858 3354 non
876 3290 948 3354 fuit.
983 3289 1176 3372 Oonjugium
1194 3287 1311 3372 quidem

246 3389 368 3453 directe
401 3388 443 3452 ad
470 3388 705 3471 procreandam
733 3388 858 3472 prolem
889 3387 1087 3467 instituitur,
1122 3388 1181 3452 sed
1208 3388 1235 3452 si
1264 3384 1311 3449 illa

244 3488 361 3552 haberi
389 3492 499 3570 potest
527 3488 595 3552 sine
625 3489 728 3566 coitu,
762 3488 812 3552 uti
840 3487 893 3550 hic
921 3486 1072 3568 contigit,
1105 3492 1185 3550 tunc
1213 3483 1311 3549 matri-

245 3588 389 3652 monium
409 3587 512 3651 multo
534 3587 592 3651 fiet
613 3587 789 3650 honestius.
833 3585 942 3666 „Haec
964 3584 1058 3662 enim,
1078 3584 1186 3667 inquit
1206 3605 1230 3648 s.
1252 3583 1311 3646 Au-

245 3687 438 3769 gostinus,
450 3689 474 3770 ¹)
501 3687 650 3751 beatiora
672 3685 821 3769 conjugia
839 3685 1016 3768 judicanda
1037 3688 1127 3762 sunt,
1151 3704 1235 3767 quae
1255 3681 1310 3745 sire

244 3784 321 3850 filiis
341 3786 537 3868 procreatis,
567 3784 633 3857 sive
654 3784 718 3849 ista
739 3784 840 3848 etiam
860 3790 992 3848 terrena
1013 3783 1104 3865 prole
1127 3788 1310 3864 contempta

313 4003 332 4072 ¹)
349 4003 389 4056 Da
405 4019 485 4056 serm.
503 3999 614 4055 Domini
632 4000 661 4053 in
677 4005 772 4054 monto
788 3999 838 4054 lib.
856 3998 889 4054 11.
