2730 4564
555 337 612 398 169

49 494 270 561 benedictione
298 495 438 560 maxima
464 497 657 579 ponebatur.
700 498 812 580 „Uxor
837 505 910 579 tua,
940 499 1025 564 sicut
1045 500 1122 566 vitis

50 593 212 660 abundans
234 594 270 668 in
290 593 449 659 lateribus
472 595 585 660 domus
606 603 701 676 tuae3
722 595 782 662 filii
799 598 850 663 tui
871 598 956 664 sicut
975 598 1122 664 novellae

51 693 201 758 olivarum
222 693 257 758 in
279 693 417 758 circuitu
438 715 568 760 mensae
589 695 698 760 tuaest

105 807 229 885 Quibus
251 829 315 872 non
337 809 543 874 obstantibus
565 802 738 876 dicendum
760 816 809 876 est
905 819 910 830 ‘

107 943 134 987 a.
171 943 210 986 ex
242 921 383 1005 allegato
413 924 659 990 Deuteronomii
687 932 781 991 textu
809 932 1020 1010 praeceptum
1048 949 1123 992 con·

50 1021 196 1086 trahendi
223 1022 466 1087 matrimonium
495 1024 611 1088 deduci
638 1045 703 1088 non
723 1045 832 1107 posse,
863 1026 914 1090 uti
933 1027 1001 1109 jam
1023 1047 1063 1090 ex
1084 1047 1122 1091 eo

51 1127 189 1203 apparet,
213 1121 301 1205 quod
322 1143 472 1204 expresse
494 1130 707 1188 memoretur:
737 1127 863 1207 „neque
884 1124 918 1187 in
938 1123 1124 1189 hominibus

50 1241 170 1303 neque
191 1221 231 1284 in
252 1220 439 1303 gregibus
460 1222 542 1286 tuis
569 1222 690 1288 sterilis
711 1223 804 1288 erit.“
846 1221 932 1287 Num
952 1223 1125 1306 pecoribus

51 1318 167 1401 imponi
187 1320 310 1402 poterit
331 1321 565 1403 praeceptum?
598 1311 602 1330 '
747 1401 749 1404 Ι

105 1434 136 1498 b.
167 1434 255 1500 Bene
276 1436 483 1502 attendamus
505 1458 635 1503 necesse
657 1437 770 1502 estad
792 1435 1010 1502 differentiam
1038 1437 1124 1502 inter

52 1534 311 1600 sterilitatem
339 1541 373 1600 et
400 1536 691 1601 continentiam
720 1537 739 1600 i.
769 1557 795 1600 e.
824 1535 1056 1601 abstinentiam
1081 1536 1122 1600 ab

52 1652 107 1694 usu
134 1632 270 1715 copulae
302 1641 337 1699 et
364 1634 405 1698 ab
439 1657 536 1719 opere
565 1636 792 1719 generationis.
840 1634 929 1700 Haec
956 1633 1125 1718 praecepti

54 1728 210 1812 objectum
242 1753 312 1796 esse
338 1740 462 1816 potest;
494 1755 559 1799 non
590 1755 667 1800 vera
698 1734 770 1814 illa,
803 1755 886 1818 quae
917 1756 984 1799 non
1016 1736 1059 1800 sit
1090 1735 1124 1799 in

53 1827 185 1894 hominis
205 1836 378 1913 potestate.

110 1966 135 2008 c.
174 1945 247 2010 Non
280 1947 403 2012 omnis
437 1948 641 2014 sterilitas
679 1955 766 2014 erat
797 1948 1060 2032 ignominiosa
1092 1955 1126 2014 et

56 2043 219 2124 probrosa,
248 2044 306 2109 sed
327 2053 457 2111 tantum
478 2047 634 2112 sterilitas
661 2068 701 2112 ex
727 2047 965 2131 impotentia
991 2054 1065 2113 orta
1087 2049 1127 2112 in

55 2143 288 2226 conjugatis,
319 2147 375 2229 qui
403 2168 504 2229 quum
529 2147 664 2225 uellent,
693 2167 848 2230 generare
877 2167 942 2211 non
962 2146 1124 2212 valebant.

56 2237 136 2306 Deus
175 2242 261 2307 enim
291 2246 437 2326 personis
474 2245 679 2310 matrimonio
713 2245 835 2327 junctis
866 2244 1126 2311 benedictionem

55 2340 211 2420 promisit,
242 2341 270 2406 si
290 2341 410 2425 legem,
440 2343 644 2409 custodirent
672 2343 831 2424 divinam3
862 2343 954 2427 prole
976 2365 1051 2428 ergo
1074 2343 1127 2410 ca-

57 2445 157 2503 rentes
179 2461 199 2504 a
220 2440 289 2506 Deo
311 2442 420 2525 puniri
442 2442 666 2507 censebantur.
681 2443 705 2525 ¹)

61 2581 250 2592 ——-—--

117 2655 137 2719 ¹)
156 2653 210 2709 Csr.
226 2654 307 2710 Deut.
325 2654 390 2722 vll,
408 2658 447 2710 12.
481 2655 514 2709 ln
534 2657 565 2711 V.
583 2655 759 2709 Testamento
783 2655 870 2724 aliqui
886 2660 1001 2726 propter
1017 2655 1126 2724 culpam

57 2750 126 2790 suam
149 2736 282 2790 carebant
298 2738 390 2806 prole,
414 2739 455 2791 ita
478 2743 509 2791 ut
534 2737 666 2792 sterilitas
690 2744 762 2792 esset
785 2755 875 2807 poena
899 2738 1020 2806 peccati;
1043 2737 1127 2805 aliqui

57 2816 111 2870 sine
132 2835 180 2872 sua
201 2819 291 2887 culpa.
326 2819 428 2873 Prioris
448 2821 558 2888 generis
582 2823 661 2872 erant
678 2836 704 2876 v.
721 2837 748 2887 g.
782 2819 944 2874 Abimeleoh
965 2825 994 2874 et
1011 2818 1126 2875 Michol:

57 2897 133 2967 haee,
157 2902 221 2970 quia
236 2901 372 2956 Davidem
396 2909 489 2956 coram
507 2902 618 2956 Domini
635 2918 701 2956 arca
725 2901 873 2958 saltantem
898 2903 1044 2970 deriserat3
1069 2902 1126 2968 ille,

58 2983 126 3050 quod
155 2984 283 3038 Abrahae
313 3001 390 3038 suam
421 2985 569 3053 eripuisset
598 3001 722 3038 uxorem.
768 2986 965 3050 „concluserat
994 2985 1128 3039 Dominus

57 3082 161 3122 omnem
176 3069 286 3124 vulvam
304 3068 401 3122 domus
417 3067 581 3123 Abimelech
597 3074 713 3139 propter
729 3069 825 3123 Seram
841 3083 956 3122 uxorem
972 3065 1129 3120 Abrahae.“

59 3147 121 3204 Gen.
146 3151 209 3217 XX,
235 3153 275 3206 18.
317 3151 481 3206 Posterioris
507 3153 618 3220 generis
644 3151 757 3207 fuerunt
782 3169 807 3206 v.
833 3169 859 3220 g.
886 3151 965 3215 Sara,
992 3149 1128 3214 Rebecca,

58 3231 168 3300 Rachel,
194 3237 288 3298 Anna,
315 3234 467 3290 Elisabeth.
509 3233 606 3302 Longo
632 3238 757 3302 tempore
783 3239 895 3287 sanctae
920 3232 972 3286 hae
997 3230 1128 3285 mulieres

59 3312 130 3368 fuere
147 3317 255 3370 steriles
273 3332 327 3370 non
346 3321 460 3384 propter
477 3333 552 3370 snam
573 3317 695 3384 eulpam,
719 3316 768 3369 sed
786 3317 850 3384 quia
866 3315 940 3369 Deus
957 3330 1028 3368 novo
1046 3313 1129 3366 mira·

60 3397 117 3450 culo
131 3399 249 3452 voluerit
265 3397 420 3464 ostendere,
434 3397 514 3463 filios,
530 3397 577 3466 qui
593 3415 628 3452 ex
643 3398 699 3451 illis
715 3404 903 3463 nascerentur,
917 3397 969 3451 Dei
983 3395 1129 3462 beneficio,

59 3493 111 3531 non
134 3486 247 3534 naturae
271 3480 376 3534 viribus
401 3496 460 3534 esse
484 3484 571 3534 natos.
605 3479 657 3534 Cfr.
684 3479 786 3534 Becani
810 3481 947 3550 Analogia
969 3479 1071 3534 veteris
1095 3493 1129 3532 ae

60 3562 120 3614 novi
144 3562 301 3618 testamenti
326 3579 369 3631 ep.
395 3562 420 3629 1,
447 3579 473 3632 q.
499 3562 577 3626 XXI,
603 3580 629 3617 n.
656 3565 679 3618 7.
718 3564 823 3631 Quibus
849 3561 1032 3627 concordent,
1059 3577 1130 3630 quae

61 3642 107 3698 cla.
131 3644 234 3700 Martia
264 3645 350 3700 habet
379 3647 408 3700 in
439 3662 488 3700 sua
522 3645 678 3718 „perursit
706 3647 749 3702 tea
778 3647 857 3703 blten
886 3645 938 3702 aab
970 3645 1012 3702 het
1041 3643 1130 3701 Deum

3 3717 4 3722 ’
60 3724 221 3790 bataneotes
238 3745 299 3798 pag.
318 3730 388 3785 160.“
427 3729 598 3798 „martiana
615 3729 725 3796 scribit.
742 3729 797 3798 qut
814 3729 880 3796 uttbt
896 3728 935 3785 bie
951 3726 1130 3795 Uubuqtbur*

60 3807 101 3864 bit
124 3809 147 3866 b.
162 3809 186 3878 Ι).
203 3811 242 3867 bie
258 3809 462 3882 tttntettottqbtt
479 3812 633 3880 tharbuam,
659 3812 718 3869 eber
741 3812 780 3868 tir
796 3809 1013 3879 llutmtttbrrteit
1035 3807 1065 3865 to
1089 3809 1132 3866 het

61 3889 108 3958 the
131 3892 171 3948 ult
195 3894 247 3950 eine
270 3895 389 3962 bamoth
413 3902 459 3951 bor
483 3895 529 3950 ten
546 3893 691 3961 lllrnlttrn.
715 3894 746 3951 bu
770 3894 837 3952 cort
861 3893 907 3950 bra
922 3891 1132 3961 arctamenta

61 3971 132 4038 litate
148 3975 248 4049 belabat
264 3977 343 4034 neten
363 3977 470 4033 naheren
486 3975 610 4046 territam
628 3977 784 4046 &equuuqm
801 3975 839 4032 so
857 3972 1045 4047 stratheren
1061 3975 1131 4042 itaer
