2772 4550
560 340 618 399 537

50 498 261 581 praeparavit.
311 496 374 562 Per
405 498 496 563 illam
525 505 598 563 ooto
632 500 759 564 animae
789 506 919 565 tantum
951 501 1127 580 salvantur,

50 617 105 680 per
122 598 219 664 istam
237 618 348 663 omnes
367 597 411 661 ad
426 603 594 663 aeternam
612 598 712 662 vitam
731 599 830 682 (quae
848 621 908 683 per
925 601 1128 666 octonarium

50 719 216 790 numerum
243 695 427 781 significata
448 698 512 778 est)
540 703 706 763 vocantur.
749 698 811 762 Per
839 697 929 763 illam
950 720 1129 782 paucorum

50 797 133 864 lacta
162 804 213 863 est
233 795 402 875 liberati03
431 817 491 878 per
518 796 616 860 istam
643 797 776 861 humani
803 799 931 881 generis
951 789 1128 863 'salvatiof‘

51 897 94 978 „0
112 898 218 984 horno,
231 895 394 961 exclamat
402 897 425 978 ¹)
445 895 532 960 idem
548 896 807 962 ferventissimus
818 895 985 962 Marianus
1001 919 1128 980 praeeo,

49 1020 194 1063 securum
215 995 317 1062 habes
338 1016 505 1060 aceessum
532 995 574 1061 ad
598 996 718 1074 Deum,
748 995 805 1060 ubi
826 995 934 1060 Mater
961 1001 1029 1060 stat
1050 1002 1127 1060 ante

49 1097 171 1176 Filium,
192 1103 226 1161 et
242 1096 344 1160 Filius
363 1102 439 1160 ante
456 1094 602 1161 Patrem:
625 1095 733 1160 Mater
751 1095 896 1161 ostendit
911 1095 994 1160 Filio
1012 1102 1127 1178 pectus

49 1202 80 1260 et
106 1195 217 1273 ubera,
248 1194 348 1259 Filius
378 1193 523 1258 ostendit
543 1192 635 1259 Patri
663 1195 750 1259 latus
781 1201 814 1258 et
843 1194 986 1258 vulnera.
1028 1193 1128 1258 Nulla

49 1316 119 1377 ergo
141 1293 267 1377 poterit
294 1313 364 1358 esse
387 1294 531 1375 repulsa,
561 1293 616 1358 ubi
647 1299 698 1359 tot
719 1298 917 1358 concurrunt
938 1293 1058 1356 amoris
1080 1292 1128 1356 in·

50 1395 180 1477 signia.“
270 1443 272 1450 ,

104 1492 288 1558 Veritatem
323 1491 407 1555 hano
439 1511 498 1572 per
530 1496 672 1572 quatuor
707 1491 795 1555 orbis
828 1489 941 1572 plagas
976 1491 1127 1554 intonare

46 1593 133 1674 eupit
184 1592 333 1656 Doctor
382 1589 631 1672 Seraphieus.
704 1587 845 1669 „Audite
891 1588 973 1653 haee
1014 1611 1125 1654 omnes

47 1699 166 1772 gentes,
200 1689 323 1766 scribit,
333 1689 358 1769 ²)
391 1686 525 1752 auribus
557 1688 726 1770 percipite,
760 1688 818 1770 qui
848 1687 975 1770 ingredi
1007 1688 1127 1769 cupitis

48 1811 181 1873 regnum
210 1789 288 1852 Dei:
322 1787 487 1869 Virginem
515 1786 654 1850 Mariam
681 1786 856 1864 honorate,
892 1793 926 1851 et
954 1787 1127 1851 invenietis

47 1890 145 1954 vitum
173 1896 207 1953 et
229 1887 369 1952 salutem
395 1891 597 1968 perpetuam.
642 1885 768 1968 Quippe
797 1886 868 1968 ipsa
895 1886 954 1968 pie·
977 1886 1128 1950 invocata

48 1997 94 2054 est
116 1989 245 2069 signnm
265 1985 360 2050 nobis
381 1983 424 2048 ad
445 1983 586 2048 salutem
610 2006 631 2047 a
652 1984 790 2048 Domino
813 1983 957 2068 datum.“
1002 1984 1128 2050 Similia

48 2087 207 2152 declamat
236 2108 260 2149 s.
289 2082 561 2149 Bernardinus
591 2083 814 2163 Senensis3)
845 2105 963 2148 vocans
994 2083 1024 2147 b.
1055 2084 1128 2147 Vir·

47 2188 151 2268 ginem
197 2186 325 2267 signum
361 2183 533 2265 virginale,
584 2183 673 2266 quod
719 2183 873 2265 apparuit
891 2175 893 2179 ⁸
910 2190 943 2247 et
980 2183 1127 2266 quotidie

47 2292 182 2368 apparet
204 2286 238 2347 in
260 2284 351 2348 eoelo
373 2283 515 2360 animae,
546 2282 676 2365 quando
705 2283 830 2350 seilicet
852 2283 990 2367 quilibet
1008 2285 1125 2366 justus,

47 2406 101 2449 seu
126 2389 281 2466 peooator
309 2381 490 2446 devotionis
511 2381 652 2464 Virginis
681 2403 746 2446 non
773 2389 824 2448 est
845 2382 984 2460 oblitus,
1013 2381 1126 2446 sedin

47 2483 105 2547 hoe
137 2482 220 2547 mari
256 2481 377 2547 saeculi
409 2480 563 2563 perieulis
595 2480 692 2563 pleno
725 2480 906 2546 devotionis
941 2481 1052 2546 oeulos
1084 2481 1127 2545 ad

47 2581 185 2646 Mariam
207 2585 397 2645 constanter
417 2578 512 2642 levat.

107 2680 212 2744 Sicuti
241 2677 479 2761 praedestinati
509 2678 631 2743 Christi
659 2680 790 2744 Domini
821 2682 995 2764 imaginem
1022 2682 1127 2746 bumi-

46 2779 140 2844 litate
168 2786 203 2843 et
225 2778 378 2844 castitate
400 2778 434 2842 in
460 2799 494 2842 se
524 2778 705 2860 exprimere
734 2780 869 2858 debent,
899 2781 947 2846 ita
975 2787 1009 2845 et
1032 2781 1126 2845 ineo

48 2879 218 2962 imaginem
238 2877 362 2942 Christi
378 2883 507 2959 gestare
526 2876 656 2955 debent,
676 2884 714 2943 ut
735 2879 820 2944 siout
837 2879 893 2943 ille
911 2880 942 2943 b.
960 2879 1127 2962 Virginem

47 2985 214 3062 tamquam
245 2998 354 3041 veram
386 2975 526 3040 Matrem
557 2976 766 3059 singulariter
797 2978 899 3043 coluit
931 2985 964 3043 et
996 2979 1125 3055 amavit,

47 3077 93 3142 ita
115 3083 148 3142 et
169 3075 233 3159 ipsi
254 3075 390 3140 eandem
418 3074 575 3157 singulari
597 3075 687 3139 oultu
716 3082 750 3141 et
771 3077 890 3141 amoris
911 3075 1032 3142 affeetu
1053 3098 1127 3160 pro-

48 3176 269 3259 sequantur.⁴)
300 3174 393 3251 Quod
418 3174 447 3238 si
469 3173 535 3251 fiet,
552 3174 731 3256 peribimus
749 3195 924 3259 nunquam.
955 3175 1010 3257 „Si
1027 3174 1126 3257 diligo

48 3275 76 3338 b.
90 3274 257 3357 Virginem
273 3273 419 3352 Mariam,
440 3273 548 3337 dicere
570 3273 698 3338 solebat
719 3295 797 3338 ven.
817 3273 1125 3351 BerobmannuS,

47 3394 179 3438 securus
200 3393 272 3436 sum
294 3371 335 3436 de
357 3394 429 3436 mea
450 3372 586 3436 salute.“

106 3525 241 3532 ——---a—-·

114 3604 133 3670 ¹)
145 3571 241 3671 ⁴Super
257 3601 366 3656 Missus.
398 3603 419 3666 ²)
439 3563 476 3653 ln¹
489 3603 572 3670 psalt;
591 3619 630 3670 ps.
651 3601 776 3657 XLVlll.
814 3603 834 3666 ⁸)
854 3603 931 3657 Tem.
950 3601 971 3668 Ι,
988 3619 1069 3658 serm.
1087 3606 1127 3659 61.

45 3686 67 3750 ⁴)
84 3685 139 3740 Cfr.
156 3685 217 3740 Joe.
235 3684 270 3738 de
287 3684 460 3753 Carthagene
476 3685 525 3738 lib.
544 3683 647 3752 XVlll,
664 3685 736 3738 hom.
754 3687 778 3739 2.
