2728 4554
746 361 806 422 402

232 524 266 586 in
290 521 465 586 Zachariae
487 521 581 586 domo
603 526 733 585 versata
755 526 813 599 est,
838 541 939 605 quare
961 541 985 584 s.
1002 520 1205 604 Evangelista
1224 523 1296 587 hanc
1354 570 1357 650 p

232 621 451 703 praesentiam
472 640 537 683 non
565 617 778 701 significavit?
809 619 1010 684 Mentionem
1037 618 1172 686 facitet
1190 621 1296 686 vicino·

213 733 306 785 'rum
345 726 378 784 et
417 725 645 801 cognatorum,
688 719 744 802 qui
782 717 970 801 gratulandi
1009 739 1108 783 causa
1144 726 1295 798 venerunt,

234 817 393 902 numquid
414 817 538 882 Mariae
559 818 691 900 penitus
713 818 859 883 oblivisci
879 817 1011 902 potuit?

294 917 456 983 Probatur
478 920 506 980 2.
529 916 696 981 ratione.

294 1017 451 1082 Indecens
475 1017 604 1081 omnino
626 1015 769 1096 videtur,
792 1017 1016 1082 beatissimam
1034 1016 1202 1100 Virginem
1219 1024 1300 1083 tanta

233 1117 378 1200 puritate
406 1122 565 1198 tantaque
593 1114 770 1180 sanctitate
799 1121 989 1181 axomatam
1015 1116 1146 1180 mulieri
1173 1117 1296 1182 astitisse
1359 1169 1360 1174 ,

233 1215 384 1299 parienti.
445 1215 552 1292 Quare
593 1213 643 1278 ita
686 1213 800 1278 scribit
838 1213 1105 1297 Nicephorus:
1120 1215 1144 1297 ¹)
1189 1215 1297 1297 ,Quum
1359 1253 1360 1260 κ

234 1322 345 1379 autem
372 1314 408 1377 in
435 1312 580 1378 moribus
609 1319 708 1391 esset,
738 1318 776 1377 ut
803 1313 958 1396 virgines,
989 1334 1090 1396 quum
1111 1321 1221 1397 partus
1239 1334 1298 1396 gra-

233 1413 328 1479 vidae
357 1412 486 1478 mulieri
515 1419 549 1477 et
573 1412 641 1494 jam
661 1411 860 1495 parturienti
887 1412 1088 1491 immineret,
1118 1413 1296 1489 secederent,

234 1512 370 1577 tertium
386 1533 459 1576 cum
477 1531 516 1576 ea
531 1511 749 1595 (Elisabetha)
766 1517 896 1576 versata
913 1532 1057 1576 mensem
1076 1511 1207 1578 domum
1222 1531 1297 1577 suan
1353 1540 1354 1594 r

234 1611 442 1678 revertitur.“
1353 1621 1354 1624 ’

296 1709 362 1774 Alii
390 1708 471 1774 alias
503 1708 628 1773 reditus
660 1715 736 1774 ante
767 1710 975 1775 nativitatem
1002 1710 1148 1793 suscepti
1174 1709 1299 1775 rationes

234 1809 327 1873 nobis
349 1806 569 1890 suppeditant.
612 1806 790 1872 Audiamus
812 1830 839 1872 v.
860 1830 888 1891 g.
911 1808 1042 1874 Titum
1062 1809 1297 1874 Bostrensem

234 1905 468 1990 Episcopum.²)
505 1905 672 1986 ,Mansit
692 1912 831 1986 autem,
854 1909 971 1991 inquit,
991 1908 1119 1973 Maria
1139 1931 1222 1974 cum
1239 1906 1298 1971 illa
1353 1925 1360 1996 3³

235 2006 350 2091 quasi
386 2003 586 2069 mensibus
624 2005 785 2070 tribus.“
838 2006 908 2071 Hoc
940 2013 990 2072 est
1022 2009 1200 2092 tantisper,
1235 2007 1297 2071 dun
1359 2061 1360 2065 ,

234 2112 362 2187 tempus
383 2109 497 2186 partus
515 2102 724 2168 Elisabethae
745 2111 927 2187 appeteret.
965 2105 1077 2171 Rediit
1097 2115 1215 2185 autem,
1235 2105 1298 2190 quia
1351 2105 1360 2195 ἐξ

235 2205 321 2268 circa
342 2201 550 2266 Elisabethae
571 2208 702 2283 partum
730 2223 847 2286 magna
874 2203 1041 2268 hominum
1069 2206 1243 2271 multitudo
1266 2201 1297 2267 ad

233 2302 408 2368 Zachariae
427 2299 524 2365 aedes
543 2299 733 2365 confluxura
754 2307 841 2381 erat;
863 2302 962 2385 Virgo
981 2308 1093 2368 autem
1112 2304 1297 2368 sanctissima

233 2402 376 2485 virgineo
405 2399 548 2484 quodam
568 2399 693 2482 pudore
722 2406 815 2466 tenta
834 2400 1001 2465 hominum
1029 2410 1237 2485 conspectum
1255 2400 1297 2463 de
1359 2461 1360 2464 ,

234 2501 409 2567 clinabat.“
430 2498 554 2564 Eadem
569 2498 638 2563 fere
653 2499 808 2581 leguntur
827 2499 916 2583 apud
930 2499 1295 2584 Theophylactum:³)

235 2601 339 2685 ,Quia
370 2599 520 2683 paritura
553 2607 624 2664 erat
654 2598 838 2677 Elisabeth,
871 2599 1019 2664 abscedit
1051 2599 1151 2682 Virgo
1182 2604 1297 2684 propter
1351 2604 1360 2660 “,

233 2699 486 2776 multitudinem,
507 2698 563 2781 qui
584 2698 627 2762 ad
648 2704 779 2780 partum
801 2698 991 2762 conventuri
1013 2705 1116 2764 erant.
1160 2699 1296 2764 Indeceus

234 2805 346 2863 autem
373 2796 500 2878 Virgini
531 2795 565 2859 in
596 2795 719 2860 talibus
746 2795 878 2860 versari.
929 2797 1024 2874 Quod
1055 2804 1183 2877 autem,
1216 2813 1297 2880 quun

233 2897 382 2979 paritura
411 2899 497 2959 esset
524 2894 709 2973 Elisabeth,
738 2915 869 2960 reversa
897 2895 940 2959 sit
961 2895 1076 2978 Virgo,
1106 2896 1297 2962 manifestum

233 2995 309 3058 hinc
338 3000 402 3071 est,
433 2989 521 3075 quod
546 3013 656 3057 mense
685 2999 777 3058 sexto
806 2993 957 3077 concepti
977 2997 1201 3077 praecursoris
1225 2992 1297 3060 veuit
1359 3057 1360 3060 ,

234 3093 377 3176 Angelus
398 3091 441 3155 ad
461 3089 599 3154 Mariam
628 3096 662 3155 et
684 3091 805 3157 mansit
830 3091 889 3156 illa
917 3113 991 3157 cum
1011 3093 1184 3160 Elisabeth
1208 3092 1295 3159 tribus

234 3193 365 3258 circiter
396 3190 592 3254 mensibu·s.“
644 3190 710 3256 Cur
740 3191 846 3256 Maria
881 3213 948 3256 non
978 3189 1147 3272 interfuit,
1186 3188 1296 3276 quando
1359 3237 1360 3242 1

233 3289 404 3354 Elisabeth
424 3289 552 3371 peperit
572 3287 696 3353 filium?
728 3289 795 3355 Cur
815 3292 903 3355 tanti
923 3291 1048 3375 gaudii,
1078 3298 1191 3356 tantae
1211 3285 1297 3356 exsul·
1359 3353 1360 3360 ,

233 3387 368 3454 tationis
397 3386 610 3454 festivitatem
631 3410 697 3453 non
717 3389 897 3472 spectavit?
930 3389 997 3456 Gur
1024 3390 1202 3456 discessum
1220 3405 1296 3454 suum

233 3508 299 3552 non
321 3485 466 3564 distulit,
496 3486 599 3552 donec
628 3488 754 3554 videret
773 3488 950 3570 infantem,
980 3511 1078 3574 quem
1099 3491 1215 3556 vidisse
1233 3506 1295 3570 gau·

235 3585 325 3649 dium
345 3583 432 3649 fuit?
453 3584 561 3666 ,Bene
583 3593 703 3667 actum,
728 3588 850 3670 optime
871 3589 1037 3671 provisum
1059 3597 1120 3668 est,
1142 3583 1296 3671 respondet

234 3684 477 3766 supersues)
499 3681 537 3750 u't
554 3687 763 3769 postmodum
783 3693 921 3752 ventura
941 3689 1156 3753 multitudine
1176 3686 1216 3752 ad
1230 3677 1296 3749 illud

302 3911 321 3978 ¹)
343 3911 414 3967 Hist
433 3913 500 3968 eccl.
517 3912 566 3969 lib.
583 3912 606 3981 1,
624 3929 666 3982 cp.
684 3916 709 3969 8.
750 3917 772 3983 ²)
795 3915 828 3969 In
845 3915 912 3973 Luc.
931 3916 952 3972 1.
995 3918 1017 3984 ³)
1040 3915 1197 3973 Innuet.
1233 3913 1252 3979 ⁴)
1269 3907 1295 3962 Ῑ11

234 3991 301 4048 Luc.
318 3993 391 4049 hom.
408 3993 472 4050 ln·
