2726 4560
746 315 785 373 34

224 475 416 544 Gandavum
437 479 472 538 et
492 472 728 552 Aureeevallis,
757 479 892 557 praeter
913 494 983 553 eos,
1012 475 1131 558 quibus
1151 476 1188 541 in
1209 479 1313 561 priori

226 575 370 640 editione
391 573 443 640 usi
465 572 594 638 inimus.
620 622 626 635 .
649 621 657 636 .
677 621 711 635 ..
736 622 742 638 .
776 573 828 637 A'd
848 572 1043 637 servandum
1063 575 1237 659 antiquum
1259 599 1313 642 or·

225 674 334 740 dinem
353 672 566 757 epistolarum
583 672 735 738 movebat
750 673 855 756 primo
874 671 1055 755 antiquitas
1069 674 1158 740 illius
1176 677 1309 773 ordinis,

225 794 323 857 quem
343 773 414 855 ipso
434 771 601 839 Bernardo
623 771 729 836 adhuc
749 771 877 836 vivente
899 771 1090 837 institutum
1110 773 1214 840 fuisse
1236 797 1313 840 con-

224 878 306 952 stat,
335 872 494 936 nimirum.
508 892 568 954 pro
590 871 747 935 trecentis
766 871 831 936 illis
852 891 891 935 ac
911 870 1025 935 decem
1047 873 1209 956 epistolis,
1233 897 1314 959 qna-

225 993 299 1038 rnm
326 971 444 1037 ultima
474 976 525 1035 est
554 991 608 1048 ea,
636 989 720 1053 quae
748 968 791 1034 ad
812 969 993 1036 Arnoldum
1020 971 1227 1038 Bonaevsllis
1255 975 1314 1039 ab·

225 1071 336 1136 batem
373 1092 394 1134 a
429 1069 596 1134 Bernardo
635 1075 782 1133 extrema
818 1069 942 1152 scripta
977 1069 1071 1134 fuit.“
1085 1070 1109 1153 ¹)
1162 1072 1312 1138 Traditio

224 1191 322 1253 porro
354 1190 483 1252 semper
513 1189 536 1231 s.
566 1168 770 1233 Bernardum
802 1167 898 1252 hujus
931 1169 1090 1251 epistolae
1121 1173 1316 1255 recognovit

224 1276 402 1336 auctorem.
445 1266 561 1331 Adhuc
581 1266 691 1332 vivens
719 1266 973 1350 impugnabatur
999 1274 1146 1334 tractatu
1168 1270 1315 1352 quodam

225 1369 287 1453 ,de
316 1366 547 1451 conceptione
576 1365 744 1450 inscripto.
787 1365 902 1430 Nonne
923 1365 1100 1432 Mellifluus
1128 1366 1221 1434 illam
1243 1370 1314 1453 epi·

105 1481 107 1487 '
224 1469 343 1535 stolam
360 1489 381 1532 a
402 1489 436 1533 se
459 1489 530 1533 esse
552 1468 708 1550 scriptam
729 1472 888 1549 negasset,
906 1467 934 1530 si
955 1487 991 1531 re
1012 1488 1089 1532 vera
1110 1474 1230 1533 auctor
1247 1491 1314 1535 non

224 1569 351 1634 fuisset.
393 1567 473 1633 Post
492 1573 633 1632 mortem
662 1589 754 1632 suam
775 1587 885 1631 omnes
907 1565 976 1630 fere
1004 1565 1192 1632 scholastici
1214 1568 1316 1633 docu-

224 1674 372 1734 mentum
393 1667 475 1731 illud
495 1667 639 1731 habuere
661 1665 895 1744 authenticum,
917 1665 968 1730 uti
986 1664 1143 1730 Albertus
1161 1667 1314 1751 Magnae,

132 1835 138 1843 ,
225 1767 412 1833 Alexander
433 1767 473 1831 de
494 1765 603 1846 Hales,
626 1787 651 1830 s.
673 1766 820 1844 Thomas,
843 1787 867 1830 s.
890 1765 1120 1830 Bonaventura
1143 1773 1205 1831 eto.

287 1868 317 1933 b.
352 1865 418 1930 Alii
439 1865 652 1943 contendunt,
675 1887 699 1928 s.
721 1863 925 1929 Bernardum
945 1863 1084 1929 hicnon
1112 1865 1236 1948 loqui
1267 1867 1314 1931 de

225 1965 400 2048 passiva,
428 1964 486 2029 sed
507 1964 547 2028 de
576 1963 716 2028 activa
744 1961 1031 2045 conceptione.
1074 1963 1127 2028 Ita
1149 1964 1316 2030 Doctor

226 2063 485 2147 Seraphicns
517 2062 639 2126 sentire
668 2061 805 2125 videtur.
856 2060 949 2143 ,Non
976 2062 1052 2127 huic
1080 2063 1231 2143 obviant,
1268 2066 1315 2130 in·

226 2164 348 2246 quit,²)
377 2162 465 2226 dicta
493 2160 661 2226 Bernardi.
710 2159 822 2224 Potius
852 2160 938 2225 enim
966 2159 1110 2226 intendit
1138 2164 1314 2230 excludere

227 2283 386 2340 errorem,
419 2282 461 2325 ne
489 2260 562 2343 quis
592 2259 705 2324 credat
726 2257 893 2342 Virginem
914 2259 1151 2326 sanctificatam
1172 2262 1207 2325 in
1237 2285 1315 2329 con·

226 2361 377 2444 ceptione
400 2360 520 2442 (activa
543 2358 676 2436 scilicet,
700 2363 740 2422 ut
759 2358 807 2422 ait
827 2357 969 2423 Perrone
990 2357 1010 2422 l.
1034 2379 1070 2437 c.,
1092 2362 1313 2443 praecedente

226 2460 354 2526 animae
375 2459 581 2535 infusionem,
599 2457 640 2521 de
662 2477 727 2539 qua
743 2456 913 2540 loquitur)
932 2479 1031 2541 qnam
1051 2477 1128 2541 erga
1142 2460 1314 2544 Virginem

227 2560 432 2625 devotionem
452 2564 600 2623 nostram
620 2556 795 2620 minuere.“
839 2556 886 2620 Ac
915 2556 1043 2640 objecto
1066 2558 1129 2623 sibi
1149 2559 1212 2624 hoc
1234 2561 1315 2626 Ber·
1344 2589 1345 2601 ¹

226 2659 322 2724 nardi
343 2665 515 2723 contextu:
550 2654 644 2738 ,Nee
665 2656 700 2719 in
726 2655 796 2738 ipso
824 2662 985 2738 conceptu
1014 2656 1227 2739 (sanctificari
1257 2683 1316 2743 po·

226 2759 328 2841 terat)
349 2763 485 2842 propter
505 2763 692 2840 peccatum,
723 2754 810 2838 quod
832 2760 919 2820 esset
941 2755 975 2821 in
995 2756 1204 2840 parentibus,
1236 2760 1317 2842 quia

225 2858 409 2942 potuissent
428 2857 532 2939 ipsam
552 2855 721 2937 concipere
738 2854 809 2919 sine
826 2860 977 2937 peccato:
1000 2875 1076 2938 ergo
1094 2855 1188 2920 dicit:
1213 2856 1317 2942 Prop

226 2964 279 3022 ter
300 2977 433 3021 causam
453 2954 598 3039 peccati,
631 2973 716 3037 quae
746 2958 818 3018 erat
845 2953 880 3016 in
908 2973 1014 3018 carne.
1058 2954 1144 3038 Ergo
1171 2955 1315 3036 videtur,
1343 2938 1344 2967 ¹

227 3054 315 3137 quod
345 3053 560 3119 sanctificatio
590 3052 759 3136 (Virginis)
787 3072 853 3116 non
880 3050 982 3117 fuerit
1009 3058 1086 3117 ante
1114 3053 1316 3123 infusionem

226 3153 385 3218 animae.“
428 3153 519 3217 ldem
545 3152 642 3218 docet
670 3150 877 3216 Albertus
905 3151 1083 3234 Magnus.
1134 3153 1315 3235 ,Dicimus
1342 3221 1343 3240 ,

225 3251 376 3336 inquit,³)
409 3251 496 3336 quod
517 3251 549 3315 b.
571 3252 669 3335 Virgo
691 3272 758 3316 non
778 3251 843 3315 fuit
863 3249 1068 3316 sanctificata
1089 3258 1167 3316 ante
1189 3255 1317 3322 anima·
1342 3301 1343 3335 ,

226 3351 358 3430 tionem,
379 3357 413 3416 et
434 3351 490 3435 qui
512 3351 626 3416 dicunt
642 3350 838 3434 oppositum,
858 3356 908 3415 est
928 3349 1073 3415 haeresis
1094 3349 1317 3421 condemnata

226 3472 247 3516 a
266 3450 297 3514 b.
319 3450 486 3516 Bernardo
508 3450 543 3514 in
564 3450 703 3532 epistola
729 3449 772 3514 ad
793 3448 1026 3531 Lugdunenses
1048 3455 1082 3514 et
1103 3471 1124 3514 a
1144 3453 1317 3535 magistris

227 3549 376 3614 omnibus
404 3550 669 3632 parisiensibus.“
712 3548 813 3614 Addit
843 3549 919 3612 dein
946 3555 1075 3614 textum
1097 3572 1120 3614 s.
1144 3551 1342 3620 Beneven-¹

292 3718 312 3784 ¹)
341 3718 524 3773 Consentiunt
548 3716 717 3771 Benedictus
742 3715 822 3782 XIV,
847 3716 882 3770 de
907 3716 985 3771 festis
1010 3717 1040 3771 B.
1061 3716 1100 3771 M.
1121 3716 1154 3771 V.
1180 3733 1223 3786 cp.
1250 3720 1313 3788 XV;

226 3799 350 3854 Perrone
365 3800 385 3855 l.
402 3817 426 3855 c.
442 3817 507 3869 pag.
523 3799 568 3864 20,
596 3799 667 3853 Dom
685 3798 845 3854 Cle'menoet
867 3798 935 3853 dans
957 3799 1093 3854 l’historie
1113 3798 1257 3854 littersire
1282 3803 1314 3856 de

225 3900 248 3937 s.
265 3882 390 3937 Bernard
406 3901 434 3952 p.
452 3887 511 3950 1073
535 3882 632 3936 ldslou
648 3881 666 3936 l.
684 3897 708 3934 c.
725 3884 792 3936 tom.
810 3881 846 3947 ll,
863 3897 926 3950 pag.
943 3883 993 3935 432
1009 3899 1049 3950 sq.
1089 3880 1111 3948 ²)
1128 3880 1162 3934 ln
1180 3880 1232 3947 ΙΙΙ,
1251 3884 1315 3938 dist

225 3963 277 4031 111,
295 3981 321 4034 q.
339 3967 352 4020 1
372 3965 408 4018 an
424 3967 450 4020 4.
482 3965 504 4032 8)
520 3964 555 4018 lu
571 3963 622 4029 111,
638 3962 703 4018 nist.
722 3961 773 4029 111,
790 3979 814 4019 a.
830 3966 855 4018 4.
