2718 4556
745 331 803 392 362

231 490 743 576 militerloquiturRichardus
762 513 782 555 a
801 491 868 556 Sto
886 490 1156 572 Laurentiozl)
1171 489 1298 571 „Audito

185 653 187 662 s
230 593 293 657 hoc
315 591 412 656 verbo
435 590 628 673 „benedicta
649 591 683 654 in
704 590 914 655 mulieribus“
936 590 1071 655 turbata
1093 596 1159 669 est,
1183 590 1301 674 quiain

231 690 420 774 Virginibus
439 689 588 754 benedici
609 710 737 771 semper
759 689 927 772 optabat.“
965 688 1179 772 Billuart2)
1201 679 1301 753 eadem

233 790 346 858 tradit.
384 789 531 871 „Verius
554 788 671 871 iuquit,
693 787 846 852 videntur
867 789 997 866 sentire,
1021 789 1078 871 qui
1100 788 1221 866 dicunt,
1241 809 1301 852 ean

231 886 333 953 fuisse
355 886 524 952 turbatam
546 909 585 951 ex
607 908 655 965 eo,
679 887 766 970 quod
786 887 919 953 timeret
940 887 1136 952 fractionem
1157 888 1223 952 voti
1241 887 1301 951 Vir·

231 986 389 1070 ginitatis‚
414 987 500 1069 quod
521 988 612 1070 prius
635 987 818 1052 emiserat.“

296 1117 397 1194 Quae'
424 1119 586 1183 sententia
618 1119 719 1201 magis
757 1139 935 1182 consonare
959 1117 1104 1182 'videtur
1142 1125 1175 1183 et
1208 1119 1299 1182 verbis

233 1217 470 1310 „cogitabat
493 1239 559 1282 non
580 1219 718 1306 quanta,
741 1216 809 1281 sed
831 1217 943 1303 qualis
970 1225 1077 1282 esset
1105 1219 1186 1283 ista
1212 1218 1299 1282 salu·

234 1317 358 1381 tati0“
379 1338 439 1381 nec
461 1339 526 1381 non
548 1317 596 1394 iis,
620 1337 703 1399 quae
725 1315 755 1379 b.
772 1315 872 1398 Virgo
889 1316 1011 1398 Angelo
1030 1315 1158 1381 foetum
1178 1317 1237 1381 sibi
1253 1338 1299 1379 an-

233 1415 400 1479 nuntianti
417 1416 600 1498 respondit:
624 1415 843 1498 „Quomodo
865 1414 942 1479 fiet
960 1415 1112 1480 istud?“
1134 1417 1238 1481 Verba
1252 1415 1299 1479 illa

230 1514 298 1596 jam
331 1535 429 1597 supra
461 1515 592 1597 quidem
623 1516 657 1579 in
689 1513 943 1578 demonstranda
973 1515 1041 1579 voti
1076 1515 1227 1581 realitate
1256 1536 1299 1578 eu-

232 1613 421 1696 plicuimus‚
458 1613 516 1678 sed
547 1614 599 1678 hic
631 1613 673 1677 ad
706 1634 759 1691 ea,
793 1634 813 1678 a
846 1612 1042 1696 quibusdam
1058 1613 1244 1680 haereticis
1272 1615 1299 1676 in

233 1733 331 1775 sensu
368 1711 485 1777 honori
521 1712 551 1776 b.
585 1713 727 1795 Virginis
762 1713 960 1795 repugnanti
996 1714 1164 1795 exposita,
1202 1712 1299 1796 paucis

234 1805 341 1874 redire
364 1811 472 1876 liceat.
517 1807 708 1889 Quaerimus
731 1832 807 1894 ergo
872 1874 876 1883 ,

324 2017 376 2080 2⁰:
409 2015 539 2081 Verba
567 2016 755 2106 „Quomodo
782 2015 844 2084 net
874 2009 1014 2084 istudt“
1042 2017 1225 2099 quidnam

647 2116 903 2199 significent?

202 2341 206 2348 ,
295 2290 323 2332 a.
357 2271 595 2355 Lutherus3)
626 2273 802 2355 pluresque
831 2272 908 2354 ejus
928 2272 1088 2349 asseclae,
1118 2272 1205 2336 inter
1230 2289 1297 2352 quos

231 2370 426 2449 praesertim
448 2371 613 2436 Sarcerius
641 2391 786 2436 asserere
817 2391 882 2435 uon
913 2368 1132 2448 erubuerunt,
1168 2370 1296 2444 Mariam,

233 2466 312 2531 dum
340 2468 431 2544 illam
458 2471 629 2553 proposuit
656 2471 897 2554 quaestionem,
928 2469 1071 2552 aliquem
1101 2489 1229 2534 sensum
1251 2467 1297 2530 ha-

233 2564 342 2630 buisse
371 2567 693 2634 incredulitatis:
734 2567 927 2652 „Proponit
957 2569 1065 2650 inquit
1097 2567 1295 2640 Sarcerius‚

232 2664 326 2728 nohis
358 2664 411 2730 hic
441 2667 532 2731 locus
565 2669 748 2751 exemplum
779 2667 994 2746 infirmitatis,
1032 2666 1244 2732 dubitationis
1272 2671 1297 2727 et

232 2763 436 2845 ignorantiae
468 2766 502 2830 in
530 2766 650 2844 Maria,
684 2788 767 2850 quae
799 2767 896 2831 verbo
930 2773 963 2831 et
995 2765 1151 2848 operibus
1180 2766 1237 2830 Dei
1265 2761 1296 2826 ab

234 2862 357 2943 Angelo
386 2863 538 2928 revelatis
567 2887 606 2928 ex
633 2865 770 2930 rationis
803 2871 836 2929 et
864 2865 1024 2928 humanae
1053 2865 1232 2946 sapientiae
1257 2883 1296 2925 ar·

233 2961 395 3041 gumentis
416 2983 450 3025 se
480 2963 615 3045 opponit
617 3011 746 3026 .....
789 2963 895 3028 Maria
916 2969 1030 3045 typum
1058 2963 1144 3045 gerit
1172 2961 1296 3027 omniun

232 3058 416 3138 hominum,
457 3057 514 3144 qui
549 3070 667 3127 natura
705 3085 739 3127 se
778 3070 947 3144 opponunt
978 3062 1077 3126 verbo
1111 3062 1243 3126 rationis
1271 3065 1295 3120 et

233 3155 393 3222 humanae
421 3161 599 3242 sapientiae
629 3162 858 3244 argumentis“
902 3161 1060 3226 Similiter
1087 3161 1294 3236 Calvinum)

233 3275 258 3318 s.
282 3255 456 3337 Deiparam
484 3258 688 3324 infidelitatis
716 3281 806 3324 ream
834 3266 975 3324 accusat.
1014 3259 1176 3340 „Videtur
1200 3263 1295 3322 sancta

178 3431 179 3436 ἵ
232 3353 342 3436 Virg0,
355 3356 476 3436 scribit,
489 3379 554 3422 non
565 3359 671 3421 minus
684 3357 824 3440 maligne
841 3358 1037 3440 restringere
1049 3359 1113 3422 Dei
1123 3357 1293 3442 potentian,

234 3474 332 3535 quam
360 3455 450 3536 prius
478 3457 659 3521 Zacharias.
710 3456 804 3534 Quod
837 3458 923 3521 enim
950 3463 1083 3538 praeter
1112 3472 1294 3521 communen

233 3557 370 3616 naturae
394 3555 539 3619 ordinem
561 3563 625 3633 est,
653 3555 852 3637 impossibile
881 3577 951 3620 esse
973 3554 1107 3638 colligit.
1151 3555 1216 3622 Nec
1235 3570 1294 3616 vem
1346 3607 1347 3621 ,

239 3713 437 3724 -—.-—

301 3803 320 3865 ¹)
339 3801 400 3854 uio.
423 3801 444 3868 1,
470 3817 512 3870 cp.
537 3805 561 3856 o.
602 3802 624 3868 62)
644 3768 684 3855 ne
710 3803 833 3858 annunt.
857 3804 889 3859 a.
907 3803 1031 3873 virgnis
1056 3804 1123 3858 aas
1147 3803 1168 3868 1,
1192 3807 1238 3856 art.
1258 3795 1293 3848 a.
1348 3773 1349 3778 ‘

232 3883 254 3950 θ)
272 3883 304 3938 ln
325 3885 437 3951 postilla
459 3901 557 3950 evang.
579 3884 614 3938 de
637 3887 798 3941 Annuntiat.
833 3887 887 3942 cfr.
911 3887 1056 3942 Salmeron
1078 3888 1096 3941 l.
1115 3903 1139 3942 c.
1156 3890 1231 3941 tract.
1246 3876 1293 3934 lll-

232 3966 255 4032 4)
273 3965 305 4018 In
323 3966 454 4020 Hermon.
472 3970 494 4021 l.
513 3965 560 4032 1x,
582 3969 619 4021 18.
