2718 4556
559 374 617 432 357

116 535 298 600 Plenissime
313 533 476 598 consentit
492 555 515 597 s.
529 532 672 597 Petrus
688 531 963 615 Chrysologus
973 533 997 616 ¹)
1023 535 1129 615 ,Quid

64 642 119 714 est,
147 636 339 716 interrogat,
375 633 463 716 quod
494 633 538 713 (b.
570 633 684 715 Virgo)
714 653 887 714 personam
914 633 1004 697 ridet
1026 640 1060 698 et
1088 634 1128 699 de

64 755 195 799 sermone
232 733 409 799 turbatur?
451 731 534 809 Quia
573 737 707 795 venerat
744 730 878 813 angelus
916 731 1056 796 blandus
1094 733 1128 795 in

62 833 170 914 specie,
191 832 287 897 fortis
308 832 343 895 in
363 831 466 908 bollo,
489 831 577 895 mitis
599 831 632 893 in
654 829 785 908 habitu,
808 831 843 893 in
864 852 1012 895 sermone
1034 827 1143 895 terri-¹

62 930 138 1010 bilis,
166 932 307 996 humana
328 929 511 1014 proferens,
541 929 651 993 divina
679 929 940 1011 repromittens.“
983 930 1128 994 Eandem

61 1051 179 1094 causam
206 1030 331 1095 indicat
360 1052 383 1093 s.
414 1028 662 1092 Ambrosius:
696 1028 791 1110 „Ipsa
819 1035 945 1108 autern,
975 1029 1127 1113 inquit,²)

61 1137 92 1194 ut
119 1131 198 1195 vidit
229 1151 304 1193 eum
336 1127 539 1210 (Angelum),
578 1135 668 1192 mota
704 1127 819 1194 estin
853 1128 990 1193 introitu
1028 1129 1127 1210 ejus.“

59 1229 173 1310 ,Disce
196 1228 372 1311 subjungit,
394 1228 550 1309 uirginem
572 1226 730 1306 moribus,
754 1227 841 1290 disce
862 1227 1018 1310 virginem
1039 1248 1128 1291 rere-

59 1323 174 1406 cundia,
198 1328 287 1391 disce
308 1325 473 1408 Virginem
495 1325 636 1404 oraculo,
660 1326 747 1390 disce
769 1326 939 1408 mysterio:
960 1325 1127 1408 trepidare

59 1426 207 1508 uirginum
237 1432 287 1490 est
308 1432 342 1489 et
363 1425 405 1489 ad
431 1445 541 1488 omnes
570 1424 630 1487 riri
660 1425 822 1506 ingressus
850 1446 983 1507 parcre,
1017 1445 1128 1489 omnes

57 1526 110 1588 riri
130 1524 249 1590 affatus
271 1525 406 1587 vereri.“

113 1624 142 1688 b.
175 1623 248 1687 Non
271 1643 309 1686 ex
332 1622 535 1704 Angelijam
557 1621 678 1686 dudum
701 1622 762 1685 sibi
785 1622 856 1685 noti
873 1622 995 1685 intuitu
1015 1620 1128 1685 turba-

57 1728 117 1785 tam
136 1723 237 1787 fuisse
260 1721 290 1785 b.
313 1720 487 1804 Virginem,
512 1721 569 1784 sed
590 1728 757 1803 propter
786 1742 1003 1799 sermonem
1032 1721 1125 1802 ejus,

57 1828 182 1903 propter
217 1820 423 1885 insolitam
460 1819 762 1897 salutationem,
800 1841 883 1902 quae
913 1819 1127 1883 humillimam

57 1921 203 2002 virginem
239 1920 320 1984 nihil
356 1920 465 2002 magni
501 1918 533 1983 in
572 1941 605 1984 se
642 1928 872 2002 agnoscentem
920 1920 1128 1983 vehementer

55 2021 254 2099 percelleret,
295 2019 352 2083 alii
380 2019 499 2084 docent
526 2026 686 2083 auctores
737 2019 881 2096 Quorum
909 2020 1072 2083 sententia
1101 2041 1125 2082 ε.

56 2119 234 2202 Scripturae
262 2120 369 2184 textui
397 2120 711 2201 magisconsentire
743 2120 880 2183 videtur.
931 2118 1126 2199 ,Turbata

4 2283 5 2286 ,
55 2219 212 2282 enimin
241 2235 393 2284 sermone
420 2218 636 2300 cogitabat,
667 2218 797 2301 qualis
827 2223 934 2282 esset
960 2218 1040 2280 ista
1069 2239 1124 2280 sa·

3 2357 4 2388 3
53 2315 224 2382 lutatio.“
267 2316 339 2381 Non
361 2317 394 2379 in
416 2324 552 2399 aspectu
581 2318 687 2400 angeli
708 2317 845 2381 turbata
865 2316 965 2380 fuisse
995 2316 1124 2394 dicitur,

53 2415 156 2479 sedin
186 2416 255 2498 ejus
284 2437 447 2496 sermone;
477 2418 511 2480 in
538 2418 592 2496 iis,
623 2438 706 2500 quae
730 2416 870 2494 audivit,
901 2437 999 2480 causa
1020 2417 1126 2498 inqui·

53 2515 145 2578 reuda
168 2521 218 2579 est
239 2515 506 2597 perturbationis.

108 2613 229 2678 Dicunt
246 2613 387 2696 quidem,
407 2615 463 2696 qui
481 2614 584 2696 priori
603 2615 715 2679 favent
733 2614 923 2692 sententiae,
941 2636 1000 2697 pro
1020 2615 1125 2678 verbis

6 2753 7 2788 3
53 2733 164 2792 ,quae
203 2734 319 2795 quum
356 2713 558 2778 audisset“
597 2714 750 2778 editionis
782 2713 934 2796 vulgatae
965 2715 1000 2777 in
1031 2719 1125 2777 textu

52 2830 159 2890 graeco
181 2811 296 2876 haberi
324 2813 363 2896 ,vj
394 2813 575 2878 ιἰ)“οιῖσα“
602 2813 623 2876 i.
647 2835 672 2878 e.
696 2834 779 2895 quae
809 2835 908 2895 quum
939 2813 1124 2891 vidisset3

52 2927 120 2990 ergo
151 2911 232 2974 visio
271 2913 416 2994 angelica
453 2913 651 2978 turbationis
687 2933 786 2975 causa
820 2911 900 2976 fuit!
945 2912 1008 2977 Sed
1042 2912 1124 2976 bene

9 3049 12 3084 7
51 3008 195 3074 advertas
224 3031 360 3092 quaeso,
390 3034 479 3077 more
508 3012 732 3077 Hebraeorum
823 3012 932 3076 ridere
961 3011 1125 3076 interdum

3 3155 8 3190 4
50 3126 102 3185 pro
123 3109 237 3172 audire
260 3116 293 3173 et
311 3132 369 3191 pro
392 3111 456 3176 alio
479 3111 628 3194 quolibet
646 3132 742 3175 sensu
761 3112 890 3175 intorno
909 3111 995 3193 poni.
1030 3110 1123 3174 Unde

50 3225 92 3286 vg.
114 3206 147 3269 in
169 3207 282 3272 Exodo
304 3208 473 3291 legitur:⁸)
507 3210 671 3291 ,Cunctos
700 3217 811 3274 autem
832 3208 971 3291 populus
992 3208 1125 3272 videbat

6 3362 13 3390 v,
49 3325 137 3370 voces
167 3314 200 3371 et
226 3306 394 3391 lampades
424 3316 458 3373 et
486 3310 628 3373 sonitum
655 3308 831 3372 buccinae“
859 3308 879 3371 i.
903 3328 929 3371 e.
957 3308 1122 3371 audiebat.

6 3455 8 3488 3
50 3403 137 3479 Quod
159 3405 370 3473 confirmatur
397 3430 457 3491 per
485 3407 698 3472 Eusebium
727 3407 971 3471 Emissenum
1000 3408 1047 3471 ita
1074 3428 1124 3471 as·

49 3509 253 3588 serentemt4)
287 3507 453 3588 ,Turbata
483 3514 533 3571 cst
560 3528 625 3570 non
655 3507 689 3570 in
717 3507 809 3572 vultu
838 3504 969 3586 angeli,
1003 3506 1060 3570 sed
1090 3506 1123 3569 in

48 3623 206 3684 sermone3
235 3627 300 3669 non
329 3607 413 3670 enim
436 3606 609 3688 Angelum,
635 3606 691 3669 sed
719 3606 853 3670 verbum
875 3605 990 3688 Angeli
1017 3611 1123 3669 atten-

3 3736 5 3752 2
48 3701 157 3782 debat,
188 3704 322 3787 etquid
350 3705 408 3770 illa
436 3712 504 3770 tam
532 3703 673 3770 officiosa
701 3706 857 3771 salutatio
887 3706 949 3770 sibi
970 3710 1122 3788 praeten-

106 3934 124 4001 ¹)
142 3933 228 3990 Serm.
247 3939 302 3990 140.
344 3935 364 4001 ²)
383 3934 414 3988 ln
432 3934 498 3989 lanc.
515 3935 563 3989 lib.
582 3939 605 3990 2.
648 3937 668 4000 ³)
687 3935 777 3991 Exod.
797 3937 854 4004 XX,
873 3939 912 3990 le.
954 3937 1122 4003 ⁴)llom.in

46 4011 91 4068 ser.
108 4017 155 4083 lV,
175 4024 237 4086 post
254 4018 327 4072 dom.
345 4019 394 4073 JV.
