2730 4564
541 366 580 425 89

45 528 69 589 in
91 527 188 592 reteri
214 527 438 604 Testament0‚
471 525 529 591 sed
556 524 698 607 primum
725 545 764 589 ac
795 524 972 607 praecipue
1000 524 1104 588 sorori

45 626 127 709 Moysi
146 626 335 710 impositum
363 625 442 703 fuit,
476 645 560 708 quae
588 623 717 688 caelebs
746 630 781 688 et
808 624 897 706 virgo
925 622 991 687 fuit
1017 628 1104 688 teste

46 727 170 808 dpponio
208 747 307 810 super
338 724 475 790 Cantica
512 730 546 789 et
578 723 734 806 Gregorio
768 722 914 806 Nysseno
946 721 1031 787 libro
1063 721 1105 786 de

44 825 225 906 rirginitate:
268 847 352 909 quae
385 831 483 908 typus
522 823 633 888 extitit
663 823 789 887 Mariae
820 823 952 906 virginis
983 822 1106 887 sororis

44 924 234 1005 legislatoris
254 932 289 989 et
309 924 475 990 Pontificis
497 923 518 987 i.
537 945 563 988 e.
583 922 707 988 Christi
728 921 915 988 adumbrati
936 923 970 986 in
992 922 1104 1004 Moyse

45 1023 113 1086 etin
132 1025 273 1088 Aaron.“
316 1023 382 1087 Alii
409 1030 521 1088 tamen
547 1022 706 1104 virginem
726 1020 827 1085 fuisse
854 1022 945 1086 illam
966 1021 1106 1085 Mariam

44 1130 149 1205 negant.
186 1124 384 1206 Josephus1)
407 1123 494 1187 enim
512 1144 584 1187 eam
602 1123 818 1204 conjugatam,
836 1142 971 1185 uxorem
987 1139 1105 1202 nempe

44 1220 110 1300 Hor,
142 1223 199 1306 qui
231 1244 363 1287 manum
393 1222 514 1305 Moysis
544 1222 578 1284 in
611 1227 721 1285 monte
753 1221 878 1285 orantis
910 1219 1103 1310 sustinebat,

44 1322 156 1405 ejusque
176 1322 284 1386 filium
304 1322 451 1387 Beseleel
476 1321 578 1385 fuisse
603 1320 714 1384 refert.
757 1319 953 1384 Nominatur
974 1319 1106 1402 quidem

43 1419 127 1486 llaria
141 1444 311 1505 nunquam
332 1444 351 1486 a
372 1421 500 1498 marito,
518 1421 576 1484 sed
593 1441 722 1502 semper
742 1441 762 1483 a
781 1417 949 1497 fratribus,
968 1417 1026 1482 scd
1044 1418 1105 1481 hoc

43 1542 103 1598 non,
124 1523 202 1604 quia
224 1522 400 1604 conjugata
419 1543 485 1584 non
505 1520 621 1598 fuerit,
650 1520 708 1583 sed
728 1520 771 1583 ad
794 1539 945 1600 magnam
965 1515 1106 1580 fratrum

42 1618 217 1702 dignitatem
256 1619 508 1703 exprimendam.
567 1619 652 1683 Huic
691 1618 873 1682 sententiae
912 1615 1107 1697 subscripsit

43 1719 111 1782 inter
129 1721 211 1785 alios
233 1720 334 1784 etiam
353 1719 517 1783 Testatus.
527 1719 553 1800 ²)

90 1818 289 1902 Quamquam
324 1839 400 1901 ergo
431 1818 466 1881 in
501 1817 572 1900 lege
604 1816 707 1880 reteri
741 1815 910 1898 virginitas
944 1833 1010 1876 non
1040 1810 1106 1875 fuit

42 1914 106 1979 adeo
125 1918 259 1995 usitata,
279 1916 580 1982 admirabilissimae
601 1916 698 1997 hujus
717 1915 849 1978 virtutis
870 1911 1018 1994 profecto
1039 1931 1105 1974 non
1169 1929 1175 1944 ·

44 2012 141 2080 desunt
161 2015 321 2100 exempla.
364 2017 569 2100 Virginitatis
590 2037 688 2080 causa
707 2016 795 2079 Deus
816 2014 905 2078 hisce
926 2010 1107 2094 virginibus

44 2111 209 2180 distinctius
249 2137 319 2182 sese
352 2116 614 2193 communicavit,
653 2115 790 2179 docente
829 2135 854 2176 s.
887 2111 1104 2189 Ambrosia,

44 2234 124 2292 quoue
150 2215 193 2279 ad
224 2216 506 2297 praestantissima
534 2235 682 2298 quaeque
712 2233 812 2296 opera
839 2211 1036 2295 perficienda
1066 2210 1106 2274 iis

45 2331 104 2375 usus
124 2313 166 2378 sit
187 2334 310 2396 easque
331 2313 562 2396 insignioribus
584 2311 798 2378 cumulaverit
818 2311 941 2394 gratiis.

522 2515 554 2597 a.
576 2511 610 2578 a.

44 2657 128 2733 Quid
158 2662 200 2725 in
235 2681 338 2724 nova
371 2660 461 2743 lege
491 2660 711 2742 judicetur
745 2659 792 2722 de
824 2655 1107 2739 Virginitatis

477 2761 650 2825 virtute.

92 2906 216 2988 „Prima
233 2907 296 2972 Dei
313 2909 484 2987 sententia,
503 2909 612 2992 inquit
628 2931 653 2973 s.
673 2906 904 2991 Cyprianus
913 2905 939 2986 ⁸)
961 2923 1106 2967 crescere

45 3011 69 3066 et
82 3026 231 3086 generare
245 3007 427 3090 praecepit3
450 3008 593 3072 secunda
609 3006 844 3072 continentiam
859 3003 971 3068 suasit.
1001 3002 1108 3079 Quum

44 3101 130 3168 adhuc
160 3105 255 3170 rudis
284 3106 423 3171 mundus
456 3113 490 3171 et
520 3107 626 3170 inanis
655 3112 721 3185 est,
754 3105 848 3187 copia
875 3101 1109 3166 foecunditatis

45 3211 200 3280 generante
228 3225 448 3288 propagamur
480 3212 514 3269 et
545 3205 718 3270 crescimus
750 3205 792 3268 ad
818 3202 953 3267 humani
980 3202 1108 3284 generis

45 3310 252 3384 augmentum3
290 3325 390 3387 quum
421 3305 490 3387 jam
520 3304 661 3369 refertus
695 3311 746 3368 cst
777 3302 866 3367 orbis
900 3307 934 3365 et
967 3301 1109 3365 mundus

44 3398 194 3482 inpletus,
232 3403 290 3486 qui
321 3425 438 3485 capere
470 3404 706 3468 continentiam
736 3408 889 3485 possunt,
927 3401 1108 3484 spadonum

44 3517 117 3564 more
135 3503 282 3567 viventes
304 3508 490 3567 castrantur
511 3501 554 3566 ad
573 3501 738 3585 regnum.“
781 3500 960 3566 Benedicta
987 3499 1053 3564 fuit
1072 3501 1107 3564 in

45 3599 184 3684 principio
206 3602 321 3667 mundi
341 3601 539 3681 fecunditas,
568 3608 606 3666 ut
625 3601 772 3665 homines
793 3599 1109 3682 multiplicarentur;

46 3692 106 3760 dein
140 3700 317 3765 maledicta
357 3700 530 3781 sterilitas,
572 3708 611 3766 ut
649 3699 947 3783 multiplicarentur
983 3697 1108 3763 fideles.

46 3845 222 3862 ἣ--ι

99 3934 117 3997 ι)
134 3929 227 4002 Antio.
245 3933 312 3989 Jud.
324 3933 373 3989 lib.
389 3932 440 4000 111,
456 3949 500 4002 cp.
510 3935 535 3988 2.
568 3934 590 4000 ²)
606 3931 640 3986 ln
655 3948 717 4002 cap.
732 3935 766 3988 35
778 3931 870 3986 Exod.
887 3931 916 3985 in
933 3930 997 3985 fine.
1031 3930 1053 3998 ⁸)
1068 3930 1110 3984 Da

46 4007 133 4069 habitu.
149 4014 260 4085 Virgin.
