2814 4548
537 391 540 400 ,
588 337 646 395 641

71 518 152 580 erga
180 497 357 578 Deiparam
386 495 520 577 pietatis
548 503 796 561 monumentum
823 503 975 580 poneret,
1005 497 1047 562 ad
1076 498 1160 563 desi-

71 597 223 661 deratam
254 615 359 678 usquc
391 599 528 671 metam,
562 594 634 676 ipsa
665 601 820 676 patrona,
854 597 1094 679 quamprimum
1126 603 1161 661 et

69 695 216 760 feliciter
235 698 469 777 perventmum
492 697 582 756 certo
604 691 805 758 confidimus.

136 793 226 870 Quae
255 792 365 856 omnia
396 789 529 873 quidem
558 797 751 873 argumenta
779 792 896 858 fusiori
927 793 1052 858 calamo
1081 814 1160 857 enu-

69 891 182 956 cleata
203 889 384 958 examinari
403 895 542 972 possunt
563 889 598 952 in
619 910 734 972 opere,
764 891 817 955 cui
844 892 977 956 titulus:
1012 892 1060 956 De
1083 890 1161 956 Cor-

69 1010 174 1073 porea
195 990 359 1072 Deiparae
381 989 627 1072 Assumptione‚
656 1010 699 1053 an
726 990 910 1073 dogmatico
934 992 1075 1056 Decreto
1106 991 1161 1055 de·

68 1087 161 1152 finiri
181 1089 295 1171 possit.
339 1087 533 1170 Disquisitio
554 1088 711 1152 historico
730 1125 770 1135 -
788 1090 902 1154 critico
921 1127 960 1136 -
976 1089 1162 1174 theologica

69 1187 198 1270 Aloysii
218 1187 356 1252 Vaccari
377 1186 578 1252 Cassinensis
601 1192 662 1252 eto.

593 1351 640 1417 11.

455 1466 650 1532 Beatissime
672 1467 785 1533 Pater!

137 1582 244 1659 Quum
269 1583 365 1664 juxta
394 1582 617 1664 Apostolicam
646 1583 844 1662 doctrinam,
873 1584 965 1649 Rom.
993 1583 1161 1648 V.-VIII.

70 1683 96 1746 Ι.
122 1680 195 1745 Cor.
217 1680 380 1758 XV.—24,
411 1685 460 1760 26,
491 1686 540 1760 54,
571 1686 620 1760 57,
649 1681 748 1746 Hebr.
778 1682 913 1762 11.-14‚
945 1688 992 1761 15,
1023 1682 1163 1765 aliisque

70 1780 154 1844 locis
176 1779 343 1859 traditam,
370 1779 493 1862 triplici
514 1780 653 1846 victoria
675 1781 715 1845 de
736 1780 886 1859 Peccato,
915 1787 948 1846 et
970 1780 1009 1845 de
1032 1781 1163 1845 Peccati

70 1879 252 1956 fructibus,
287 1878 560 1961 Concupiscentia
592 1885 626 1944 et
655 1880 776 1958 Morte,
809 1880 912 1945 veluti
944 1901 984 1945 ex
1012 1879 1163 1963 partibus

69 1978 314 2059 integrantibus
334 1978 557 2042 constituatur
572 1977 628 2042 ille
645 1979 839 2061 triumphus,
858 2000 956 2063 quem
975 1979 1015 2043 de
1037 1984 1162 2056 satana,

70 2077 211 2158 antiquo
234 2083 395 2157 serpente,
419 2075 569 2140 Christus
590 2076 720 2156 retulit3
744 2099 908 2160 quumque
932 2077 1011 2142 Gen.
1033 2077 1090 2155 111,
1115 2083 1162 2141 15.

72 2176 221 2259 Deipara
253 2176 448 2241 exhibeatur
480 2175 691 2258 singulariter
726 2177 890 2242 associate
921 2175 1005 2239 Filio
1038 2196 1096 2239 suo
1128 2175 1163 2237 in

70 2275 136 2339 hoc
174 2273 356 2356 triumph03
397 2274 574 2339 accedente
612 2276 759 2340 unanimi
797 2276 991 2341 Sanctorum
1027 2273 1164 2338 Petrum

71 2372 240 2455 suffragio,
257 2394 324 2438 non
346 2373 544 2451 dubitemne,
564 2373 643 2456 quin
665 2374 699 2437 in
721 2373 871 2456 praelato
894 2373 1027 2438 oraculo
1050 2372 1164 2437 eadem

70 2473 180 2536 Beata
198 2471 296 2553 Virgo
319 2471 444 2553 triplici
465 2471 523 2536 illa
544 2472 682 2537 victoria
704 2471 987 2555 praesignificetur
1008 2471 1163 2550 illustris3

71 2569 223 2653 adeoque
247 2591 312 2634 non
334 2591 428 2634 secus
450 2591 488 2634 ac
510 2569 550 2635 de
571 2569 711 2634 Peccato
732 2592 792 2652 per
809 2570 1058 2635 immaculatam
1080 2570 1164 2635 Con-

71 2669 276 2750 ceptionem,
308 2675 342 2733 et
370 2669 410 2734 de
440 2670 712 2752 Concupiscentia
740 2692 801 2752 per
821 2669 1020 2753 Virginalem
1043 2669 1165 2734 Mater·

71 2768 225 2844 nitatem,
242 2767 289 2832 sic
307 2768 407 2832 etiam
424 2767 464 2832 de
480 2769 612 2844 inimica
623 2769 730 2834 Morte
748 2769 946 2851 singularem
962 2769 1166 2851 triumphum

71 2865 236 2943 relatura,
266 2887 326 2948 per
354 2867 572 2931 acceleratam
599 2867 642 2932 ad
670 2868 918 2933 similitudinem
939 2868 1015 2932 Filii
1043 2869 1094 2932 sui
1115 2890 1165 2933 re-

72 2965 329 3043 surrectionem,
362 2966 486 3031 ibidem
513 2968 748 3048 praenuntiata
779 2966 889 3031 fuerit.
939 2967 978 3031 Id
1008 2967 1096 3051 quod
1126 2988 1166 3030 ex

72 3062 220 3129 naturali
241 3064 369 3128 unitate
392 3066 512 3143 carnis,
542 3066 711 3131 Christum
739 3067 826 3131 inter
856 3067 991 3149 ejusque
1013 3067 1164 3143 Matrem,

71 3163 329 3227 illustrationem
349 3185 466 3229 novam
487 3166 617 3248 accipit.
644 3166 775 3249 Optimo
796 3165 898 3247 igitur
910 3165 984 3247 jure
1000 3163 1167 3229 Christum

71 3262 188 3327 Jesum
215 3261 264 3326 ita
286 3261 411 3345 alloqui
439 3265 678 3330 sanctissimam
699 3263 841 3328 Matrem
870 3283 962 3328 suam
983 3284 1079 3346 posse
1101 3264 1166 3328 cla-

73 3360 225 3425 rissimus
248 3360 420 3427 Suaresius
443 3363 547 3442 docet,
565 3363 622 3428 ΠΙ.
640 3385 671 3446 p.
689 3385 719 3446 q.
736 3361 899 3441 XXXVII,
918 3368 980 3427 art.
998 3368 1033 3426 4:
1056 3362 1167 3444 „Haeo

72 3481 162 3525 nunc
184 3466 236 3525 est
258 3481 343 3537 caro,
365 3459 406 3525 de
429 3468 567 3545 quaest
589 3483 665 3527 caro
686 3462 791 3526 mea.“
833 3460 877 3525 nt
898 3483 958 3526 nos
980 3482 1092 3526 omnes
1112 3461 1167 3525 fir-

73 3559 175 3624 miter
196 3558 356 3623 affirmare
377 3581 559 3642 possumus,
574 3545 707 3644 ¹Corpus
722 3560 865 3642 Virginis
887 3559 988 3624 fuisse
1011 3559 1168 3643 quodam·

73 3656 173 3722 modo
200 3657 332 3722 initium
359 3657 538 3742 humanae·
552 3659 683 3737 salutis,
714 3659 792 3742 quia
821 3679 862 3722 ex
890 3657 979 3722 illius
1002 3659 1166 3740 Sanguine

74 3777 195 3838 corpus
224 3755 348 3820 Christi
380 3763 548 3839 sumptum
577 3765 642 3836 est,
676 3757 765 3840 quod
796 3755 862 3821 fuit
890 3762 1022 3821 nostrae
1051 3756 1167 3821 salutis

74 3856 235 3938 pretium3
272 3854 412 3938 ideoque
442 3855 636 3921 inconcussa
661 3854 726 3920 fide
755 3855 948 3933 tenendum,
978 3854 1065 3920 idem
1093 3854 1167 3918 Vir-

75 3954 160 4036 ginis
189 3975 307 4036 corpus
340 3953 498 4037 singulari
527 3955 623 4020 modo
652 3954 912 4038 redemptionem
941 3955 1167 4036 participasse,

964 4052 997 4106 41
