2730 4564
778 365 816 424 ω

255 526 403 610 „Annam
424 525 465 591 de
481 524 605 608 templo
626 545 691 589 uon
709 523 914 590 discessisse“
935 521 1076 606 figurata
1096 530 1148 589 est
1168 531 1203 590 et
1224 525 1333 590 verba:

89 609 93 618 ¹
162 669 163 672 ,
253 623 349 708 „Nou
371 624 561 690 discedebat
580 623 622 688 de
649 622 771 706 templo
799 623 852 688 die
878 642 916 688 ae
938 621 1055 688 noete“
1076 644 1141 688 non
1162 624 1334 706 insinuant,

255 723 343 806 quod
375 723 411 788 in
441 723 565 806 templo
599 723 906 807 „habitaverit,“
942 722 1000 788 sed
1031 724 1121 806 quod
1151 725 1236 790 illud
1267 725 1336 790 fre·

255 823 467 905 quentavit
495 829 529 887 et
557 823 591 886 in
621 844 658 888 eo
687 823 933 906 perduravit.
981 822 1026 886 At
1054 844 1078 887 s.
1108 823 1282 906 Scriptura
1307 825 1337 888 iu

255 939 352 984 sensu
379 922 512 1004 proprio
545 928 596 987 est
627 922 830 1005 accipienda,
864 921 1018 1004 quamdiu
1050 922 1134 986 eitra
1162 923 1336 988 absurdum

254 1027 371 1103 potest.
405 1019 513 1098 Quare
529 1022 652 1104 optimo
666 1021 740 1104 jure
758 1021 800 1086 ad
814 1021 907 1086 illum
924 1042 949 1086 s.
964 1019 1190 1103 Evangelistae
1211 1027 1336 1086 textum

253 1125 349 1184 notat
370 1119 539 1185 Cornelius
566 1141 587 1186 a
607 1120 744 1203 Lapide:
760 1120 784 1202 ¹)
817 1119 1013 1202 „Exstrueto
1039 1119 1162 1202 templo
1184 1127 1280 1184 certa
1299 1119 1353 1184 ad*

254 1218 374 1283 ostium
405 1218 612 1283 tabernaculi
641 1219 803 1284 habitatio
836 1224 1025 1285 constructa
1055 1217 1120 1283 fuit
1150 1218 1335 1302 hujusmodi

253 1318 317 1401 piis
338 1318 527 1382 mulieribus
549 1318 669 1383 deditis
691 1318 841 1396 orationi,
861 1318 993 1402 jejunio,
1017 1322 1051 1382 et
1074 1318 1206 1390 servitio
1228 1318 1348 1384 taber·.

253 1417 378 1496 naeuli,
417 1417 522 1501 quadis
558 1416 623 1498 fuit
653 1417 748 1482 Anna
780 1417 1041 1500 prophetissa.“·
1070 1417 1163 1494 Quod
1194 1424 1354 1482 testatur}

254 1515 354 1580 etiam
383 1516 412 1582 d.
435 1516 666 1582 Ambrosius
694 1516 895 1600 inquiens:²)
928 1515 1080 1599 „Templo
1102 1516 1335 1600 Hierosolymis

253 1612 355 1680 fuisse
376 1614 512 1697 legimus
533 1616 672 1699 virgines
694 1615 900 1698 deputatas.“

322 1853 342 1916 ¹)
359 1847 472 1904 A.h.1.
505 1849 527 1917 ²)
544 1849 585 1905 De
603 1849 681 1918 Virg,
698 1850 717 1905 l.
735 1849 755 1917 Ι,
774 1865 818 1919 ep.
835 1852 859 1906 3.
876 1848 900 1918 §.
919 1852 958 1904 12.
