<?xml version="1.0" encoding="UTF-8"?>
<!DOCTYPE html PUBLIC "-//W3C//DTD XHTML 1.0 Transitional//EN"
    "http://www.w3.org/TR/xhtml1/DTD/xhtml1-transitional.dtd">
<html xmlns="http://www.w3.org/1999/xhtml" xml:lang="en" lang="en">
 <head>
  <title>
</title>
<meta http-equiv="Content-Type" content="text/html;charset=utf-8" />
  <meta name='ocr-system' content='tesseract 3.04.00' />
  <meta name='ocr-capabilities' content='ocr_page ocr_carea ocr_par ocr_line ocrx_word'/>
</head>
<body>
  <div class='ocr_page' id='page_1' title='image "./mariologiaseupo00stamgoog_0570.png"; bbox 0 0 2782 4554; ppageno 0'>
   <div class='ocr_carea' id='block_1_1' title="bbox 737 347 798 410">
    <p class='ocr_par' dir='ltr' id='par_1_1' title="bbox 737 347 798 410">
     <span class='ocr_line' id='line_1_1' title="bbox 737 347 798 410; baseline 0 -1"><span class='ocrx_word' id='word_1_1' title='bbox 737 347 798 410; x_wconf 81' lang='lat'><strong>546</strong></span> 
     </span>
    </p>
   </div>
   <div class='ocr_carea' id='block_1_2' title="bbox 191 505 1389 2579">
    <p class='ocr_par' dir='ltr' id='par_1_2' title="bbox 191 505 1389 2579">
     <span class='ocr_line' id='line_1_2' title="bbox 281 505 1314 593; baseline 0.005 -19"><span class='ocrx_word' id='word_1_2' title='bbox 281 530 308 574; x_wconf 88' lang='lat' dir='ltr'><strong>c.</strong></span> <span class='ocrx_word' id='word_1_3' title='bbox 342 509 475 578; x_wconf 85' lang='lat' dir='ltr'><strong>Festum</strong></span> <span class='ocrx_word' id='word_1_4' title='bbox 495 507 688 578; x_wconf 87' lang='lat' dir='ltr'><strong>Nativitotis</strong></span> <span class='ocrx_word' id='word_1_5' title='bbox 707 505 739 570; x_wconf 92' lang='lat' dir='ltr'><strong>b.</strong></span> <span class='ocrx_word' id='word_1_6' title='bbox 763 505 907 588; x_wconf 84' lang='lat' dir='ltr'>Virginis</span> <span class='ocrx_word' id='word_1_7' title='bbox 928 505 1016 572; x_wconf 84' lang='lat' dir='ltr'><strong>eirca</strong></span> <span class='ocrx_word' id='word_1_8' title='bbox 1036 514 1192 593; x_wconf 90' lang='lat' dir='ltr'><strong>tempus</strong></span> <span class='ocrx_word' id='word_1_9' title='bbox 1215 512 1314 578; x_wconf 88' lang='lat' dir='ltr'><strong>(lon-</strong></span> 
     </span>
     <span class='ocr_line' id='line_1_3' title="bbox 220 603 1314 692; baseline 0.005 -18"><span class='ocrx_word' id='word_1_10' title='bbox 220 607 309 674; x_wconf 88' lang='lat' dir='ltr'><strong>oilii</strong></span> <span class='ocrx_word' id='word_1_11' title='bbox 342 607 535 692; x_wconf 86' lang='lat' dir='ltr'><strong>Ephesiui</strong></span> <span class='ocrx_word' id='word_1_12' title='bbox 573 606 764 675; x_wconf 86' lang='lat' dir='ltr'><strong>institutum</strong></span> <span class='ocrx_word' id='word_1_13' title='bbox 803 603 923 684; x_wconf 86' lang='lat' dir='ltr'><strong>fuisse,</strong></span> <span class='ocrx_word' id='word_1_14' title='bbox 962 607 1112 672; x_wconf 86' lang='lat' dir='ltr'>nonnulli</span> <span class='ocrx_word' id='word_1_15' title='bbox 1146 616 1314 692; x_wconf 83' lang='lat' dir='ltr'><strong>putarunt</strong></span> 
     </span>
     <span class='ocr_line' id='line_1_4' title="bbox 220 703 1312 790; baseline 0.005 -19"><span class='ocrx_word' id='word_1_16' title='bbox 220 707 407 790; x_wconf 75' lang='lat' dir='ltr'>scriptores.</span> <span class='ocrx_word' id='word_1_17' title='bbox 462 706 511 772; x_wconf 91' lang='lat' dir='ltr'><strong>De</strong></span> <span class='ocrx_word' id='word_1_18' title='bbox 544 726 610 788; x_wconf 89' lang='lat' dir='ltr'><strong>qua</strong></span> <span class='ocrx_word' id='word_1_19' title='bbox 640 703 807 772; x_wconf 85' lang='lat' dir='ltr'><strong>sententia</strong></span> <span class='ocrx_word' id='word_1_20' title='bbox 837 703 953 770; x_wconf 76' lang='lat' dir='ltr'><strong>scribit</strong></span> <span class='ocrx_word' id='word_1_21' title='bbox 980 704 1180 774; x_wconf 86' lang='lat' dir='ltr'><strong>Barouius</strong></span> <span class='ocrx_word' id='word_1_22' title='bbox 1212 711 1234 774; x_wconf 94' lang='lat' dir='ltr'><strong>l.</strong></span> <span class='ocrx_word' id='word_1_23' title='bbox 1265 733 1312 777; x_wconf 91' lang='lat' dir='ltr'><strong>c.:</strong></span> 
     </span>
     <span class='ocr_line' id='line_1_5' title="bbox 220 802 1389 892; baseline 0.005 -22"><span class='ocrx_word' id='word_1_24' title='bbox 220 805 408 888; x_wconf 76' lang='lat' dir='ltr'><strong>,Quantum</strong></span> <span class='ocrx_word' id='word_1_25' title='bbox 439 825 480 870; x_wconf 88' lang='lat' dir='ltr'><strong>ex</strong></span> <span class='ocrx_word' id='word_1_26' title='bbox 509 803 657 872; x_wconf 88' lang='lat' dir='ltr'><strong>historiis</strong></span> <span class='ocrx_word' id='word_1_27' title='bbox 690 802 920 870; x_wconf 86' lang='lat' dir='ltr'><strong>ecclesiasticis</strong></span> <span class='ocrx_word' id='word_1_28' title='bbox 956 813 1162 888; x_wconf 86' lang='lat' dir='ltr'><strong>compertum</strong></span> <span class='ocrx_word' id='word_1_29' title='bbox 1192 808 1311 892; x_wconf 90' lang='lat' dir='ltr'><strong>haheo,</strong></span> <span class='ocrx_word' id='word_1_30' title='bbox 1388 833 1389 844; x_wconf 58' lang='lat'>¹</span> 
     </span>
     <span class='ocr_line' id='line_1_6' title="bbox 220 902 1315 988; baseline 0.005 -18"><span class='ocrx_word' id='word_1_31' title='bbox 220 927 241 970; x_wconf 87' lang='lat' dir='ltr'><strong>a</strong></span> <span class='ocrx_word' id='word_1_32' title='bbox 270 905 409 970; x_wconf 76' lang='lat' dir='ltr'><strong>Consilii</strong></span> <span class='ocrx_word' id='word_1_33' title='bbox 435 903 594 988; x_wconf 86' lang='lat' dir='ltr'><strong>Ephesiui</strong></span> <span class='ocrx_word' id='word_1_34' title='bbox 623 902 842 986; x_wconf 87' lang='lat' dir='ltr'><strong>temporibus,</strong></span> <span class='ocrx_word' id='word_1_35' title='bbox 876 923 916 968; x_wconf 87' lang='lat' dir='ltr'><strong>ex</strong></span> <span class='ocrx_word' id='word_1_36' title='bbox 944 923 1008 986; x_wconf 91' lang='lat' dir='ltr'><strong>quo</strong></span> <span class='ocrx_word' id='word_1_37' title='bbox 1039 909 1226 974; x_wconf 86' lang='lat' dir='ltr'><strong>execranda</strong></span> <span class='ocrx_word' id='word_1_38' title='bbox 1254 905 1315 976; x_wconf 83' lang='lat' dir='ltr'><strong>illa</strong></span> 
     </span>
     <span class='ocr_line' id='line_1_7' title="bbox 221 1002 1313 1094; baseline 0.007 -26"><span class='ocrx_word' id='word_1_39' title='bbox 221 1003 367 1074; x_wconf 88' lang='lat' dir='ltr'><strong>Nestorii</strong></span> <span class='ocrx_word' id='word_1_40' title='bbox 400 1003 546 1072; x_wconf 82' lang='lat' dir='ltr'><strong>haeresis</strong></span> <span class='ocrx_word' id='word_1_41' title='bbox 583 1002 752 1094; x_wconf 82' lang='lat' dir='ltr'><strong>damnata</strong></span> <span class='ocrx_word' id='word_1_42' title='bbox 778 1007 880 1086; x_wconf 88' lang='lat' dir='ltr'><strong>atque</strong></span> <span class='ocrx_word' id='word_1_43' title='bbox 915 1005 1100 1088; x_wconf 84' lang='lat' dir='ltr'><strong>proscripta</strong></span> <span class='ocrx_word' id='word_1_44' title='bbox 1136 1014 1205 1088; x_wconf 88' lang='lat' dir='ltr'><strong>est,</strong></span> <span class='ocrx_word' id='word_1_45' title='bbox 1246 1033 1313 1094; x_wconf 88' lang='lat' dir='ltr'><strong>qua</strong></span> 
     </span>
     <span class='ocr_line' id='line_1_8' title="bbox 221 1100 1311 1187; baseline 0.006 -19"><span class='ocrx_word' id='word_1_46' title='bbox 221 1102 446 1178; x_wconf 76' lang='lat' dir='ltr'><strong>sanctissimae</strong></span> <span class='ocrx_word' id='word_1_47' title='bbox 474 1101 599 1168; x_wconf 87' lang='lat' dir='ltr'><strong>Mariae</strong></span> <span class='ocrx_word' id='word_1_48' title='bbox 625 1101 770 1186; x_wconf 82' lang='lat' dir='ltr'><strong>Virginis</strong></span> <span class='ocrx_word' id='word_1_49' title='bbox 799 1100 917 1168; x_wconf 89' lang='lat' dir='ltr'><strong>titulus</strong></span> <span class='ocrx_word' id='word_1_50' title='bbox 945 1101 1001 1167; x_wconf 88' lang='lat' dir='ltr'><strong>ille</strong></span> <span class='ocrx_word' id='word_1_51' title='bbox 1029 1125 1219 1187; x_wconf 86' lang='lat' dir='ltr'><strong>supremus,</strong></span> <span class='ocrx_word' id='word_1_52' title='bbox 1249 1111 1311 1176; x_wconf 88' lang='lat' dir='ltr'><strong>Dei</strong></span> 
     </span>
     <span class='ocr_line' id='line_1_9' title="bbox 221 1200 1311 1288; baseline 0.006 -19"><span class='ocrx_word' id='word_1_53' title='bbox 221 1204 404 1288; x_wconf 76' lang='lat' dir='ltr'><strong>genitricis,</strong></span> <span class='ocrx_word' id='word_1_54' title='bbox 432 1203 532 1287; x_wconf 88' lang='lat' dir='ltr'><strong>impie</strong></span> <span class='ocrx_word' id='word_1_55' title='bbox 554 1200 782 1279; x_wconf 70' lang='lat' dir='ltr'>auferebatur,</span> <span class='ocrx_word' id='word_1_56' title='bbox 813 1200 1104 1269; x_wconf 76' lang='lat' dir='ltr'><strong>animadvertimus</strong></span> <span class='ocrx_word' id='word_1_57' title='bbox 1130 1209 1311 1274; x_wconf 88' lang='lat' dir='ltr'><strong>secundum</strong></span> 
     </span>
     <span class='ocr_line' id='line_1_10' title="bbox 223 1299 1310 1386; baseline 0.001 -16"><span class='ocrx_word' id='word_1_58' title='bbox 223 1323 262 1372; x_wconf 88' lang='lat' dir='ltr'><strong>ea</strong></span> <span class='ocrx_word' id='word_1_59' title='bbox 282 1303 463 1386; x_wconf 84' lang='lat' dir='ltr'><strong>prophetae</strong></span> <span class='ocrx_word' id='word_1_60' title='bbox 490 1301 607 1370; x_wconf 86' lang='lat' dir='ltr'><strong>verba:</strong></span> <span class='ocrx_word' id='word_1_61' title='bbox 641 1300 699 1383; x_wconf 81' lang='lat' dir='ltr'><strong>,In</strong></span> <span class='ocrx_word' id='word_1_62' title='bbox 721 1299 937 1369; x_wconf 83' lang='lat' dir='ltr'><strong>tribulatione</strong></span> <span class='ocrx_word' id='word_1_63' title='bbox 966 1299 1117 1370; x_wconf 84' lang='lat' dir='ltr'><strong>dilatasti</strong></span> <span class='ocrx_word' id='word_1_64' title='bbox 1144 1306 1247 1371; x_wconf 81' lang='lat' dir='ltr'><strong>mihi“</strong></span> <span class='ocrx_word' id='word_1_65' title='bbox 1271 1347 1310 1356; x_wconf 90' lang='lat'><em>-</em></span> 
     </span>
     <span class='ocr_line' id='line_1_11' title="bbox 221 1397 1313 1485; baseline 0.005 -19"><span class='ocrx_word' id='word_1_66' title='bbox 221 1401 324 1485; x_wconf 88' lang='lat' dir='ltr'><strong>magis</strong></span> <span class='ocrx_word' id='word_1_67' title='bbox 345 1401 513 1485; x_wconf 81' lang='lat' dir='ltr'><strong>magisque</strong></span> <span class='ocrx_word' id='word_1_68' title='bbox 534 1399 671 1479; x_wconf 88' lang='lat' dir='ltr'><strong>indies,</strong></span> <span class='ocrx_word' id='word_1_69' title='bbox 700 1405 772 1466; x_wconf 89' lang='lat' dir='ltr'><strong>toto</strong></span> <span class='ocrx_word' id='word_1_70' title='bbox 794 1397 875 1464; x_wconf 90' lang='lat' dir='ltr'><strong>orbe</strong></span> <span class='ocrx_word' id='word_1_71' title='bbox 897 1398 1076 1466; x_wconf 89' lang='lat' dir='ltr'><strong>christiano</strong></span> <span class='ocrx_word' id='word_1_72' title='bbox 1098 1402 1313 1472; x_wconf 85' lang='lat' dir='ltr'><strong>beatissimae</strong></span> 
     </span>
     <span class='ocr_line' id='line_1_12' title="bbox 221 1498 1313 1584; baseline 0.004 -16"><span class='ocrx_word' id='word_1_73' title='bbox 221 1501 364 1584; x_wconf 84' lang='lat' dir='ltr'><strong>Virginis</strong></span> <span class='ocrx_word' id='word_1_74' title='bbox 403 1501 530 1567; x_wconf 90' lang='lat' dir='ltr'><strong>cultum</strong></span> <span class='ocrx_word' id='word_1_75' title='bbox 568 1505 716 1568; x_wconf 77' lang='lat' dir='ltr'><strong>auctum</strong></span> <span class='ocrx_word' id='word_1_76' title='bbox 740 1498 1041 1584; x_wconf 87' lang='lat' dir='ltr'><strong>amplificatumque</strong></span> <span class='ocrx_word' id='word_1_77' title='bbox 1080 1500 1200 1568; x_wconf 86' lang='lat' dir='ltr'><strong>fuisse:</strong></span> <span class='ocrx_word' id='word_1_78' title='bbox 1244 1527 1313 1572; x_wconf 90' lang='lat' dir='ltr'><strong>nou</strong></span> 
     </span>
     <span class='ocr_line' id='line_1_13' title="bbox 222 1599 1389 1683; baseline 0.003 -15"><span class='ocrx_word' id='word_1_79' title='bbox 222 1608 335 1670; x_wconf 87' lang='lat' dir='ltr'><strong>tamen</strong></span> <span class='ocrx_word' id='word_1_80' title='bbox 356 1599 465 1669; x_wconf 86' lang='lat' dir='ltr'><strong>dicere</strong></span> <span class='ocrx_word' id='word_1_81' title='bbox 492 1599 745 1683; x_wconf 85' lang='lat' dir='ltr'><strong>praesumimus,</strong></span> <span class='ocrx_word' id='word_1_82' title='bbox 776 1620 817 1666; x_wconf 90' lang='lat' dir='ltr'><strong>eo·</strong></span> <span class='ocrx_word' id='word_1_83' title='bbox 843 1605 992 1682; x_wconf 87' lang='lat' dir='ltr'><strong>tempore</strong></span> <span class='ocrx_word' id='word_1_84' title='bbox 1020 1600 1211 1668; x_wconf 88' lang='lat' dir='ltr'><strong>institutam</strong></span> <span class='ocrx_word' id='word_1_85' title='bbox 1239 1626 1313 1672; x_wconf 87' lang='lat' dir='ltr'><strong>esse</strong></span> <span class='ocrx_word' id='word_1_86' title='bbox 1388 1615 1389 1656; x_wconf 66' lang='grc'><strong>1</strong></span> 
     </span>
     <span class='ocr_line' id='line_1_14' title="bbox 222 1699 1314 1787; baseline 0.005 -23"><span class='ocrx_word' id='word_1_87' title='bbox 222 1706 429 1784; x_wconf 88' lang='lat' dir='ltr'><strong>praesentem</strong></span> <span class='ocrx_word' id='word_1_88' title='bbox 450 1699 722 1764; x_wconf 83' lang='lat' dir='ltr'><strong>solemnitatem.“</strong></span> <span class='ocrx_word' id='word_1_89' title='bbox 760 1699 943 1777; x_wconf 71' lang='lat' dir='ltr'><strong>dacrion,</strong></span> <span class='ocrx_word' id='word_1_90' title='bbox 966 1699 1193 1781; x_wconf 86' lang='lat' dir='ltr'><strong>apertissimus</strong></span> <span class='ocrx_word' id='word_1_91' title='bbox 1213 1703 1314 1787; x_wconf 87' lang='lat' dir='ltr'><strong>hujus</strong></span> 
     </span>
     <span class='ocr_line' id='line_1_15' title="bbox 223 1797 1314 1882; baseline 0.003 -16"><span class='ocrx_word' id='word_1_92' title='bbox 223 1799 384 1882; x_wconf 85' lang='lat' dir='ltr'><strong>opinionis</strong></span> <span class='ocrx_word' id='word_1_93' title='bbox 404 1805 578 1881; x_wconf 86' lang='lat' dir='ltr'><strong>patronus,</strong></span> <span class='ocrx_word' id='word_1_94' title='bbox 607 1798 656 1864; x_wconf 90' lang='lat' dir='ltr'><strong>ita</strong></span> <span class='ocrx_word' id='word_1_95' title='bbox 685 1797 817 1864; x_wconf 87' lang='lat' dir='ltr'><strong>disserit</strong></span> <span class='ocrx_word' id='word_1_96' title='bbox 825 1801 864 1880; x_wconf 80' lang='grc'><strong>1);</strong></span> <span class='ocrx_word' id='word_1_97' title='bbox 900 1797 1003 1879; x_wconf 84' lang='lat' dir='ltr'><strong>„Mihi</strong></span> <span class='ocrx_word' id='word_1_98' title='bbox 1031 1799 1208 1866; x_wconf 82' lang='lat' dir='ltr'><strong>admodum</strong></span> <span class='ocrx_word' id='word_1_99' title='bbox 1228 1805 1314 1868; x_wconf 90' lang='lat' dir='ltr'><strong>veri-</strong></span> 
     </span>
     <span class='ocr_line' id='line_1_16' title="bbox 223 1896 1315 1985; baseline 0.002 -20"><span class='ocrx_word' id='word_1_100' title='bbox 223 1898 328 1966; x_wconf 86' lang='lat' dir='ltr'><strong>simile</strong></span> <span class='ocrx_word' id='word_1_101' title='bbox 357 1899 415 1977; x_wconf 86' lang='lat' dir='ltr'><strong>sit,</strong></span> <span class='ocrx_word' id='word_1_102' title='bbox 444 1897 601 1982; x_wconf 82' lang='lat' dir='ltr'><strong>Ephesini</strong></span> <span class='ocrx_word' id='word_1_103' title='bbox 630 1904 664 1964; x_wconf 91' lang='lat' dir='ltr'><strong>et</strong></span> <span class='ocrx_word' id='word_1_104' title='bbox 686 1896 961 1963; x_wconf 81' lang='lat' dir='ltr'><strong>Chalcedonensis</strong></span> <span class='ocrx_word' id='word_1_105' title='bbox 989 1897 1126 1963; x_wconf 81' lang='lat' dir='ltr'><strong>Consilii</strong></span> <span class='ocrx_word' id='word_1_106' title='bbox 1157 1903 1315 1985; x_wconf 88' lang='lat' dir='ltr'><strong>tempori·</strong></span> 
     </span>
     <span class='ocr_line' id='line_1_17' title="bbox 222 1995 1314 2081; baseline 0.001 -15"><span class='ocrx_word' id='word_1_107' title='bbox 222 1999 285 2066; x_wconf 88' lang='lat' dir='ltr'><strong>bus</strong></span> <span class='ocrx_word' id='word_1_108' title='bbox 305 1996 458 2066; x_wconf 86' lang='lat' dir='ltr'><strong>Natalem</strong></span> <span class='ocrx_word' id='word_1_109' title='bbox 480 1997 642 2081; x_wconf 88' lang='lat' dir='ltr'><strong>Deiparae</strong></span> <span class='ocrx_word' id='word_1_110' title='bbox 670 1997 757 2062; x_wconf 88' lang='lat' dir='ltr'><strong>iuter</strong></span> <span class='ocrx_word' id='word_1_111' title='bbox 784 1996 854 2062; x_wconf 88' lang='lat' dir='ltr'><strong>dies</strong></span> <span class='ocrx_word' id='word_1_112' title='bbox 875 1995 978 2062; x_wconf 81' lang='lat' dir='ltr'><strong>festos</strong></span> <span class='ocrx_word' id='word_1_113' title='bbox 1001 1996 1163 2063; x_wconf 86' lang='lat' dir='ltr'><strong>celebrari</strong></span> <span class='ocrx_word' id='word_1_114' title='bbox 1191 2007 1226 2066; x_wconf 90' lang='lat' dir='ltr'><strong>et</strong></span> <span class='ocrx_word' id='word_1_115' title='bbox 1247 2002 1314 2067; x_wconf 86' lang='lat' dir='ltr'><strong>coli</strong></span> 
     </span>
     <span class='ocr_line' id='line_1_18' title="bbox 191 2096 1314 2188; baseline -0.001 -21"><span class='ocrx_word' id='word_1_116' title='bbox 191 2134 193 2138; x_wconf 26' lang='lat' dir='ltr'><strong>r</strong></span> <span class='ocrx_word' id='word_1_117' title='bbox 224 2097 379 2180; x_wconf 86' lang='lat' dir='ltr'><strong>coepisse.</strong></span> <span class='ocrx_word' id='word_1_118' title='bbox 422 2096 512 2162; x_wconf 88' lang='lat' dir='ltr'><strong>Tunc</strong></span> <span class='ocrx_word' id='word_1_119' title='bbox 535 2097 622 2162; x_wconf 88' lang='lat' dir='ltr'><strong>euim</strong></span> <span class='ocrx_word' id='word_1_120' title='bbox 643 2097 800 2162; x_wconf 87' lang='lat' dir='ltr'><strong>damnata</strong></span> <span class='ocrx_word' id='word_1_121' title='bbox 826 2103 877 2163; x_wconf 87' lang='lat' dir='ltr'><strong>est</strong></span> <span class='ocrx_word' id='word_1_122' title='bbox 897 2097 1042 2188; x_wconf 86' lang='lat' dir='ltr'><strong>haeresis</strong></span> <span class='ocrx_word' id='word_1_123' title='bbox 1063 2097 1209 2166; x_wconf 89' lang='lat' dir='ltr'><strong>Nestorii</strong></span> <span class='ocrx_word' id='word_1_124' title='bbox 1230 2149 1238 2164; x_wconf 89' lang='lat'><strong>.</strong></span> <span class='ocrx_word' id='word_1_125' title='bbox 1263 2151 1269 2164; x_wconf 95' lang='lat'>.</span> <span class='ocrx_word' id='word_1_126' title='bbox 1294 2151 1314 2180; x_wconf 93' lang='lat'><strong>.,</strong></span> 
     </span>
     <span class='ocr_line' id='line_1_19' title="bbox 224 2194 1315 2280; baseline 0.004 -18"><span class='ocrx_word' id='word_1_127' title='bbox 224 2203 304 2264; x_wconf 87' lang='lat' dir='ltr'><strong>tuno</strong></span> <span class='ocrx_word' id='word_1_128' title='bbox 324 2195 437 2262; x_wconf 89' lang='lat' dir='ltr'><strong>floruit</strong></span> <span class='ocrx_word' id='word_1_129' title='bbox 455 2195 596 2278; x_wconf 73' lang='lat' dir='ltr'><strong>cyrillus</strong></span> <span class='ocrx_word' id='word_1_130' title='bbox 614 2195 863 2274; x_wconf 83' lang='lat' dir='ltr'><strong>Alexandrinus,</strong></span> <span class='ocrx_word' id='word_1_131' title='bbox 883 2195 940 2278; x_wconf 87' lang='lat' dir='ltr'><strong>qui</strong></span> <span class='ocrx_word' id='word_1_132' title='bbox 960 2194 1026 2260; x_wconf 82' lang='lat' dir='ltr'><strong>fuit</strong></span> <span class='ocrx_word' id='word_1_133' title='bbox 1046 2196 1315 2280; x_wconf 88' lang='lat' dir='ltr'><strong>religiosissimus</strong></span> 
     </span>
     <span class='ocr_line' id='line_1_20' title="bbox 223 2295 1317 2378; baseline 0.002 -17"><span class='ocrx_word' id='word_1_134' title='bbox 223 2297 255 2361; x_wconf 91' lang='lat' dir='ltr'><strong>b.</strong></span> <span class='ocrx_word' id='word_1_135' title='bbox 287 2295 431 2378; x_wconf 85' lang='lat' dir='ltr'><strong>Virginis</strong></span> <span class='ocrx_word' id='word_1_136' title='bbox 462 2295 600 2360; x_wconf 78' lang='lat' dir='ltr'><strong>cultor.“</strong></span> <span class='ocrx_word' id='word_1_137' title='bbox 654 2295 715 2360; x_wconf 86' lang='lat' dir='ltr'><strong>Cui</strong></span> <span class='ocrx_word' id='word_1_138' title='bbox 755 2295 938 2360; x_wconf 87' lang='lat' dir='ltr'><strong>sententiae</strong></span> <span class='ocrx_word' id='word_1_139' title='bbox 970 2295 1058 2361; x_wconf 89' lang='lat' dir='ltr'><strong>iuter</strong></span> <span class='ocrx_word' id='word_1_140' title='bbox 1092 2295 1176 2361; x_wconf 85' lang='lat' dir='ltr'><strong>ahos</strong></span> <span class='ocrx_word' id='word_1_141' title='bbox 1212 2298 1317 2363; x_wconf 89' lang='lat' dir='ltr'><strong>etiam</strong></span> 
     </span>
     <span class='ocr_line' id='line_1_21' title="bbox 223 2393 1314 2479; baseline 0 -17"><span class='ocrx_word' id='word_1_142' title='bbox 223 2396 398 2462; x_wconf 88' lang='lat' dir='ltr'><strong>Perrone</strong></span> <span class='ocrx_word' id='word_1_143' title='bbox 438 2393 549 2462; x_wconf 86' lang='lat' dir='ltr'><strong>favere</strong></span> <span class='ocrx_word' id='word_1_144' title='bbox 587 2393 726 2460; x_wconf 89' lang='lat' dir='ltr'><strong>videtur.</strong></span> <span class='ocrx_word' id='word_1_145' title='bbox 788 2393 919 2476; x_wconf 83' lang='lat' dir='ltr'><strong>,Prima</strong></span> <span class='ocrx_word' id='word_1_146' title='bbox 956 2400 1184 2474; x_wconf 89' lang='lat' dir='ltr'><strong>monumenta,</strong></span> <span class='ocrx_word' id='word_1_147' title='bbox 1226 2418 1314 2479; x_wconf 90' lang='lat' dir='ltr'><strong>quae</strong></span> 
     </span>
     <span class='ocr_line' id='line_1_22' title="bbox 225 2492 1318 2579; baseline 0 -19"><span class='ocrx_word' id='word_1_148' title='bbox 225 2495 457 2562; x_wconf 88' lang='lat' dir='ltr'><strong>certitudinem</strong></span> <span class='ocrx_word' id='word_1_149' title='bbox 493 2495 534 2560; x_wconf 93' lang='lat' dir='ltr'><strong>de</strong></span> <span class='ocrx_word' id='word_1_150' title='bbox 571 2493 791 2560; x_wconf 89' lang='lat' dir='ltr'><strong>celebratione</strong></span> <span class='ocrx_word' id='word_1_151' title='bbox 829 2492 861 2558; x_wconf 89' lang='lat' dir='ltr'><strong>b.</strong></span> <span class='ocrx_word' id='word_1_152' title='bbox 893 2492 1037 2576; x_wconf 87' lang='lat' dir='ltr'><strong>Virginis</strong></span> <span class='ocrx_word' id='word_1_153' title='bbox 1074 2499 1167 2558; x_wconf 87' lang='lat' dir='ltr'><strong>ortus</strong></span> <span class='ocrx_word' id='word_1_154' title='bbox 1200 2495 1318 2579; x_wconf 87' lang='lat' dir='ltr'><strong>aliqua</strong></span> 
     </span>
    </p>
   </div>
   <div class='ocr_carea' id='block_1_3' title="bbox 116 2592 1319 2678">
    <p class='ocr_par' dir='ltr' id='par_1_3' title="bbox 116 2592 1319 2678">
     <span class='ocr_line' id='line_1_23' title="bbox 116 2592 1319 2678; baseline -0.002 -16"><span class='ocrx_word' id='word_1_155' title='bbox 116 2657 118 2662; x_wconf 90' lang='lat'><em>.</em></span> <span class='ocrx_word' id='word_1_156' title='bbox 224 2594 437 2678; x_wconf 88' lang='lat' dir='ltr'><strong>suppeditare</strong></span> <span class='ocrx_word' id='word_1_157' title='bbox 464 2593 593 2660; x_wconf 88' lang='lat' dir='ltr'><strong>ratione</strong></span> <span class='ocrx_word' id='word_1_158' title='bbox 620 2593 781 2671; x_wconf 88' lang='lat' dir='ltr'><strong>videntur,</strong></span> <span class='ocrx_word' id='word_1_159' title='bbox 812 2592 964 2676; x_wconf 79' lang='lat' dir='ltr'><strong>inquit,2)</strong></span> <span class='ocrx_word' id='word_1_160' title='bbox 994 2600 1172 2659; x_wconf 86' lang='lat' dir='ltr'><strong>occurrunt</strong></span> <span class='ocrx_word' id='word_1_161' title='bbox 1200 2593 1234 2658; x_wconf 91' lang='lat' dir='ltr'><strong>in</strong></span> <span class='ocrx_word' id='word_1_162' title='bbox 1258 2595 1319 2661; x_wconf 87' lang='lat' dir='ltr'><strong>Sa-</strong></span> 
     </span>
    </p>
   </div>
   <div class='ocr_carea' id='block_1_4' title="bbox 201 2691 1389 3670">
    <p class='ocr_par' dir='ltr' id='par_1_4' title="bbox 201 2691 1389 3670">
     <span class='ocr_line' id='line_1_24' title="bbox 226 2691 1114 2775; baseline -0.002 -17"><span class='ocrx_word' id='word_1_163' title='bbox 226 2693 442 2761; x_wconf 86' lang='lat' dir='ltr'><strong>cramentario</strong></span> <span class='ocrx_word' id='word_1_164' title='bbox 465 2693 648 2771; x_wconf 77' lang='lat' dir='ltr'><strong>Gelasium,</strong></span> <span class='ocrx_word' id='word_1_165' title='bbox 670 2699 746 2775; x_wconf 89' lang='lat' dir='ltr'><strong>post</strong></span> <span class='ocrx_word' id='word_1_166' title='bbox 767 2713 889 2758; x_wconf 90' lang='lat' dir='ltr'><strong>anuum</strong></span> <span class='ocrx_word' id='word_1_167' title='bbox 908 2695 970 2756; x_wconf 77' lang='lat'><strong>492</strong></span> <span class='ocrx_word' id='word_1_168' title='bbox 993 2691 1114 2757; x_wconf 82' lang='lat' dir='ltr'><strong>edito.“</strong></span> 
     </span>
     <span class='ocr_line' id='line_1_25' title="bbox 287 2790 1315 2875; baseline 0.002 -18"><span class='ocrx_word' id='word_1_169' title='bbox 287 2791 472 2857; x_wconf 88' lang='lat' dir='ltr'><strong>Gelasius</strong></span> <span class='ocrx_word' id='word_1_170' title='bbox 503 2792 528 2856; x_wconf 95' lang='grc' dir='ltr'><strong>Ι.</strong></span> <span class='ocrx_word' id='word_1_171' title='bbox 560 2791 651 2875; x_wconf 86' lang='lat' dir='ltr'><strong>Papa</strong></span> <span class='ocrx_word' id='word_1_172' title='bbox 683 2791 899 2858; x_wconf 87' lang='lat' dir='ltr'><strong>Nativitatem</strong></span> <span class='ocrx_word' id='word_1_173' title='bbox 933 2790 966 2854; x_wconf 89' lang='lat' dir='ltr'><strong>b.</strong></span> <span class='ocrx_word' id='word_1_174' title='bbox 998 2790 1142 2874; x_wconf 87' lang='lat' dir='ltr'><strong>Virginis</strong></span> <span class='ocrx_word' id='word_1_175' title='bbox 1176 2793 1315 2875; x_wconf 91' lang='lat' dir='ltr'><strong>proprio</strong></span> 
     </span>
     <span class='ocr_line' id='line_1_26' title="bbox 226 2889 1389 2976; baseline -0.001 -19"><span class='ocrx_word' id='word_1_176' title='bbox 226 2890 336 2961; x_wconf 86' lang='lat' dir='ltr'><strong>Officio</strong></span> <span class='ocrx_word' id='word_1_177' title='bbox 359 2891 493 2960; x_wconf 88' lang='lat' dir='ltr'><strong>donavit</strong></span> <span class='ocrx_word' id='word_1_178' title='bbox 515 2892 649 2976; x_wconf 88' lang='lat' dir='ltr'><strong>ejusque</strong></span> <span class='ocrx_word' id='word_1_179' title='bbox 671 2891 793 2956; x_wconf 84' lang='lat' dir='ltr'><strong>festum</strong></span> <span class='ocrx_word' id='word_1_180' title='bbox 813 2911 873 2974; x_wconf 90' lang='lat' dir='ltr'><strong>pro</strong></span> <span class='ocrx_word' id='word_1_181' title='bbox 895 2895 988 2956; x_wconf 85' lang='lat' dir='ltr'><strong>sexto</strong></span> <span class='ocrx_word' id='word_1_182' title='bbox 1008 2889 1087 2954; x_wconf 88' lang='lat' dir='ltr'><strong>Idus</strong></span> <span class='ocrx_word' id='word_1_183' title='bbox 1110 2889 1319 2972; x_wconf 88' lang='lat' dir='ltr'><strong>Septembris</strong></span> <span class='ocrx_word' id='word_1_184' title='bbox 1388 2889 1389 2938; x_wconf 73' lang='grc'><strong>1</strong></span> 
     </span>
     <span class='ocr_line' id='line_1_27' title="bbox 201 2987 1389 3074; baseline 0 -18"><span class='ocrx_word' id='word_1_185' title='bbox 201 2990 408 3074; x_wconf 81' lang='lat' dir='ltr'><strong>‘signavit.³)</strong></span> <span class='ocrx_word' id='word_1_186' title='bbox 456 2990 495 3055; x_wconf 91' lang='lat' dir='ltr'><strong>Iu</strong></span> <span class='ocrx_word' id='word_1_187' title='bbox 523 2990 778 3058; x_wconf 86' lang='lat' dir='ltr'><strong>sacramentario</strong></span> <span class='ocrx_word' id='word_1_188' title='bbox 807 3010 832 3054; x_wconf 88' lang='lat' dir='ltr'><strong>s.</strong></span> <span class='ocrx_word' id='word_1_189' title='bbox 862 2988 1047 3072; x_wconf 81' lang='lat' dir='ltr'><strong>Gregorii</strong></span> <span class='ocrx_word' id='word_1_190' title='bbox 1072 2987 1116 3052; x_wconf 90' lang='lat' dir='ltr'><strong>M.</strong></span> <span class='ocrx_word' id='word_1_191' title='bbox 1146 3010 1247 3071; x_wconf 86' lang='lat' dir='ltr'><strong>porro</strong></span> <span class='ocrx_word' id='word_1_192' title='bbox 1276 2990 1316 3056; x_wconf 91' lang='lat' dir='ltr'><strong>V.</strong></span> <span class='ocrx_word' id='word_1_193' title='bbox 1388 3001 1389 3006; x_wconf 77' lang='grc'>’</span> 
     </span>
     <span class='ocr_line' id='line_1_28' title="bbox 225 3086 1317 3173; baseline 0 -19"><span class='ocrx_word' id='word_1_194' title='bbox 225 3089 303 3155; x_wconf 89' lang='lat' dir='ltr'><strong>Idus</strong></span> <span class='ocrx_word' id='word_1_195' title='bbox 333 3086 534 3172; x_wconf 87' lang='lat' dir='ltr'><strong>Septembris</strong></span> <span class='ocrx_word' id='word_1_196' title='bbox 562 3089 698 3173; x_wconf 89' lang='lat' dir='ltr'><strong>legitur:</strong></span> <span class='ocrx_word' id='word_1_197' title='bbox 732 3086 916 3171; x_wconf 80' lang='lat' dir='ltr'><strong>,Nativitas</strong></span> <span class='ocrx_word' id='word_1_198' title='bbox 944 3109 969 3153; x_wconf 90' lang='lat' dir='ltr'><strong>s.</strong></span> <span class='ocrx_word' id='word_1_199' title='bbox 991 3087 1116 3153; x_wconf 85' lang='lat' dir='ltr'><strong>Mariae</strong></span> <span class='ocrx_word' id='word_1_200' title='bbox 1136 3087 1317 3171; x_wconf 83' lang='lat' dir='ltr'><strong>Virginis.“</strong></span> 
     </span>
     <span class='ocr_line' id='line_1_29' title="bbox 226 3185 1389 3272; baseline -0.003 -16"><span class='ocrx_word' id='word_1_201' title='bbox 226 3187 287 3256; x_wconf 84' lang='lat' dir='ltr'><strong>Ille</strong></span> <span class='ocrx_word' id='word_1_202' title='bbox 320 3209 377 3256; x_wconf 87' lang='lat' dir='ltr'><strong>sex</strong></span> <span class='ocrx_word' id='word_1_203' title='bbox 412 3188 593 3267; x_wconf 85' lang='lat' dir='ltr'><strong>orationes,</strong></span> <span class='ocrx_word' id='word_1_204' title='bbox 634 3208 773 3272; x_wconf 88' lang='lat' dir='ltr'><strong>quarum</strong></span> <span class='ocrx_word' id='word_1_205' title='bbox 811 3193 880 3252; x_wconf 87' lang='lat' dir='ltr'><strong>tres</strong></span> <span class='ocrx_word' id='word_1_206' title='bbox 918 3185 1081 3269; x_wconf 88' lang='lat' dir='ltr'><strong>hodieque</strong></span> <span class='ocrx_word' id='word_1_207' title='bbox 1120 3186 1316 3265; x_wconf 84' lang='lat' dir='ltr'><strong>recitantur,</strong></span> <span class='ocrx_word' id='word_1_208' title='bbox 1388 3195 1389 3204; x_wconf 78' lang='grc'>’</span> 
     </span>
     <span class='ocr_line' id='line_1_30' title="bbox 225 3284 1318 3372; baseline -0.001 -19"><span class='ocrx_word' id='word_1_209' title='bbox 225 3309 285 3372; x_wconf 88' lang='lat' dir='ltr'><strong>pro</strong></span> <span class='ocrx_word' id='word_1_210' title='bbox 317 3288 419 3359; x_wconf 80' lang='lat' dir='ltr'><strong>Missa</strong></span> <span class='ocrx_word' id='word_1_211' title='bbox 449 3287 640 3355; x_wconf 83' lang='lat' dir='ltr'><strong>Natiuitatis</strong></span> <span class='ocrx_word' id='word_1_212' title='bbox 674 3287 710 3352; x_wconf 93' lang='lat' dir='ltr'><strong>B.</strong></span> <span class='ocrx_word' id='word_1_213' title='bbox 744 3285 786 3352; x_wconf 79' lang='grc'><strong>111</strong></span> <span class='ocrx_word' id='word_1_214' title='bbox 819 3285 857 3351; x_wconf 88' lang='lat' dir='ltr'><strong>V.</strong></span> <span class='ocrx_word' id='word_1_215' title='bbox 896 3285 1089 3369; x_wconf 87' lang='lat' dir='ltr'><strong>composuit.</strong></span> <span class='ocrx_word' id='word_1_216' title='bbox 1148 3285 1180 3352; x_wconf 90' lang='lat' dir='ltr'><strong>S.</strong></span> <span class='ocrx_word' id='word_1_217' title='bbox 1212 3284 1318 3352; x_wconf 60' lang='grc'><strong>11118-</strong></span> 
     </span>
     <span class='ocr_line' id='line_1_31' title="bbox 225 3384 1318 3470; baseline 0.002 -20"><span class='ocrx_word' id='word_1_218' title='bbox 225 3386 402 3470; x_wconf 89' lang='lat' dir='ltr'><strong>phousus</strong></span> <span class='ocrx_word' id='word_1_219' title='bbox 429 3387 607 3453; x_wconf 86' lang='lat' dir='ltr'><strong>Toletanus</strong></span> <span class='ocrx_word' id='word_1_220' title='bbox 627 3408 740 3453; x_wconf 90' lang='lat' dir='ltr'><strong>versus</strong></span> <span class='ocrx_word' id='word_1_221' title='bbox 768 3407 890 3452; x_wconf 88' lang='lat' dir='ltr'><strong>anuum</strong></span> <span class='ocrx_word' id='word_1_222' title='bbox 912 3391 973 3452; x_wconf 79' lang='lat' dir='ltr'><strong>eto</strong></span> <span class='ocrx_word' id='word_1_223' title='bbox 993 3384 1113 3450; x_wconf 84' lang='lat' dir='ltr'><strong>florens</strong></span> <span class='ocrx_word' id='word_1_224' title='bbox 1133 3385 1318 3452; x_wconf 83' lang='lat' dir='ltr'><strong>clarissime</strong></span> 
     </span>
     <span class='ocr_line' id='line_1_32' title="bbox 227 3485 1318 3570; baseline 0 -20"><span class='ocrx_word' id='word_1_225' title='bbox 227 3485 316 3566; x_wconf 89' lang='lat' dir='ltr'><strong>dicit,</strong></span> <span class='ocrx_word' id='word_1_226' title='bbox 339 3486 554 3554; x_wconf 88' lang='lat' dir='ltr'><strong>Nativitatem</strong></span> <span class='ocrx_word' id='word_1_227' title='bbox 574 3486 606 3551; x_wconf 91' lang='lat' dir='ltr'><strong>b.</strong></span> <span class='ocrx_word' id='word_1_228' title='bbox 628 3487 771 3570; x_wconf 90' lang='lat' dir='ltr'><strong>Virginis</strong></span> <span class='ocrx_word' id='word_1_229' title='bbox 794 3508 834 3551; x_wconf 87' lang='lat' dir='ltr'><strong>ex</strong></span> <span class='ocrx_word' id='word_1_230' title='bbox 856 3485 1055 3552; x_wconf 88' lang='lat' dir='ltr'><strong>auctoritate</strong></span> <span class='ocrx_word' id='word_1_231' title='bbox 1076 3485 1181 3551; x_wconf 90' lang='lat' dir='ltr'><strong>totius</strong></span> <span class='ocrx_word' id='word_1_232' title='bbox 1201 3485 1318 3551; x_wconf 80' lang='lat' dir='ltr'><strong>Eccle-</strong></span> 
     </span>
     <span class='ocr_line' id='line_1_33' title="bbox 226 3584 1316 3670; baseline 0.001 -20"><span class='ocrx_word' id='word_1_233' title='bbox 226 3585 294 3650; x_wconf 90' lang='lat' dir='ltr'><strong>siae</strong></span> <span class='ocrx_word' id='word_1_234' title='bbox 323 3585 491 3651; x_wconf 87' lang='lat' dir='ltr'><strong>celebrari.</strong></span> <span class='ocrx_word' id='word_1_235' title='bbox 535 3586 725 3670; x_wconf 75' lang='lat' dir='ltr'><strong>,Quomodo</strong></span> <span class='ocrx_word' id='word_1_236' title='bbox 755 3585 882 3669; x_wconf 90' lang='lat' dir='ltr'><strong>Spiritu</strong></span> <span class='ocrx_word' id='word_1_237' title='bbox 910 3590 1023 3650; x_wconf 87' lang='lat' dir='ltr'><strong>sancto</strong></span> <span class='ocrx_word' id='word_1_238' title='bbox 1053 3604 1125 3650; x_wconf 87' lang='lat' dir='ltr'><strong>eam</strong></span> <span class='ocrx_word' id='word_1_239' title='bbox 1153 3584 1316 3669; x_wconf 89' lang='lat' dir='ltr'><strong>replente,</strong></span> 
     </span>
    </p>
   </div>
   <div class='ocr_carea' id='block_1_5' title="bbox 231 3742 427 3752">
    <p class='ocr_par' dir='ltr' id='par_1_5' title="bbox 231 3742 427 3752">
     <span class='ocr_line' id='line_1_34' title="bbox 231 3742 427 3752; baseline 0.01 -2"><span class='ocrx_word' id='word_1_240' title='bbox 231 3742 427 3752; x_wconf 80' lang='lat'><strong>-—-—</strong></span> 
     </span>
    </p>
   </div>
   <div class='ocr_carea' id='block_1_6' title="bbox 224 3831 1316 4062">
    <p class='ocr_par' dir='ltr' id='par_1_6' title="bbox 224 3831 1316 4062">
     <span class='ocr_line' id='line_1_35' title="bbox 293 3831 1316 3904; baseline 0.001 -18"><span class='ocrx_word' id='word_1_241' title='bbox 293 3832 313 3898; x_wconf 86' lang='lat'><strong>¹)</strong></span> <span class='ocrx_word' id='word_1_242' title='bbox 335 3831 366 3887; x_wconf 88' lang='lat' dir='ltr'><strong>L.</strong></span> <span class='ocrx_word' id='word_1_243' title='bbox 390 3849 414 3888; x_wconf 87' lang='lat' dir='ltr'><strong>c.</strong></span> <span class='ocrx_word' id='word_1_244' title='bbox 437 3848 501 3903; x_wconf 80' lang='lat' dir='ltr'><strong>pag.</strong></span> <span class='ocrx_word' id='word_1_245' title='bbox 525 3834 567 3888; x_wconf 79' lang='lat'><strong>53.</strong></span> <span class='ocrx_word' id='word_1_246' title='bbox 590 3836 624 3889; x_wconf 81' lang='lat' dir='ltr'><strong>A.</strong></span> <span class='ocrx_word' id='word_1_247' title='bbox 665 3834 687 3901; x_wconf 77' lang='lat'><strong>²)</strong></span> <span class='ocrx_word' id='word_1_248' title='bbox 710 3834 752 3888; x_wconf 90' lang='lat' dir='ltr'><strong>De</strong></span> <span class='ocrx_word' id='word_1_249' title='bbox 776 3833 957 3888; x_wconf 85' lang='lat' dir='ltr'><strong>immaculato</strong></span> <span class='ocrx_word' id='word_1_250' title='bbox 980 3833 1011 3888; x_wconf 88' lang='lat' dir='ltr'><strong>B.</strong></span> <span class='ocrx_word' id='word_1_251' title='bbox 1033 3833 1073 3889; x_wconf 85' lang='lat' dir='ltr'><strong>M.</strong></span> <span class='ocrx_word' id='word_1_252' title='bbox 1096 3832 1221 3904; x_wconf 81' lang='lat' dir='ltr'><strong>Virginis</strong></span> <span class='ocrx_word' id='word_1_253' title='bbox 1247 3847 1316 3888; x_wconf 85' lang='lat' dir='ltr'><strong>ccu-</strong></span> 
     </span>
     <span class='ocr_line' id='line_1_36' title="bbox 224 3914 1316 4052; baseline 0 -82"><span class='ocrx_word' id='word_1_254' title='bbox 224 3918 325 4049; x_wconf 62' lang='lat' dir='ltr'><strong>iipbhl</strong></span> <span class='ocrx_word' id='word_1_255' title='bbox 351 3914 472 4052; x_wconf 57' lang='lat' dir='ltr'><strong>idm</strong></span> <span class='ocrx_word' id='word_1_256' title='bbox 496 3917 560 3972; x_wconf 79' lang='lat'>1858</span> <span class='ocrx_word' id='word_1_257' title='bbox 583 3933 647 3986; x_wconf 85' lang='lat' dir='ltr'><strong>pag.</strong></span> <span class='ocrx_word' id='word_1_258' title='bbox 668 3919 726 3972; x_wconf 81' lang='lat'><strong>247.</strong></span> <span class='ocrx_word' id='word_1_259' title='bbox 768 3916 789 3984; x_wconf 84' lang='lat'><strong>³)</strong></span> <span class='ocrx_word' id='word_1_260' title='bbox 811 3916 866 3972; x_wconf 82' lang='lat' dir='ltr'><strong>ou.</strong></span> <span class='ocrx_word' id='word_1_261' title='bbox 891 3915 983 3985; x_wconf 83' lang='lat' dir='ltr'><strong>Opera</strong></span> <span class='ocrx_word' id='word_1_262' title='bbox 1006 3933 1030 3971; x_wconf 87' lang='lat' dir='ltr'><strong>s.</strong></span> <span class='ocrx_word' id='word_1_263' title='bbox 1051 3916 1181 3986; x_wconf 83' lang='lat' dir='ltr'><strong>Gregorii</strong></span> <span class='ocrx_word' id='word_1_264' title='bbox 1201 3914 1240 3970; x_wconf 78' lang='grc'><strong>11.</strong></span> <span class='ocrx_word' id='word_1_265' title='bbox 1264 3915 1316 3970; x_wconf 88' lang='lat' dir='ltr'><strong>lib.</strong></span> 
     </span>
     <span class='ocr_line' id='line_1_37' title="bbox 257 4035 391 4062; baseline 0 -10"><span class='ocrx_word' id='word_1_266' title='bbox 257 4035 264 4062; x_wconf 95' lang='lat'><strong>,</strong></span> <span class='ocrx_word' id='word_1_267' title='bbox 327 4037 333 4051; x_wconf 93' lang='lat'>.</span> <span class='ocrx_word' id='word_1_268' title='bbox 384 4037 391 4052; x_wconf 87' lang='lat'><strong>.</strong></span> 
     </span>
    </p>
   </div>
   <div class='ocr_carea' id='block_1_7' title="bbox 0 0 1406 4554">
    <p class='ocr_par' dir='ltr' id='par_1_7' title="bbox 0 0 1406 4554">
     <span class='ocr_line' id='line_1_38' title="bbox 0 0 1406 4554; baseline 0 0"><span class='ocrx_word' id='word_1_269' title='bbox 0 0 1406 4554; x_wconf 95' lang='lat' dir='ltr'><strong> </strong></span> 
     </span>
    </p>
   </div>
  </div>
 </body>
</html>
