2718 4556
752 375 812 462 nic

239 541 385 606 dentiam
406 539 475 621 ejus
498 537 592 619 digne
615 542 726 618 posset
748 533 946 612 describere,
975 534 1031 616 qui
1052 534 1299 616 pretiosissimum

238 640 429 706 thesaurum
450 636 576 702 tamdiu
595 634 771 699 custodivit
791 633 1014 698 anxiosissime
1035 655 1074 698 ac
1091 656 1207 717 panem
1224 633 1301 697 illum

238 740 414 814 viventem,
449 736 488 800 de
521 733 610 800 coelo
644 732 894 797 descendentem
921 738 990 796 tam
1022 731 1100 811 sibi,
1134 755 1228 816 quam
1250 733 1302 797 toti

240 838 361 903 mundo
389 833 608 900 conservarit!
642 831 988 897 Convenientissimum
1013 831 1144 896 videtur
1168 831 1226 896 hoo
1248 852 1301 896 ma·

202 927 204 932 ¹
238 936 429 1003 trimonium
557 948 562 958 '

301 1035 359 1099 HI.
393 1037 548 1114 exparte
569 1029 721 1094 Matris.
1076 1107 1078 1112 Ι

300 1155 329 1198 a.
364 1132 462 1210 Quia
483 1151 553 1213 per
573 1128 869 1193 matrimonium
891 1127 1076 1192 redditur
1097 1129 1300 1193 immunisa

238 1254 378 1316 poena,
409 1251 474 1313 ,ne
504 1228 665 1293 scilicet
690 1227 947 1309 lapidaretur
975 1227 1179 1293 aJudaeis
1207 1248 1301 1311 quam

238 1329 460 1407 adultera,“
490 1335 529 1392 ut
555 1349 579 1391 a.
607 1326 908 1409 Hieronymum)
938 1326 1026 1391 dicit.
1071 1327 1136 1392 Sed
1159 1326 1299 1411 quomodo

237 1429 379 1514 lapidari
400 1428 524 1511 potuit,
555 1447 655 1509 quum
684 1447 738 1504 ea,
769 1446 854 1508 quae
876 1425 1020 1490 nondum
1040 1432 1145 1509 nupta
1167 1431 1229 1504 est,
1254 1443 1300 1488 neo

237 1531 389 1596 adultera
412 1548 481 1592 esse
498 1525 627 1591 valeat?
650 1525 684 1590 Si
707 1546 782 1607 ergo
799 1525 898 1608 Virgo
916 1526 1056 1609 innupta
1077 1526 1183 1592 electa
1202 1525 1300 1590 fuisset

237 1637 343 1696 mater
380 1626 526 1703 Domini,
569 1630 607 1689 ut
644 1624 832 1690 adultera
870 1625 1011 1708 lapidari
1047 1646 1113 1689 non
1148 1625 1300 1708 potuisset,

237 1729 370 1796 tametsi
390 1726 517 1790 foetum
538 1731 670 1789 uterum
691 1730 830 1806 gestans.

298 1828 350 1891 Ad
371 1824 549 1891 tollendam
573 1823 658 1888 hanc
684 1821 910 1887 difficultatem
939 1822 1073 1905 quidam
1099 1827 1300 1899 asseruerunt,

237 1950 260 1992 s.
283 1926 517 2008 Hieronymum
539 1923 578 1987 de
600 1921 800 2005 lapidatione
822 1921 976 1986 infamiae
998 1923 1166 2004 cogitasse.
1208 1923 1301 1988 Talem

237 2047 312 2090 vero
345 2045 475 2089 sensum
507 2045 531 2086 s.
561 2021 750 2104 Hieronymi
784 2021 891 2087 verbis
922 2043 988 2085 non
1020 2023 1206 2102 convenire,
1236 2021 1301 2088 satis

238 2129 384 2207 apparet.
429 2121 495 2185 Alii
522 2120 756 2204 opinabantur,
786 2142 810 2186 s.
834 2120 1024 2203 Deiparam,
1055 2121 1084 2186 si
1104 2122 1239 2206 innupta
1258 2142 1305 2204 pe·-

237 2223 390 2306 perisset,
424 2220 606 2303 lapidatam
638 2241 721 2298 esse,
756 2219 834 2302 quia
865 2219 905 2284 de
938 2219 1040 2302 stirpe
1069 2221 1178 2287 Aaron
1208 2221 1299 2286 fuerit

237 2322 301 2388 Sed
328 2321 389 2385 hoc
417 2320 553 2399 falsum3
585 2340 661 2384 nam
688 2320 719 2383 b.
742 2319 840 2400 Virgo
869 2339 934 2383 non
963 2340 1003 2382 ex
1031 2320 1121 2385 tribu
1142 2321 1231 2401 Levi,
1256 2318 1300 2384 sed

237 2443 277 2485 ex
298 2421 388 2485 tribu
409 2420 508 2498 Juda,
536 2441 576 2483 ex
596 2418 735 2484 daronis
764 2417 889 2482 familia
917 2419 1033 2501 erati)
1076 2420 1186 2486 Posito
1209 2421 1300 2494 etiam,

236 2520 325 2603 quod
347 2541 386 2584 ex
407 2519 497 2584 tribu
518 2517 620 2583 fuerit
641 2518 734 2596 Levi,
764 2518 794 2582 b.
817 2516 916 2600 Virgo
938 2524 1097 2601 tanquam
1118 2519 1186 2585 filia
1208 2521 1301 2587 Sacer-

237 2619 322 2684 dotis
340 2625 476 2702 propter
493 2624 643 2700 stuprum
663 2638 729 2681 non
749 2616 905 2699 lapidata,
925 2616 983 2682 sed
1000 2619 1172 2685 combusta
1191 2619 1300 2684 fuisset.
1350 2665 1351 2670 η

234 2717 371 2801 Legitur
399 2718 538 2798 enimz4)
571 2711 778 2797 ,Sacerdotis
810 2713 895 2794 filia,
929 2716 956 2780 si
984 2714 1187 2801 deprehensa
1217 2717 1301 2784 fuerit

236 2819 271 2882 in
294 2825 422 2900 stupro,
446 2816 671 2884 etviolaverit
692 2837 811 2880 nomen
831 2817 935 2898 patris
957 2817 1023 2895 sui,
1045 2816 1185 2884 flammis
1206 2837 1302 2883 exure

144 2959 146 2964 -
235 2916 321 2979 1111.ιί
370 2914 604 2980 Difficultatem
631 2915 715 2978 hanc
745 2914 866 2997 optime
896 2915 992 2980 solvit
1021 2916 1172 2982 Doctor
1198 2919 1301 2998 Ange·

234 3015 352 3094 licus3
362 3016 388 3098 ⁵)
410 3034 486 3078 nam
504 3035 570 3077 non
583 3013 689 3078 solum
702 3035 749 3092 ea,
764 3035 848 3096 quae
864 3013 1069 3097 desponsata,
1092 3016 1302 3082 committebat

236 3113 452 3190 adulterium,
476 3113 533 3176 sed
559 3114 659 3178 etiam
679 3114 785 3196 virgo,
809 3114 947 3197 quaein
970 3114 1065 3179 domo
1086 3118 1191 3199 patris
1210 3121 1302 3181 custo

234 3211 305 3276 dita
334 3211 575 3292 fornicabatur,
611 3219 780 3295 tamquam
814 3213 965 3278 adultera
995 3215 1106 3297 puniri
1140 3215 1300 3281 consuevit.

234 3309 454 3375 Confirmatur
474 3311 556 3376 haec
577 3312 687 3395 opinio
710 3333 750 3376 ex
772 3312 1076 3396 Deuteronomiotl)
1105 3314 1161 3398 ,Si
1181 3336 1241 3380 non
1261 3316 1302 3376 est

233 3408 268 3471 in
290 3409 399 3491 puella
421 3410 553 3476 inventa
573 3411 742 3494 virginitas
762 3461 768 3474 .
788 3461 795 3474 .
814 3461 821 3475 .
842 3461 848 3474 .
867 3412 1033 3494 lapidibus
1055 3414 1194 3479 obruent
1215 3409 1301 3495 (ean)

234 3507 295 3571 viri
317 3509 458 3574 civitatis
480 3510 568 3575 illius
601 3517 635 3575 et
663 3511 836 3590 morietur,
874 3513 1027 3594 quoniam
1055 3513 1135 3579 fecit
1163 3513 1250 3578 nefas
1274 3511 1301 3573 in

234 3605 350 3686 Israel,
381 3615 419 3673 ut
445 3609 665 3675 fornicaretur
693 3611 728 3674 in
755 3611 850 3675 domo
877 3612 981 3694 patris
1010 3612 1091 3676 1111(ί
1134 3613 1206 3678 Non
1226 3609 1301 3682 dicit,

301 3857 320 3923 ¹)
338 3856 371 3909 In
389 3857 410 3910 Ι.
427 3857 494 3912 Luc.
528 3859 550 3924 ²)
570 3858 602 3913 In
621 3857 641 3912 l.
660 3857 773 3914 Marcu:
799 3861 889 3928 Quum
912 3865 986 3914 esset
1003 3860 1176 3930 desponsata.
1218 3863 1238 3927 ³)
1254 3857 1300 3913 Clr.

234 3938 374 4076 {opnvlgd
392 3940 527 3995 adHebr.
560 3941 581 4008 ⁴)
600 3941 688 3996 Levit.
707 3941 780 4007 XXI,
798 3944 823 3999 9.
856 3943 877 4009 ⁵)
895 3943 926 3998 L.
944 3959 967 3997 c.
983 3944 1126 3998 inalad
1139 3946 1163 3997 4.
1195 3943 1217 4037 61
1232 3943 1301 3996 Dent

316 4061 322 4087 ‚
375 4062 381 4076 .
