2782 4554
779 339 842 400 480

269 519 421 585 expresse
456 499 622 565 asseritur.
678 497 729 562 Ex
760 518 824 580 quo
859 496 932 562 luca
969 497 1088 562 clarius
1123 505 1233 582 patet,
1263 501 1331 583 „Dei

268 598 463 677 Ecclesiam,
495 603 534 662 ut
561 596 725 661 Barcnii
738 597 762 678 ¹)
794 601 927 661 utamur
954 595 1075 676 verbis,
1104 598 1332 681 propensiorem

269 697 305 762 in
335 718 408 763 eam
435 702 563 780 partem
579 695 712 773 uideri,
745 700 784 760 ut
811 716 878 759 una
909 715 983 760 cum
1014 715 1151 778 corpore
1182 705 1333 782 assumpta

269 797 314 863 sit
347 797 382 861 in
421 795 556 861 coelum.
614 793 698 859 Nam
735 794 769 859 in
804 793 901 878 hujus
940 794 1005 859 diei
1044 793 1238 861 celebritate
1272 797 1332 862 illas

269 901 457 961 sanctorum
475 893 609 959 Patrum
629 893 780 958 homilias
800 892 954 976 legendas
974 893 1086 972 tradit,
1107 894 1228 978 quibus
1249 917 1284 960 es
1301 895 1332 960 de

269 993 500 1076 Assumptione
521 991 752 1057 affirmantur.“
791 991 868 1058 Ideo
891 991 990 1057 etiam
1008 991 1191 1058 audiuntur
1208 994 1332 1058 cantica:

270 1093 467 1174 „Assumpta
485 1096 535 1156 est
551 1090 656 1156 Maria
674 1092 707 1156 in
725 1091 860 1170 coelum,
878 1090 1022 1174 gaudent
1037 1090 1162 1174 Angeli,
1180 1092 1332 1158 laudantes

269 1189 466 1255 benedicunt
487 1189 670 1254 Dominum.
710 1189 816 1254 Maria
836 1195 1004 1273 assumpta
1025 1194 1077 1256 est
1097 1190 1141 1255 ad
1161 1191 1332 1256 aethereum

270 1288 459 1368 thalamum,
481 1288 515 1352 in
537 1309 600 1372 quo
619 1288 690 1352 Rex
706 1287 831 1370 Regum
852 1287 984 1353 stellato
1006 1288 1099 1354 sedet
1119 1289 1213 1354 solio.
1252 1288 1331 1354 Exul·

269 1394 343 1454 tata
363 1394 414 1453 est
434 1393 549 1453 sancta
569 1386 632 1451 Dei
652 1385 803 1452 Genitrix
828 1407 926 1470 super
947 1385 1063 1453 choros
1083 1387 1278 1471 Angelorum
1299 1385 1332 1454 ad

271 1485 427 1551 coelestia
447 1485 577 1568 regna.“
765 1567 770 1576 ¹

331 1583 398 1649 Nec
420 1583 572 1649 dissentit
593 1583 775 1648 Ecclesia
794 1603 938 1667 graeca
958 1584 992 1648 in
1014 1583 1143 1668 Synodo
1164 1584 1332 1667 Hierosoly·

270 1683 394 1748 mitana
415 1683 569 1748 adversus
591 1680 785 1748 calvinistes
813 1703 899 1747 anno
923 1687 1001 1747 1672
1021 1682 1138 1750 habita
1160 1684 1202 1750 <le
1225 1685 1254 1750 b.
1274 1684 1332 1748 Vir-

270 1783 345 1866 gine
366 1781 538 1866 profitens:
572 1780 668 1865 „Ipsa
689 1787 741 1846 est
760 1781 876 1864 procul
897 1780 997 1847 (lubio
1019 1783 1238 1862 sanctissima,
1264 1802 1333 1866 quae

270 1901 423 1964 magnum
445 1880 480 1944 in
497 1886 587 1945 terra
608 1881 734 1964 signum
755 1902 855 1965 quum
877 1881 1050 1960 exstiterit,
1069 1903 1117 1962 ec,
1138 1883 1227 1966 qnod
1245 1883 1332 1947 Deum

270 1980 309 2050 in
334 2000 431 2044 carne
459 1979 572 2062 genuit
600 1986 735 2062 etpost
762 1985 895 2063 partum
922 1980 1133 2064 integerrima
1152 1982 1249 2064 Virgo
1273 2000 1333 2064 per·

270 2079 398 2158 mansit,
418 2083 507 2142 recte
529 2078 629 2143 etiam
650 2079 777 2162 signum
799 2099 868 2144 esse
887 2079 1007 2143 dicitur
1028 2079 1063 2144 in
1084 2080 1184 2160 coelo,
1205 2101 1241 2145 eo
1261 2077 1333 2164 quod

270 2177 343 2260 ipsa
369 2198 443 2242 cnm
471 2197 607 2260 corpore
635 2184 803 2260 assumpta
831 2178 936 2243 estin
962 2178 1097 2242 coelum.
1140 2178 1185 2243 Et
1207 2177 1333 2262 quamvis

271 2276 458 2342 conclusum
485 2276 520 2339 in
540 2275 688 2359 sepulcro
716 2275 818 2341 fuerit
837 2276 1083 2342 immaculatum
1109 2277 1253 2360 corporis
1277 2275 1333 2358 ejus

270 2375 533 2454 tabernaculum,
562 2375 596 2438 in
623 2376 749 2440 coelum
774 2381 900 2455 tamen,
928 2376 980 2440 nti
1001 2375 1149 2441 Christus
1170 2374 1277 2441 luerat
1293 2394 1332 2438 as-

234 2499 236 2505 ’
271 2481 428 2558 sumptus,
450 2475 550 2540 tertio
572 2480 606 2539 et
626 2475 698 2556 ipsa
719 2474 771 2539 die
791 2475 826 2540 in
848 2474 973 2540 coelum
994 2474 1177 2557 migravit.“

332 2572 447 2637 Nonne
469 2594 545 2661 ergo
574 2574 695 2656 optima
713 2574 787 2657 jure
816 2596 890 2640 cum
912 2573 1078 2639 Cardinali
1100 2574 1247 2658 Gotti2)
1273 2593 1332 2638 con·

271 2671 406 2736 tendere
433 2693 620 2764 possumus:
653 2672 845 2756 „Communi
865 2672 1030 2738 Ecclesiae
1048 2672 1183 2756 judicio,
1214 2671 1332 2758 quaein

206 2825 209 2834 .
271 2771 369 2837 simili
390 2772 529 2838 materia
549 2793 658 2837 errare
678 2794 745 2836 non
761 2779 880 2856 potest,
899 2793 1055 2856 corporea
1075 2771 1194 2836 beatae
1210 2769 1331 2855 Virginis

271 2869 459 2954 Assumptic
480 2870 617 2936 colenda
636 2871 766 2955 publice
787 2872 1021 2956 proponitur?“
1034 2873 1060 2954 3)
1101 2869 1277 2936 Probamus

334 2973 362 3033 2.
396 2989 442 3034 ex
470 2990 515 3034 ss.
544 2969 705 3035 Patr-um
733 2970 999 3036 Auctoritate.

333 3067 555 3132 Vetustissimi
595 3069 779 3156 primaevae
821 3069 986 3134 Ecclesiae
1028 3068 1143 3134 Patras
1192 3067 1331 3134 siluerunt

273 3165 404 3249 quidem
431 3171 575 3231 testante
603 3168 782 3232 Benedicta
805 3167 881 3234 XIV
883 3169 935 3251 .‚³)
968 3168 1008 3233 de
1036 3168 1199 3252 corporali
1224 3168 1255 3233 b.
1274 3165 1331 3230 Vir·

271 3263 355 3346 ginis
376 3263 614 3347 Assumptione‚
637 3265 715 3330 dum
735 3266 841 3331 medio
863 3267 936 3331 aevi
962 3274 1212 3352 postremaeque
1233 3263 1331 3332 aetatis

271 3362 385 3427 Patres
414 3363 523 3445 graeci
555 3371 590 3430 et
615 3364 710 3430 latini
737 3365 967 3431 dissertissime
996 3387 1068 3432 eam
1095 3366 1241 3432 tradunt.
1278 3361 1331 3428 Nec

271 3460 333 3526 hoc
354 3461 473 3526 mirum
494 3463 658 3546 profecto!
681 3464 888 3530 Exstiterunt
909 3464 995 3530 enim
1012 3465 1177 3548 prioribus
1199 3458 1331 3546 tempori-

270 3559 332 3625 bus
361 3559 535 3640 haeretici,
568 3561 656 3627 inter
688 3584 769 3645 quos
800 3562 970 3646 speciatim
999 3562 1264 3647 Collyridiani
1289 3558 1331 3624 dc

275 3665 401 3738 centes,
434 3659 466 3724 b.
495 3661 662 3745 Virginem
694 3661 822 3727 divinae
849 3660 950 3727 luisse
977 3667 1116 3728 naturae
1149 3668 1247 3746 atque
1273 3657 1330 3723 idco

312 3891 315 3899 '
339 3891 359 3958 ¹)
376 3890 408 3944 ln
429 3891 510 3947 Notis
533 3891 569 3946 ad
590 3891 733 3961 Martyrol.
751 3893 823 3948 Rom
845 3892 882 3946 ad
900 3894 939 3947 15.
956 3893 1028 3962 Aug.
1067 3893 1089 3959 ²)
1106 3891 1148 3946 De
1169 3891 1246 3948 veriI
1264 3883 1326 3954 relig.

273 3969 372 4028 (Μή
389 3979 455 4030 tom.
473 3975 522 4041 IV·
540 3993 568 4044 Ρ·
585 3974 622 4042 11,
639 3992 682 4046 cp.
699 3978 730 4030 41
749 3975 774 4045 §-
789 3979 814 4032 2.
848 3975 917 4044 ⁸)1..
935 3992 958 4032 c.
976 3992 1019 4046 cp.
1037 3975 1114 4043 VIII,
1130 3993 1158 4032 n.
1175 3976 1216 4032 75.
